Local time,Ask,Bid,AskVolume,BidVolume
19.03.2014 00:00:00.912 GMT-0000,1.3929500000000001,1.39293,4.32,1
19.03.2014 00:00:02.181 GMT-0000,1.3929500000000001,1.39293,1,1.38
19.03.2014 00:00:02.637 GMT-0000,1.3929799999999999,1.3929500000000001,3.79,1.13
19.03.2014 00:00:03.138 GMT-0000,1.3929600000000002,1.3929500000000001,1,1.88
19.03.2014 00:00:04.539 GMT-0000,1.39299,1.3929600000000002,1.13,2.5
19.03.2014 00:00:04.741 GMT-0000,1.3930200000000001,1.39299,3.94,1
19.03.2014 00:00:04.893 GMT-0000,1.39303,1.39301,2.07,1.5
19.03.2014 00:00:05.096 GMT-0000,1.3930500000000001,1.39301,6.57,1.88
19.03.2014 00:00:05.350 GMT-0000,1.3930500000000001,1.39303,5.82,1
19.03.2014 00:00:05.861 GMT-0000,1.3930500000000001,1.3930200000000001,5.82,1.13
19.03.2014 00:00:06.386 GMT-0000,1.3930500000000001,1.39303,5.44,1.5
19.03.2014 00:00:16.500 GMT-0000,1.3930500000000001,1.39304,3,1
19.03.2014 00:00:17.008 GMT-0000,1.3930500000000001,1.39303,3.19,1.69
19.03.2014 00:00:19.899 GMT-0000,1.39304,1.39303,1,3
19.03.2014 00:00:20.458 GMT-0000,1.39304,1.39303,1,3
19.03.2014 00:00:22.519 GMT-0000,1.3930500000000001,1.39304,3.57,1
19.03.2014 00:00:23.101 GMT-0000,1.3930500000000001,1.39304,2.44,1
19.03.2014 00:00:25.166 GMT-0000,1.39304,1.39303,1,1.5
19.03.2014 00:00:25.318 GMT-0000,1.39304,1.3930200000000001,1.69,2.25
19.03.2014 00:00:26.358 GMT-0000,1.39304,1.39301,2.82,3.38
19.03.2014 00:00:26.409 GMT-0000,1.3930200000000001,1.39301,1,2.63
19.03.2014 00:00:29.837 GMT-0000,1.39304,1.39301,2.07,2.63
19.03.2014 00:00:30.349 GMT-0000,1.39304,1.3930200000000001,2.07,1
19.03.2014 00:00:32.509 GMT-0000,1.39304,1.39301,1.32,3.38
19.03.2014 00:00:33.121 GMT-0000,1.39304,1.39301,1.25,3.75
19.03.2014 00:00:41.472 GMT-0000,1.39304,1.39301,1.32,4.13
19.03.2014 00:00:47.046 GMT-0000,1.39304,1.3930200000000001,1.32,1
19.03.2014 00:00:47.148 GMT-0000,1.3930500000000001,1.39304,1,1.13
19.03.2014 00:00:47.350 GMT-0000,1.3930600000000002,1.39304,3.57,1.13
19.03.2014 00:00:51.726 GMT-0000,1.3930500000000001,1.39303,1,3.38
19.03.2014 00:00:51.878 GMT-0000,1.39304,1.3930200000000001,1.5,1.5
19.03.2014 00:00:53.024 GMT-0000,1.3930200000000001,1.39299,3,2.82
19.03.2014 00:00:53.176 GMT-0000,1.3930200000000001,1.393,2.07,1.13
19.03.2014 00:00:53.627 GMT-0000,1.393,1.3929799999999999,1,3.57
19.03.2014 00:00:53.678 GMT-0000,1.393,1.3929799999999999,1,3.38
19.03.2014 00:00:56.276 GMT-0000,1.39301,1.3929799999999999,1.13,3.38
19.03.2014 00:00:56.378 GMT-0000,1.3930200000000001,1.393,2.07,1.13
19.03.2014 00:00:57.790 GMT-0000,1.3930200000000001,1.39299,3,1.5
19.03.2014 00:00:57.993 GMT-0000,1.393,1.3929799999999999,1,4.88
19.03.2014 00:01:04.819 GMT-0000,1.39301,1.39299,1,1
19.03.2014 00:01:05.379 GMT-0000,1.3930200000000001,1.393,1,5.63
19.03.2014 00:01:05.945 GMT-0000,1.39303,1.39301,1,3.38
19.03.2014 00:01:09.730 GMT-0000,1.3930200000000001,1.393,1,4.13
19.03.2014 00:01:10.497 GMT-0000,1.39304,1.3930200000000001,5.82,1.5
19.03.2014 00:01:11.419 GMT-0000,1.39304,1.3930200000000001,3.19,1.5
19.03.2014 00:01:13.923 GMT-0000,1.3930500000000001,1.39303,3.57,1.5
19.03.2014 00:01:25.653 GMT-0000,1.39303,1.393,1,2.25
19.03.2014 00:01:25.957 GMT-0000,1.39304,1.39303,1.69,1
19.03.2014 00:01:26.312 GMT-0000,1.39303,1.393,1,3.38
19.03.2014 00:01:26.363 GMT-0000,1.39303,1.393,1,4.13
19.03.2014 00:01:27.939 GMT-0000,1.39303,1.39301,1,1
19.03.2014 00:01:28.046 GMT-0000,1.39304,1.39301,4.69,1.88
19.03.2014 00:01:28.249 GMT-0000,1.3930500000000001,1.39303,5.18,1.5
19.03.2014 00:01:28.554 GMT-0000,1.39304,1.3930200000000001,3.94,1.5
19.03.2014 00:01:28.605 GMT-0000,1.39304,1.3930200000000001,2.44,1.5
19.03.2014 00:01:28.656 GMT-0000,1.3930500000000001,1.3930200000000001,4.5,1.5
19.03.2014 00:01:29.997 GMT-0000,1.39304,1.39303,1.32,3
19.03.2014 00:01:32.020 GMT-0000,1.39303,1.39301,1,2.25
19.03.2014 00:01:45.086 GMT-0000,1.39303,1.39301,1.69,1.5
19.03.2014 00:01:45.592 GMT-0000,1.3930200000000001,1.39301,1,1.5
19.03.2014 00:01:50.858 GMT-0000,1.3930200000000001,1.393,1,1.5
19.03.2014 00:01:54.553 GMT-0000,1.39303,1.393,2.44,1.88
19.03.2014 00:01:54.807 GMT-0000,1.39304,1.3930200000000001,1.13,1
19.03.2014 00:01:56.804 GMT-0000,1.3930500000000001,1.3930200000000001,2.07,4.88
19.03.2014 00:01:57.097 GMT-0000,1.39304,1.3930200000000001,1.13,2.25
19.03.2014 00:01:59.233 GMT-0000,1.3930500000000001,1.39303,2.25,1
19.03.2014 00:01:59.740 GMT-0000,1.3930500000000001,1.39303,1.88,1.5
19.03.2014 00:02:00.250 GMT-0000,1.3930500000000001,1.3930200000000001,3.38,2.25
19.03.2014 00:02:02.319 GMT-0000,1.3930500000000001,1.39303,2.63,1
19.03.2014 00:02:04.917 GMT-0000,1.3930500000000001,1.39303,1.5,1.5
19.03.2014 00:02:08.348 GMT-0000,1.3930600000000002,1.39303,3.57,5.25
19.03.2014 00:02:08.916 GMT-0000,1.3930600000000002,1.39303,3.19,6.38
19.03.2014 00:02:09.458 GMT-0000,1.3930600000000002,1.39303,3.19,4.88
19.03.2014 00:02:10.109 GMT-0000,1.3930500000000001,1.39303,2.63,4.13
19.03.2014 00:02:11.399 GMT-0000,1.3930500000000001,1.3930200000000001,3.38,2.63
19.03.2014 00:02:11.940 GMT-0000,1.3930500000000001,1.39303,2.25,1.5
19.03.2014 00:02:14.546 GMT-0000,1.3930500000000001,1.39303,3.38,1.5
19.03.2014 00:02:15.096 GMT-0000,1.3930500000000001,1.3930200000000001,5.63,2.25
19.03.2014 00:02:24.738 GMT-0000,1.3930500000000001,1.3930200000000001,4.69,2.63
19.03.2014 00:02:25.397 GMT-0000,1.3930500000000001,1.39303,3.57,1
19.03.2014 00:02:31.687 GMT-0000,1.39307,1.39303,5.63,5.07
19.03.2014 00:02:32.192 GMT-0000,1.39307,1.39304,1.88,1.88
19.03.2014 00:02:52.587 GMT-0000,1.39308,1.39304,5.07,3.38
19.03.2014 00:02:52.688 GMT-0000,1.39308,1.39304,4.69,3.38
19.03.2014 00:03:17.209 GMT-0000,1.3930600000000002,1.39303,1.5,2.25
19.03.2014 00:03:19.386 GMT-0000,1.3930600000000002,1.3930500000000001,1.5,1
19.03.2014 00:03:36.638 GMT-0000,1.39307,1.3930500000000001,1.25,1.38
19.03.2014 00:03:37.184 GMT-0000,1.39307,1.3930600000000002,1.25,1
19.03.2014 00:03:41.861 GMT-0000,1.39309,1.3930500000000001,2.25,4.88
19.03.2014 00:03:42.366 GMT-0000,1.39309,1.3930600000000002,1.25,3
19.03.2014 00:03:43.728 GMT-0000,1.3931,1.39308,3.57,1
19.03.2014 00:03:45.159 GMT-0000,1.3931,1.39307,3.19,1.5
19.03.2014 00:03:45.712 GMT-0000,1.39309,1.39307,1,1.13
19.03.2014 00:03:46.266 GMT-0000,1.3931200000000001,1.39307,1,3.25
19.03.2014 00:03:46.816 GMT-0000,1.39313,1.3931,3.19,2.25
19.03.2014 00:03:50.679 GMT-0000,1.3931200000000001,1.3931,2.07,1.88
19.03.2014 00:03:50.780 GMT-0000,1.39311,1.39308,3,1
19.03.2014 00:03:51.288 GMT-0000,1.3931,1.39308,1,1.13
19.03.2014 00:04:02.238 GMT-0000,1.39309,1.39307,1.88,1.88
19.03.2014 00:04:02.743 GMT-0000,1.39309,1.39307,2.82,1.5
19.03.2014 00:04:04.108 GMT-0000,1.39309,1.39307,1.69,2.25
19.03.2014 00:04:04.616 GMT-0000,1.3931,1.39308,1.32,1
19.03.2014 00:04:34.667 GMT-0000,1.39309,1.39307,1,2.25
19.03.2014 00:04:34.820 GMT-0000,1.39307,1.3930500000000001,1.5,1.88
19.03.2014 00:04:53.059 GMT-0000,1.3930600000000002,1.39303,1,3.75
19.03.2014 00:05:02.873 GMT-0000,1.39307,1.39304,4.13,1.75
19.03.2014 00:05:03.355 GMT-0000,1.3930600000000002,1.39303,6.94,1.88
19.03.2014 00:05:03.507 GMT-0000,1.39304,1.39303,1,1.5
19.03.2014 00:05:03.814 GMT-0000,1.39303,1.39301,1,2.25
19.03.2014 00:05:04.337 GMT-0000,1.39304,1.39301,2.44,2.25
19.03.2014 00:05:06.403 GMT-0000,1.39304,1.39301,2.44,2.25
19.03.2014 00:05:09.043 GMT-0000,1.39304,1.39301,2.44,3
19.03.2014 00:05:10.835 GMT-0000,1.39303,1.39301,1,3
19.03.2014 00:05:11.340 GMT-0000,1.39303,1.39301,3,1.5
19.03.2014 00:05:16.467 GMT-0000,1.39304,1.39301,2.44,1.75
19.03.2014 00:05:19.767 GMT-0000,1.39303,1.393,1.5,6.75
19.03.2014 00:05:19.882 GMT-0000,1.3930500000000001,1.3930200000000001,11.82,1.75
19.03.2014 00:05:31.800 GMT-0000,1.3930500000000001,1.3930200000000001,2.25,3.38
19.03.2014 00:05:35.705 GMT-0000,1.39304,1.3930200000000001,1,3
19.03.2014 00:05:36.010 GMT-0000,1.3930200000000001,1.393,1,2.44
19.03.2014 00:05:36.162 GMT-0000,1.39301,1.393,3,1.88
19.03.2014 00:05:36.213 GMT-0000,1.393,1.3929799999999999,3.57,5.25
19.03.2014 00:05:36.493 GMT-0000,1.3929600000000002,1.39294,1.5,1.88
19.03.2014 00:05:36.897 GMT-0000,1.3929500000000001,1.3929200000000002,5.07,4.13
19.03.2014 00:05:47.545 GMT-0000,1.3929500000000001,1.39293,3,1.5
19.03.2014 00:05:56.580 GMT-0000,1.3929600000000002,1.39293,6.57,1.88
19.03.2014 00:06:01.116 GMT-0000,1.3929600000000002,1.3929500000000001,3,1
19.03.2014 00:06:01.370 GMT-0000,1.39299,1.3929600000000002,3.19,1
19.03.2014 00:06:01.575 GMT-0000,1.39299,1.39297,1.69,1
19.03.2014 00:06:12.589 GMT-0000,1.393,1.39297,4.5,1.88
19.03.2014 00:06:23.732 GMT-0000,1.39299,1.3929600000000002,1,2.25
19.03.2014 00:06:23.935 GMT-0000,1.3929600000000002,1.3929500000000001,4.88,1.13
19.03.2014 00:06:24.460 GMT-0000,1.3929500000000001,1.39294,1,1
19.03.2014 00:06:36.414 GMT-0000,1.3929600000000002,1.39293,6.57,1.38
19.03.2014 00:06:39.773 GMT-0000,1.3929600000000002,1.39293,6.57,1.13
19.03.2014 00:06:40.294 GMT-0000,1.3929500000000001,1.39293,2.25,1.13
19.03.2014 00:06:52.591 GMT-0000,1.3929600000000002,1.39293,6.94,1
19.03.2014 00:06:53.220 GMT-0000,1.3929500000000001,1.39293,1,1
19.03.2014 00:06:56.242 GMT-0000,1.3929500000000001,1.3929200000000002,1,3.75
19.03.2014 00:07:31.102 GMT-0000,1.3929500000000001,1.39294,1,1
19.03.2014 00:07:31.255 GMT-0000,1.39299,1.3929600000000002,2.07,1.5
19.03.2014 00:07:31.307 GMT-0000,1.393,1.39297,2.25,3.75
19.03.2014 00:07:31.408 GMT-0000,1.3930200000000001,1.39299,1.32,1.88
19.03.2014 00:07:31.914 GMT-0000,1.39303,1.393,4.69,1.5
19.03.2014 00:07:33.066 GMT-0000,1.39303,1.393,2.44,2.25
19.03.2014 00:07:33.577 GMT-0000,1.3930500000000001,1.3930200000000001,6.57,1.5
19.03.2014 00:07:34.743 GMT-0000,1.3930200000000001,1.393,1,1.88
19.03.2014 00:07:35.049 GMT-0000,1.39301,1.393,2.25,1
19.03.2014 00:07:35.513 GMT-0000,1.39304,1.393,2.07,6.75
19.03.2014 00:07:36.809 GMT-0000,1.39304,1.393,3.94,6
19.03.2014 00:07:45.844 GMT-0000,1.39303,1.393,1.13,3.75
19.03.2014 00:07:49.354 GMT-0000,1.39303,1.393,1.5,3.38
19.03.2014 00:07:51.484 GMT-0000,1.39304,1.393,8.07,2.63
19.03.2014 00:07:51.787 GMT-0000,1.39304,1.3930200000000001,4.69,1
19.03.2014 00:07:52.393 GMT-0000,1.39304,1.3930200000000001,3.19,1.5
19.03.2014 00:07:53.436 GMT-0000,1.39304,1.3930200000000001,2.07,2.25
19.03.2014 00:07:54.176 GMT-0000,1.3930500000000001,1.39303,1.88,1
19.03.2014 00:07:54.794 GMT-0000,1.3930500000000001,1.39304,1.88,1.17
19.03.2014 00:07:55.300 GMT-0000,1.3930600000000002,1.39304,2.5,2.16
19.03.2014 00:07:55.502 GMT-0000,1.39307,1.3930600000000002,1,1
19.03.2014 00:07:55.554 GMT-0000,1.3931,1.3930600000000002,8.44,4.13
19.03.2014 00:07:55.806 GMT-0000,1.39314,1.3931,4.69,4.5
19.03.2014 00:08:02.261 GMT-0000,1.39313,1.3931,2.63,3
19.03.2014 00:08:02.465 GMT-0000,1.39311,1.39308,1,6.19
19.03.2014 00:08:02.970 GMT-0000,1.3931,1.39308,2.25,4.13
19.03.2014 00:08:06.235 GMT-0000,1.39309,1.39307,1,1
19.03.2014 00:08:06.540 GMT-0000,1.3930600000000002,1.39304,8.25,2.5
19.03.2014 00:08:06.642 GMT-0000,1.39304,1.3930200000000001,2.44,1.5
19.03.2014 00:08:06.895 GMT-0000,1.3930200000000001,1.393,1.32,5.25
19.03.2014 00:08:07.401 GMT-0000,1.39301,1.3929799999999999,1,4.13
19.03.2014 00:08:16.493 GMT-0000,1.3930200000000001,1.3929799999999999,3.94,4.88
19.03.2014 00:08:20.685 GMT-0000,1.39303,1.393,6.38,3.25
19.03.2014 00:08:21.040 GMT-0000,1.3930600000000002,1.3930200000000001,8.25,4
19.03.2014 00:08:34.022 GMT-0000,1.3930600000000002,1.39304,7.88,1.38
19.03.2014 00:08:43.614 GMT-0000,1.3930600000000002,1.39303,8.82,1.13
19.03.2014 00:08:43.767 GMT-0000,1.39304,1.3930200000000001,1,2.25
19.03.2014 00:08:53.739 GMT-0000,1.39304,1.3930200000000001,2.44,1.5
19.03.2014 00:08:58.466 GMT-0000,1.39304,1.3930200000000001,3.19,1.13
19.03.2014 00:08:58.984 GMT-0000,1.39303,1.39301,3.57,2.63
19.03.2014 00:09:03.599 GMT-0000,1.3930200000000001,1.393,1,1.5
19.03.2014 00:09:03.751 GMT-0000,1.393,1.3929799999999999,9,2.44
19.03.2014 00:09:06.643 GMT-0000,1.393,1.39299,1,1.5
19.03.2014 00:09:09.325 GMT-0000,1.39301,1.39299,1,1.88
19.03.2014 00:09:09.831 GMT-0000,1.3930200000000001,1.393,1.5,1.5
19.03.2014 00:09:10.364 GMT-0000,1.3930200000000001,1.393,1.5,2.63
19.03.2014 00:09:12.483 GMT-0000,1.39304,1.39301,2.63,1.75
19.03.2014 00:09:14.360 GMT-0000,1.39304,1.3930200000000001,1.69,1
19.03.2014 00:09:18.854 GMT-0000,1.39304,1.3930200000000001,1.25,1
19.03.2014 00:09:19.605 GMT-0000,1.3930600000000002,1.39303,5.63,1.75
19.03.2014 00:09:22.563 GMT-0000,1.3930500000000001,1.39303,5.25,3
19.03.2014 00:09:24.550 GMT-0000,1.39304,1.39303,1,1.13
19.03.2014 00:09:25.207 GMT-0000,1.39304,1.39301,1,3.75
19.03.2014 00:09:30.261 GMT-0000,1.39304,1.39301,1,3.98
19.03.2014 00:09:30.822 GMT-0000,1.39304,1.39301,1.5,3.98
19.03.2014 00:09:35.165 GMT-0000,1.3930500000000001,1.3930200000000001,4.5,2.48
19.03.2014 00:09:35.216 GMT-0000,1.3930600000000002,1.39304,7.88,1.5
19.03.2014 00:09:35.723 GMT-0000,1.3930600000000002,1.39304,2.82,3.75
19.03.2014 00:09:36.078 GMT-0000,1.39308,1.3930600000000002,1.69,1.73
19.03.2014 00:09:52.800 GMT-0000,1.39307,1.39304,1,3.83
19.03.2014 00:09:53.007 GMT-0000,1.3930600000000002,1.39304,5.32,1.88
19.03.2014 00:09:53.361 GMT-0000,1.3930500000000001,1.39303,1,3
19.03.2014 00:10:06.638 GMT-0000,1.39304,1.39303,1,2.63
19.03.2014 00:10:23.642 GMT-0000,1.3930500000000001,1.39303,3.19,1.88
19.03.2014 00:10:53.006 GMT-0000,1.3930500000000001,1.39303,2.44,2.25
19.03.2014 00:10:56.276 GMT-0000,1.39304,1.39303,1,1
19.03.2014 00:10:56.480 GMT-0000,1.39303,1.39301,3.94,1.5
19.03.2014 00:10:56.682 GMT-0000,1.39304,1.39301,2.25,2.25
19.03.2014 00:10:57.333 GMT-0000,1.39304,1.3930200000000001,3.19,1
19.03.2014 00:11:04.229 GMT-0000,1.39303,1.39301,2.44,1
19.03.2014 00:11:04.408 GMT-0000,1.39301,1.39299,1.5,1.88
19.03.2014 00:11:06.229 GMT-0000,1.39303,1.393,3,3.25
19.03.2014 00:11:06.734 GMT-0000,1.39303,1.3930200000000001,1.69,1
19.03.2014 00:11:18.665 GMT-0000,1.39304,1.39303,1.5,1
19.03.2014 00:11:21.032 GMT-0000,1.39304,1.39303,1.25,1
19.03.2014 00:11:22.750 GMT-0000,1.3930600000000002,1.39303,7.13,2.25
19.03.2014 00:11:23.256 GMT-0000,1.3930600000000002,1.3930500000000001,6.57,1.13
19.03.2014 00:11:24.704 GMT-0000,1.39307,1.3930500000000001,2.25,1.5
19.03.2014 00:11:24.755 GMT-0000,1.39308,1.3930600000000002,3.94,1
19.03.2014 00:11:33.657 GMT-0000,1.39308,1.39307,1.5,1
19.03.2014 00:11:34.165 GMT-0000,1.39309,1.39308,1,1.5
19.03.2014 00:11:43.949 GMT-0000,1.39309,1.39307,1,1.88
19.03.2014 00:11:45.979 GMT-0000,1.39308,1.39307,1,1.88
19.03.2014 00:11:46.182 GMT-0000,1.3930600000000002,1.39304,5.13,4.5
19.03.2014 00:11:46.334 GMT-0000,1.3930500000000001,1.39303,3.75,1.5
19.03.2014 00:11:46.840 GMT-0000,1.3930600000000002,1.39303,3,1.75
19.03.2014 00:11:47.599 GMT-0000,1.3930600000000002,1.3930500000000001,1.5,1.13
19.03.2014 00:11:48.976 GMT-0000,1.39309,1.3930600000000002,1.32,1
19.03.2014 00:11:49.078 GMT-0000,1.39314,1.39309,1.25,5.32
19.03.2014 00:11:49.484 GMT-0000,1.3931600000000002,1.39313,7.69,3.75
19.03.2014 00:11:49.991 GMT-0000,1.3931600000000002,1.39315,7.32,1.3
19.03.2014 00:11:51.981 GMT-0000,1.39315,1.39314,1,1.13
19.03.2014 00:12:12.621 GMT-0000,1.3931600000000002,1.39313,8.07,2.63
19.03.2014 00:12:16.828 GMT-0000,1.3931600000000002,1.39313,7.32,1.88
19.03.2014 00:12:17.386 GMT-0000,1.39315,1.39313,1.5,1.88
19.03.2014 00:12:24.487 GMT-0000,1.39315,1.39313,2.25,1.13
19.03.2014 00:12:24.639 GMT-0000,1.39313,1.3931,1,7.13
19.03.2014 00:12:25.179 GMT-0000,1.39314,1.3931,3.57,7.5
19.03.2014 00:12:41.537 GMT-0000,1.39314,1.39311,2.44,1.5
19.03.2014 00:12:45.684 GMT-0000,1.39314,1.39311,4.5,1.13
19.03.2014 00:12:45.837 GMT-0000,1.39311,1.39309,1.13,3
19.03.2014 00:12:46.394 GMT-0000,1.39313,1.3931,1.5,2.25
19.03.2014 00:12:46.496 GMT-0000,1.39314,1.39311,5.44,1.38
19.03.2014 00:12:49.847 GMT-0000,1.39314,1.3931200000000001,3,1
19.03.2014 00:12:49.949 GMT-0000,1.39314,1.3931,6.94,3.38
19.03.2014 00:12:50.050 GMT-0000,1.39314,1.3931200000000001,3.57,1.13
19.03.2014 00:12:50.354 GMT-0000,1.39315,1.39313,1.5,2.63
19.03.2014 00:12:57.282 GMT-0000,1.39315,1.39313,1.13,1.88
19.03.2014 00:12:57.810 GMT-0000,1.39314,1.3931200000000001,1,1.88
19.03.2014 00:13:01.526 GMT-0000,1.39314,1.39311,3.38,1.13
19.03.2014 00:13:03.593 GMT-0000,1.3931200000000001,1.39311,1,1
19.03.2014 00:13:03.796 GMT-0000,1.3931200000000001,1.39309,2.25,1.13
19.03.2014 00:13:05.327 GMT-0000,1.3931200000000001,1.39309,1.5,2.25
19.03.2014 00:13:24.655 GMT-0000,1.39313,1.39311,3,1.13
19.03.2014 00:13:50.853 GMT-0000,1.39314,1.39311,4.13,1.13
19.03.2014 00:14:01.668 GMT-0000,1.39314,1.39311,5.07,1.13
19.03.2014 00:14:04.144 GMT-0000,1.39314,1.3931,6.94,3.75
19.03.2014 00:14:07.964 GMT-0000,1.39313,1.39309,3.94,2.63
19.03.2014 00:14:11.770 GMT-0000,1.39313,1.39309,3.19,4.88
19.03.2014 00:14:12.073 GMT-0000,1.39313,1.39309,6.19,2.63
19.03.2014 00:14:29.137 GMT-0000,1.39313,1.3931,5.44,1
19.03.2014 00:14:29.642 GMT-0000,1.39313,1.39311,1.69,1.13
19.03.2014 00:14:31.943 GMT-0000,1.39313,1.3931,2.44,1
19.03.2014 00:14:33.377 GMT-0000,1.39311,1.3931,1,1
19.03.2014 00:14:33.887 GMT-0000,1.3931200000000001,1.39309,2.07,2.63
19.03.2014 00:14:46.706 GMT-0000,1.3931200000000001,1.3931,1.88,1
19.03.2014 00:14:51.025 GMT-0000,1.3931200000000001,1.39309,3.38,1.88
19.03.2014 00:14:57.011 GMT-0000,1.39311,1.39309,1.5,1.32
19.03.2014 00:14:57.062 GMT-0000,1.3931,1.3930600000000002,2.63,6.57
19.03.2014 00:14:57.163 GMT-0000,1.39308,1.3930500000000001,4.13,6.38
19.03.2014 00:14:57.670 GMT-0000,1.3930600000000002,1.39303,3.94,3.38
19.03.2014 00:14:58.205 GMT-0000,1.3930600000000002,1.39303,3,4.5
19.03.2014 00:15:03.163 GMT-0000,1.3930600000000002,1.3930500000000001,1.5,1
19.03.2014 00:15:03.728 GMT-0000,1.39307,1.3930500000000001,1.88,1
19.03.2014 00:15:04.591 GMT-0000,1.39308,1.3930500000000001,3.75,3
19.03.2014 00:15:04.744 GMT-0000,1.3931,1.39308,7.69,1
19.03.2014 00:15:04.997 GMT-0000,1.3931200000000001,1.39308,3.57,4.5
19.03.2014 00:15:06.640 GMT-0000,1.39311,1.39308,1,4.5
19.03.2014 00:15:07.148 GMT-0000,1.3931,1.39308,1,1.5
19.03.2014 00:15:11.058 GMT-0000,1.3931200000000001,1.39308,4.32,2.63
19.03.2014 00:15:31.518 GMT-0000,1.3931200000000001,1.39309,1.13,1
19.03.2014 00:15:41.688 GMT-0000,1.39313,1.3931,3.94,1.13
19.03.2014 00:15:52.644 GMT-0000,1.39314,1.3931,2.44,5.63
19.03.2014 00:16:05.836 GMT-0000,1.39313,1.3931,1,4.88
19.03.2014 00:16:32.535 GMT-0000,1.39313,1.3931,1.5,3.75
19.03.2014 00:16:33.042 GMT-0000,1.39311,1.39309,1,3.38
19.03.2014 00:16:33.585 GMT-0000,1.39311,1.39309,1,3
19.03.2014 00:16:34.350 GMT-0000,1.3931,1.39309,1,2.63
19.03.2014 00:16:35.151 GMT-0000,1.39311,1.39309,1,2.63
19.03.2014 00:16:40.442 GMT-0000,1.39311,1.39309,1,3
19.03.2014 00:16:55.244 GMT-0000,1.39311,1.39309,1,2.63
19.03.2014 00:16:55.751 GMT-0000,1.3931,1.39309,1.5,1.13
19.03.2014 00:17:09.434 GMT-0000,1.3931,1.39307,1.13,3.57
19.03.2014 00:17:10.045 GMT-0000,1.39309,1.39307,1,1.88
19.03.2014 00:17:27.619 GMT-0000,1.39308,1.3930600000000002,1.5,1.69
19.03.2014 00:17:28.199 GMT-0000,1.39307,1.3930500000000001,1,2.44
19.03.2014 00:17:31.602 GMT-0000,1.39307,1.3930500000000001,1,2.44
19.03.2014 00:17:31.754 GMT-0000,1.39309,1.3930600000000002,1.5,2.25
19.03.2014 00:17:49.956 GMT-0000,1.39308,1.3930600000000002,1,2.25
19.03.2014 00:17:50.585 GMT-0000,1.39309,1.3930600000000002,1.5,2.25
19.03.2014 00:18:20.563 GMT-0000,1.3931,1.3930600000000002,3.94,2.25
19.03.2014 00:18:39.561 GMT-0000,1.3931,1.3930600000000002,4.32,3
19.03.2014 00:18:54.516 GMT-0000,1.39308,1.3930500000000001,2.25,2.63
19.03.2014 00:18:55.020 GMT-0000,1.3930600000000002,1.39303,1.88,5.07
19.03.2014 00:19:01.644 GMT-0000,1.3930600000000002,1.39303,1.5,4.32
19.03.2014 00:19:02.891 GMT-0000,1.3930600000000002,1.39303,1.5,4.69
19.03.2014 00:19:32.337 GMT-0000,1.3930600000000002,1.39303,5.25,4.5
19.03.2014 00:19:32.877 GMT-0000,1.3930500000000001,1.39303,4.69,2.63
19.03.2014 00:19:34.265 GMT-0000,1.39304,1.39303,1,1.88
19.03.2014 00:19:34.367 GMT-0000,1.39304,1.39301,1.5,2.25
19.03.2014 00:19:34.772 GMT-0000,1.3930500000000001,1.3930200000000001,5.07,1.38
19.03.2014 00:19:35.303 GMT-0000,1.3930500000000001,1.39303,3.94,1.88
19.03.2014 00:19:55.589 GMT-0000,1.39304,1.3930200000000001,1.13,1
19.03.2014 00:19:55.792 GMT-0000,1.39303,1.39301,1.88,1.5
19.03.2014 00:19:58.808 GMT-0000,1.39303,1.393,3.75,6.19
19.03.2014 00:20:06.599 GMT-0000,1.39303,1.39301,1.25,1.5
19.03.2014 00:20:07.146 GMT-0000,1.39304,1.39301,1.5,2.25
19.03.2014 00:20:11.193 GMT-0000,1.39304,1.3930200000000001,1,1
19.03.2014 00:20:11.740 GMT-0000,1.3930500000000001,1.3930200000000001,2.25,2.63
19.03.2014 00:20:12.346 GMT-0000,1.3930500000000001,1.39301,3.94,3
19.03.2014 00:20:12.892 GMT-0000,1.39304,1.39301,1.32,1.88
19.03.2014 00:20:16.876 GMT-0000,1.39303,1.393,1.5,6.38
19.03.2014 00:20:24.104 GMT-0000,1.39303,1.393,3.75,5.63
19.03.2014 00:20:27.999 GMT-0000,1.39303,1.39299,3.75,3.19
19.03.2014 00:20:28.512 GMT-0000,1.39303,1.39299,3.75,3.57
19.03.2014 00:20:37.507 GMT-0000,1.39303,1.393,3.19,1.5
19.03.2014 00:20:38.023 GMT-0000,1.39303,1.39301,1,1
19.03.2014 00:20:39.463 GMT-0000,1.39303,1.393,1.5,7.69
19.03.2014 00:20:41.318 GMT-0000,1.3930200000000001,1.393,1,5.44
19.03.2014 00:20:41.824 GMT-0000,1.3930200000000001,1.393,1.5,1.88
19.03.2014 00:20:43.451 GMT-0000,1.39303,1.393,2.44,2.63
19.03.2014 00:20:43.980 GMT-0000,1.39304,1.39301,3.94,1.13
19.03.2014 00:20:45.243 GMT-0000,1.3930200000000001,1.393,1.5,5.07
19.03.2014 00:21:17.356 GMT-0000,1.3930200000000001,1.39299,3.94,1.5
19.03.2014 00:21:21.443 GMT-0000,1.39301,1.3929799999999999,1.13,5.07
19.03.2014 00:21:45.208 GMT-0000,1.3930200000000001,1.3929799999999999,4.69,4.69
19.03.2014 00:21:46.867 GMT-0000,1.3930200000000001,1.3929799999999999,5.44,4.5
19.03.2014 00:21:49.702 GMT-0000,1.3930200000000001,1.3929799999999999,4.69,4.88
19.03.2014 00:21:53.707 GMT-0000,1.3930200000000001,1.3929799999999999,2.44,5.82
19.03.2014 00:22:15.399 GMT-0000,1.3930200000000001,1.39301,2.25,1.88
19.03.2014 00:22:15.602 GMT-0000,1.39303,1.3930200000000001,1.88,1.88
19.03.2014 00:22:15.957 GMT-0000,1.39303,1.393,2.82,6.38
19.03.2014 00:22:27.508 GMT-0000,1.39303,1.393,2.82,4.88
19.03.2014 00:22:28.068 GMT-0000,1.3930200000000001,1.39299,1,1.5
19.03.2014 00:22:52.202 GMT-0000,1.39301,1.3929799999999999,1.5,4.32
19.03.2014 00:22:52.405 GMT-0000,1.393,1.39297,1,9
19.03.2014 00:22:52.659 GMT-0000,1.39297,1.3929500000000001,6.76,1.13
19.03.2014 00:22:53.166 GMT-0000,1.3929600000000002,1.39294,3.57,1
19.03.2014 00:22:54.921 GMT-0000,1.3929600000000002,1.39294,1.5,2.25
19.03.2014 00:22:55.770 GMT-0000,1.3929600000000002,1.39294,4.13,2.25
19.03.2014 00:22:56.429 GMT-0000,1.3929600000000002,1.39293,6.94,1.5
19.03.2014 00:22:56.531 GMT-0000,1.39294,1.3929200000000002,1,3.19
19.03.2014 00:22:57.038 GMT-0000,1.39293,1.3929,1.5,6.38
19.03.2014 00:22:57.580 GMT-0000,1.39293,1.3929,1.5,5.25
19.03.2014 00:23:28.652 GMT-0000,1.39294,1.3929200000000002,1.69,1
19.03.2014 00:23:29.159 GMT-0000,1.39293,1.39291,1,3.94
19.03.2014 00:23:29.704 GMT-0000,1.39293,1.39291,1.5,1.5
19.03.2014 00:23:31.063 GMT-0000,1.39293,1.3929,3.19,1.5
19.03.2014 00:24:01.202 GMT-0000,1.3929200000000002,1.3929,1.5,2.25
19.03.2014 00:24:12.640 GMT-0000,1.39293,1.3929,3,3.38
19.03.2014 00:24:14.627 GMT-0000,1.39291,1.39289,1.13,2.25
19.03.2014 00:24:14.933 GMT-0000,1.3929,1.39288,3,1.13
19.03.2014 00:24:15.135 GMT-0000,1.3929200000000002,1.39288,2.63,2.25
19.03.2014 00:24:15.642 GMT-0000,1.39293,1.3929,2.25,4.13
19.03.2014 00:24:33.427 GMT-0000,1.39293,1.3929,1.5,3.75
19.03.2014 00:24:37.912 GMT-0000,1.39293,1.3929,1.5,4.13
19.03.2014 00:24:57.390 GMT-0000,1.39294,1.3929,2.82,4.88
19.03.2014 00:24:57.492 GMT-0000,1.3929500000000001,1.39293,3.19,1.5
19.03.2014 00:24:57.543 GMT-0000,1.39294,1.39291,2.13,1.88
19.03.2014 00:24:57.696 GMT-0000,1.39293,1.39291,1.5,1.88
19.03.2014 00:25:01.086 GMT-0000,1.39293,1.39291,2.25,1.5
19.03.2014 00:25:01.187 GMT-0000,1.39291,1.39289,1,1.69
19.03.2014 00:25:09.803 GMT-0000,1.3929,1.39288,1,5.07
19.03.2014 00:25:11.205 GMT-0000,1.3929,1.39288,1,3.94
19.03.2014 00:25:12.464 GMT-0000,1.3929,1.39288,1,5.44
19.03.2014 00:25:52.327 GMT-0000,1.39291,1.39289,1,2.25
19.03.2014 00:25:52.429 GMT-0000,1.3929200000000002,1.3929,1.5,1.5
19.03.2014 00:25:58.798 GMT-0000,1.39291,1.39289,1,2.25
19.03.2014 00:25:59.465 GMT-0000,1.3929,1.39288,1,5.63
19.03.2014 00:25:59.995 GMT-0000,1.3929,1.39288,1,4.88
19.03.2014 00:26:08.882 GMT-0000,1.3929,1.39289,1,1
19.03.2014 00:26:11.584 GMT-0000,1.39293,1.3929,4.13,1.5
19.03.2014 00:26:12.090 GMT-0000,1.3929200000000002,1.39289,1.13,3
19.03.2014 00:26:13.115 GMT-0000,1.3929,1.39289,1,2.25
19.03.2014 00:26:28.936 GMT-0000,1.3929200000000002,1.3929,1.13,1
19.03.2014 00:26:48.926 GMT-0000,1.3929,1.39289,1,3
19.03.2014 00:27:08.960 GMT-0000,1.3929200000000002,1.39289,1,3.19
19.03.2014 00:27:09.535 GMT-0000,1.39291,1.39289,1,1.69
19.03.2014 00:27:19.018 GMT-0000,1.3929,1.39287,1,5.07
19.03.2014 00:27:28.921 GMT-0000,1.3929,1.39288,1,1.32
19.03.2014 00:27:38.942 GMT-0000,1.3929,1.39287,1,5.07
19.03.2014 00:28:02.749 GMT-0000,1.39289,1.39287,1,1.32
19.03.2014 00:28:03.265 GMT-0000,1.39288,1.3928600000000002,1,2.44
19.03.2014 00:28:03.754 GMT-0000,1.3929,1.39288,3.75,1
19.03.2014 00:28:18.723 GMT-0000,1.39289,1.39287,1,3.38
19.03.2014 00:28:19.239 GMT-0000,1.39289,1.39287,1,1.88
19.03.2014 00:28:32.234 GMT-0000,1.39287,1.3928500000000001,1,2.82
19.03.2014 00:28:32.386 GMT-0000,1.3928600000000002,1.39284,1,2.25
19.03.2014 00:28:32.892 GMT-0000,1.39287,1.39284,1.25,3
19.03.2014 00:28:34.105 GMT-0000,1.3928600000000002,1.39284,1,2.25
19.03.2014 00:28:34.621 GMT-0000,1.3928500000000001,1.39283,1.25,1.5
19.03.2014 00:28:37.893 GMT-0000,1.39284,1.39283,1.5,1.5
19.03.2014 00:28:37.944 GMT-0000,1.39284,1.39283,1.5,1.5
19.03.2014 00:28:38.197 GMT-0000,1.39284,1.39283,1,1
19.03.2014 00:28:38.702 GMT-0000,1.3928500000000001,1.39283,3.75,1
19.03.2014 00:28:41.863 GMT-0000,1.39284,1.3928200000000002,1.5,3.38
19.03.2014 00:28:42.116 GMT-0000,1.3928500000000001,1.39283,4.69,1
19.03.2014 00:28:44.614 GMT-0000,1.39284,1.39283,1,1
19.03.2014 00:28:45.120 GMT-0000,1.3928500000000001,1.39283,3.19,2.25
19.03.2014 00:28:47.092 GMT-0000,1.39284,1.39283,1,1
19.03.2014 00:28:47.193 GMT-0000,1.39284,1.39283,5.25,1
19.03.2014 00:28:47.469 GMT-0000,1.3928500000000001,1.3928200000000002,5.44,4.13
19.03.2014 00:28:53.914 GMT-0000,1.3928600000000002,1.39283,2.25,1.32
19.03.2014 00:28:54.469 GMT-0000,1.3928600000000002,1.39283,2.25,4.69
19.03.2014 00:29:00.303 GMT-0000,1.39288,1.3928500000000001,3.19,4.13
19.03.2014 00:29:07.402 GMT-0000,1.39289,1.39288,2.25,1.5
19.03.2014 00:29:07.605 GMT-0000,1.3929200000000002,1.3929,1,2.5
19.03.2014 00:29:08.110 GMT-0000,1.39293,1.39291,1.88,1
19.03.2014 00:29:11.789 GMT-0000,1.3929200000000002,1.3929,1,6
19.03.2014 00:29:11.840 GMT-0000,1.39291,1.39289,1,1.5
19.03.2014 00:29:12.443 GMT-0000,1.3929,1.39289,1,1.88
19.03.2014 00:29:14.354 GMT-0000,1.39289,1.39287,1,1.69
19.03.2014 00:29:16.137 GMT-0000,1.39291,1.39289,3.94,1.5
19.03.2014 00:29:17.706 GMT-0000,1.3929,1.39287,3.25,1.69
19.03.2014 00:29:18.293 GMT-0000,1.39288,1.3928600000000002,1,1.32
19.03.2014 00:29:22.728 GMT-0000,1.39288,1.3928600000000002,1,2.82
19.03.2014 00:29:24.194 GMT-0000,1.39288,1.3928600000000002,1,1.13
19.03.2014 00:29:28.112 GMT-0000,1.39287,1.3928500000000001,1,5.07
19.03.2014 00:29:28.416 GMT-0000,1.3928500000000001,1.39281,6,5.74
19.03.2014 00:29:28.925 GMT-0000,1.3928500000000001,1.39283,7.32,1.5
19.03.2014 00:29:35.428 GMT-0000,1.39283,1.39279,3.38,3.38
19.03.2014 00:29:35.935 GMT-0000,1.39279,1.39278,3.08,1.73
19.03.2014 00:29:36.087 GMT-0000,1.39279,1.39277,3.08,1.88
19.03.2014 00:29:36.189 GMT-0000,1.39278,1.39276,1.5,2.07
19.03.2014 00:29:36.290 GMT-0000,1.39279,1.39277,1.43,1.88
19.03.2014 00:29:37.581 GMT-0000,1.39279,1.39278,1,1
19.03.2014 00:29:37.733 GMT-0000,1.39281,1.39279,2.25,1
19.03.2014 00:29:38.045 GMT-0000,1.39283,1.3928,1.69,3.75
19.03.2014 00:29:38.198 GMT-0000,1.39284,1.3928200000000002,4.5,1.5
19.03.2014 00:29:38.704 GMT-0000,1.39284,1.39283,1.69,1.5
19.03.2014 00:29:40.435 GMT-0000,1.39284,1.3928,2.44,9.57
19.03.2014 00:29:46.431 GMT-0000,1.3928200000000002,1.39281,1,1
19.03.2014 00:29:46.585 GMT-0000,1.39281,1.39278,3.75,5.07
19.03.2014 00:29:46.737 GMT-0000,1.39279,1.39276,5.63,1.17
19.03.2014 00:29:46.889 GMT-0000,1.39277,1.3927500000000002,1,3.49
19.03.2014 00:29:47.498 GMT-0000,1.39277,1.39276,1,1.25
19.03.2014 00:29:48.260 GMT-0000,1.3928,1.39276,4.32,4.32
19.03.2014 00:29:48.846 GMT-0000,1.39279,1.39276,2.25,2.44
19.03.2014 00:29:50.813 GMT-0000,1.39278,1.39276,1,1.5
19.03.2014 00:29:59.083 GMT-0000,1.39279,1.39276,4.69,1.5
19.03.2014 00:29:59.626 GMT-0000,1.39279,1.39277,4.32,1.5
19.03.2014 00:30:00.702 GMT-0000,1.39278,1.39277,1,1.5
19.03.2014 00:30:01.843 GMT-0000,1.39279,1.39277,1.32,1
19.03.2014 00:30:01.945 GMT-0000,1.3928,1.39278,1.5,2.25
19.03.2014 00:30:02.656 GMT-0000,1.39281,1.39279,1.5,1
19.03.2014 00:30:02.960 GMT-0000,1.3928500000000001,1.3928200000000002,4.32,1.5
19.03.2014 00:30:03.549 GMT-0000,1.3928500000000001,1.39283,3.94,1.5
19.03.2014 00:30:04.062 GMT-0000,1.3928500000000001,1.39283,2.63,1.5
19.03.2014 00:30:05.402 GMT-0000,1.3928600000000002,1.39284,5.07,1
19.03.2014 00:30:05.706 GMT-0000,1.39288,1.3928600000000002,1.5,3.19
19.03.2014 00:30:05.959 GMT-0000,1.39289,1.39287,1.5,3.19
19.03.2014 00:30:10.280 GMT-0000,1.3929,1.39288,3,1
19.03.2014 00:30:10.805 GMT-0000,1.3929,1.39288,2.63,1
19.03.2014 00:30:15.809 GMT-0000,1.3929,1.39287,3.23,3.19
19.03.2014 00:30:15.962 GMT-0000,1.3929,1.39289,1.5,1
19.03.2014 00:30:16.165 GMT-0000,1.39294,1.39291,3.75,1.5
19.03.2014 00:30:16.808 GMT-0000,1.39294,1.3929200000000002,1.5,1.5
19.03.2014 00:30:19.818 GMT-0000,1.39294,1.3929200000000002,1,2.63
19.03.2014 00:30:20.508 GMT-0000,1.3929500000000001,1.39293,1.5,1.5
19.03.2014 00:30:21.721 GMT-0000,1.3929500000000001,1.3929200000000002,1.13,6.75
19.03.2014 00:30:30.337 GMT-0000,1.3929500000000001,1.39293,1.69,1
19.03.2014 00:30:33.777 GMT-0000,1.3929500000000001,1.3929200000000002,1.88,6.75
19.03.2014 00:30:40.187 GMT-0000,1.3929600000000002,1.39294,3.38,3.38
19.03.2014 00:30:41.030 GMT-0000,1.3929600000000002,1.39294,2.25,5.63
19.03.2014 00:30:41.536 GMT-0000,1.3929500000000001,1.39294,1.5,1.13
19.03.2014 00:30:42.062 GMT-0000,1.3929500000000001,1.39294,1.5,1
19.03.2014 00:30:44.482 GMT-0000,1.3929600000000002,1.39294,4.13,1.88
19.03.2014 00:30:45.339 GMT-0000,1.3929500000000001,1.39294,1,1.5
19.03.2014 00:30:47.514 GMT-0000,1.3929600000000002,1.39294,4.13,1.88
19.03.2014 00:30:48.214 GMT-0000,1.3929500000000001,1.39294,1,1.5
19.03.2014 00:30:50.411 GMT-0000,1.3929500000000001,1.39293,2.25,2.25
19.03.2014 00:30:50.954 GMT-0000,1.39294,1.39293,1,1.5
19.03.2014 00:30:52.771 GMT-0000,1.39294,1.3929200000000002,2.25,3.57
19.03.2014 00:30:54.204 GMT-0000,1.39293,1.39291,1,2.63
19.03.2014 00:30:54.357 GMT-0000,1.3929200000000002,1.3929,1,4.5
19.03.2014 00:31:05.447 GMT-0000,1.39291,1.39289,1,2.25
19.03.2014 00:31:13.765 GMT-0000,1.3929200000000002,1.3929,2.25,1.88
19.03.2014 00:31:26.298 GMT-0000,1.39291,1.39289,1,2.44
19.03.2014 00:31:32.432 GMT-0000,1.3929,1.39288,1.5,3.57
19.03.2014 00:31:32.786 GMT-0000,1.39288,1.3928500000000001,8.5,3.57
19.03.2014 00:31:32.989 GMT-0000,1.3928600000000002,1.3928500000000001,1,2.07
19.03.2014 00:31:33.494 GMT-0000,1.39289,1.3928500000000001,4.88,5.44
19.03.2014 00:31:34.064 GMT-0000,1.39289,1.3928500000000001,4.13,5.44
19.03.2014 00:31:34.892 GMT-0000,1.39288,1.3928600000000002,1,1.69
19.03.2014 00:31:41.956 GMT-0000,1.39288,1.3928600000000002,1.5,1.69
19.03.2014 00:31:43.244 GMT-0000,1.39288,1.3928500000000001,1.5,5.63
19.03.2014 00:31:48.419 GMT-0000,1.39288,1.3928500000000001,3,5.25
19.03.2014 00:31:51.780 GMT-0000,1.39288,1.3928500000000001,1.5,4.88
19.03.2014 00:31:53.281 GMT-0000,1.39288,1.3928500000000001,1.5,5.07
19.03.2014 00:32:06.731 GMT-0000,1.39288,1.3928500000000001,1.5,5.44
19.03.2014 00:32:22.031 GMT-0000,1.39289,1.3928600000000002,2.25,2.44
19.03.2014 00:32:25.226 GMT-0000,1.3929,1.39287,4.88,2.25
19.03.2014 00:32:25.430 GMT-0000,1.39291,1.39288,3.19,2.63
19.03.2014 00:32:25.960 GMT-0000,1.39291,1.39287,3.94,3.94
19.03.2014 00:33:21.994 GMT-0000,1.39289,1.3928600000000002,1,4.32
19.03.2014 00:33:26.005 GMT-0000,1.39289,1.3928600000000002,1,3.57
19.03.2014 00:33:27.509 GMT-0000,1.39289,1.39287,1,1
19.03.2014 00:33:28.132 GMT-0000,1.3929,1.39287,2.25,1.5
19.03.2014 00:33:50.990 GMT-0000,1.3929,1.39288,3,1
19.03.2014 00:33:55.178 GMT-0000,1.39288,1.3928600000000002,1.5,3.38
19.03.2014 00:33:55.483 GMT-0000,1.3928500000000001,1.39283,8.35,6
19.03.2014 00:33:55.585 GMT-0000,1.39284,1.3928200000000002,1,1.88
19.03.2014 00:34:01.276 GMT-0000,1.3928500000000001,1.3928200000000002,6.6,1.25
19.03.2014 00:34:06.109 GMT-0000,1.3928500000000001,1.3928200000000002,3.38,2.25
19.03.2014 00:34:06.262 GMT-0000,1.39287,1.39284,3.38,3.38
19.03.2014 00:34:06.415 GMT-0000,1.39288,1.3928600000000002,2.5,2.63
19.03.2014 00:34:06.568 GMT-0000,1.39289,1.39287,1,3.19
19.03.2014 00:34:07.074 GMT-0000,1.3929,1.39287,1.88,3.94
19.03.2014 00:34:10.720 GMT-0000,1.3929,1.39287,1.88,2.25
19.03.2014 00:34:15.692 GMT-0000,1.39288,1.39287,1,1.5
19.03.2014 00:34:15.845 GMT-0000,1.39288,1.3928500000000001,2.25,5.07
19.03.2014 00:34:49.099 GMT-0000,1.39288,1.3928500000000001,2.25,2.82
19.03.2014 00:34:50.349 GMT-0000,1.39288,1.3928600000000002,1.5,1.5
19.03.2014 00:34:50.451 GMT-0000,1.3929,1.39288,3.57,1
19.03.2014 00:34:50.955 GMT-0000,1.3929200000000002,1.39288,4.32,4.13
19.03.2014 00:34:54.961 GMT-0000,1.3929200000000002,1.39288,3.38,4.32
19.03.2014 00:34:55.752 GMT-0000,1.3929,1.39288,1,3
19.03.2014 00:35:15.180 GMT-0000,1.3929,1.39288,1.13,1.5
19.03.2014 00:35:19.662 GMT-0000,1.39288,1.3928600000000002,1,2.44
19.03.2014 00:35:19.966 GMT-0000,1.39287,1.39284,1.88,1.88
19.03.2014 00:35:20.422 GMT-0000,1.39287,1.39284,2.25,1.13
19.03.2014 00:35:20.473 GMT-0000,1.39287,1.39284,1.88,1.13
19.03.2014 00:35:21.497 GMT-0000,1.39287,1.39284,2.25,1.13
19.03.2014 00:35:31.029 GMT-0000,1.39284,1.39283,1,2.07
19.03.2014 00:35:31.080 GMT-0000,1.39284,1.39281,6.75,1.32
19.03.2014 00:35:31.182 GMT-0000,1.3928200000000002,1.39279,2.63,1.69
19.03.2014 00:35:31.233 GMT-0000,1.3928200000000002,1.39279,2.63,1.69
19.03.2014 00:35:31.284 GMT-0000,1.3928200000000002,1.3928,3.19,1
19.03.2014 00:35:31.487 GMT-0000,1.3928200000000002,1.39279,5.82,1
19.03.2014 00:35:31.993 GMT-0000,1.3928,1.39279,1.13,1
19.03.2014 00:35:42.818 GMT-0000,1.3928,1.39278,1,2.82
19.03.2014 00:35:43.342 GMT-0000,1.39279,1.39277,1,3.94
19.03.2014 00:35:48.111 GMT-0000,1.39278,1.39277,1.5,1.5
19.03.2014 00:35:51.447 GMT-0000,1.3928,1.39277,4.13,1.88
19.03.2014 00:35:54.984 GMT-0000,1.39278,1.39277,1,1.5
19.03.2014 00:35:55.518 GMT-0000,1.39279,1.39277,1,1.88
19.03.2014 00:35:56.076 GMT-0000,1.3928,1.39277,3.38,1.88
19.03.2014 00:35:59.668 GMT-0000,1.3928,1.39278,1.69,1
19.03.2014 00:36:00.173 GMT-0000,1.3928200000000002,1.39279,1.63,3
19.03.2014 00:36:01.698 GMT-0000,1.3928200000000002,1.39279,1,1.69
19.03.2014 00:36:03.407 GMT-0000,1.3928200000000002,1.39279,1.38,1.69
19.03.2014 00:36:04.240 GMT-0000,1.3928,1.39277,1.5,2.82
19.03.2014 00:36:04.745 GMT-0000,1.39279,1.39277,1.13,1.5
19.03.2014 00:36:07.289 GMT-0000,1.39279,1.39277,1,2.25
19.03.2014 00:36:07.797 GMT-0000,1.3928,1.39278,1.13,1
19.03.2014 00:36:08.246 GMT-0000,1.3928,1.39279,1.13,1
19.03.2014 00:36:08.450 GMT-0000,1.3928200000000002,1.3928,1.19,3.38
19.03.2014 00:36:08.551 GMT-0000,1.39283,1.3928,2.82,3.75
19.03.2014 00:36:09.266 GMT-0000,1.3928200000000002,1.3928,1,3
19.03.2014 00:36:09.570 GMT-0000,1.3928200000000002,1.39279,2.82,1.5
19.03.2014 00:36:10.123 GMT-0000,1.3928200000000002,1.39279,2.82,1.5
19.03.2014 00:36:13.678 GMT-0000,1.3928,1.39277,1.88,5.25
19.03.2014 00:36:14.102 GMT-0000,1.39278,1.39276,1,1.69
19.03.2014 00:36:14.979 GMT-0000,1.3928,1.39278,10.69,1
19.03.2014 00:36:15.030 GMT-0000,1.3928,1.39278,8.44,1
19.03.2014 00:36:19.597 GMT-0000,1.39281,1.3928,1,1
19.03.2014 00:36:19.749 GMT-0000,1.39284,1.3928,6.19,4.69
19.03.2014 00:36:22.732 GMT-0000,1.3928200000000002,1.3928,1,3.94
19.03.2014 00:36:23.063 GMT-0000,1.3928200000000002,1.39278,4.69,6.19
19.03.2014 00:36:23.123 GMT-0000,1.3928200000000002,1.39278,5.07,5.82
19.03.2014 00:36:23.635 GMT-0000,1.3928200000000002,1.39279,2.44,1.13
19.03.2014 00:36:28.266 GMT-0000,1.3928200000000002,1.39279,2.07,1.13
19.03.2014 00:36:29.280 GMT-0000,1.3928200000000002,1.39279,2.25,1.32
19.03.2014 00:36:33.032 GMT-0000,1.3928200000000002,1.39279,1.5,2.44
19.03.2014 00:36:33.387 GMT-0000,1.39284,1.3928,2.63,6.94
19.03.2014 00:36:36.290 GMT-0000,1.3928200000000002,1.3928,1,8.07
19.03.2014 00:36:37.520 GMT-0000,1.39284,1.3928200000000002,1.88,1.5
19.03.2014 00:36:41.436 GMT-0000,1.39283,1.3928200000000002,1,1.5
19.03.2014 00:36:45.087 GMT-0000,1.3928500000000001,1.3928200000000002,4.69,2.25
19.03.2014 00:36:45.592 GMT-0000,1.3928500000000001,1.39283,1.88,1.88
19.03.2014 00:36:47.668 GMT-0000,1.3928600000000002,1.39284,1.69,1.5
19.03.2014 00:36:47.910 GMT-0000,1.39287,1.39284,2.63,2.07
19.03.2014 00:36:47.961 GMT-0000,1.39287,1.3928600000000002,1.13,1
19.03.2014 00:36:52.116 GMT-0000,1.39287,1.39284,3,6
19.03.2014 00:36:52.623 GMT-0000,1.39287,1.39284,2.82,1.5
19.03.2014 00:37:04.093 GMT-0000,1.39287,1.39284,2.44,1.5
19.03.2014 00:37:05.140 GMT-0000,1.39287,1.39284,2.82,1.5
19.03.2014 00:37:28.221 GMT-0000,1.3928600000000002,1.39284,1.88,1.5
19.03.2014 00:37:28.772 GMT-0000,1.3928600000000002,1.39284,2.25,1.5
19.03.2014 00:37:33.614 GMT-0000,1.3928500000000001,1.39283,1.13,3.57
19.03.2014 00:37:46.664 GMT-0000,1.3928500000000001,1.39283,6.94,2.25
19.03.2014 00:37:55.382 GMT-0000,1.3928500000000001,1.39283,6.19,1
19.03.2014 00:38:04.604 GMT-0000,1.3928500000000001,1.3928200000000002,5.44,1.5
19.03.2014 00:38:04.756 GMT-0000,1.39283,1.3928,1.88,4.32
19.03.2014 00:39:23.868 GMT-0000,1.39283,1.39278,2.44,2.82
19.03.2014 00:39:26.525 GMT-0000,1.39283,1.39279,3,1
19.03.2014 00:39:50.364 GMT-0000,1.39283,1.39279,3.19,2.25
19.03.2014 00:40:50.513 GMT-0000,1.39283,1.39279,3.94,1.5
19.03.2014 00:41:19.507 GMT-0000,1.39283,1.39279,3,2.25
19.03.2014 00:41:49.633 GMT-0000,1.39283,1.39278,2.44,3.75
19.03.2014 00:41:59.730 GMT-0000,1.39283,1.39278,1.69,4.69
19.03.2014 00:42:09.423 GMT-0000,1.39283,1.39278,2.44,3.94
19.03.2014 00:42:09.524 GMT-0000,1.39281,1.39278,1.88,2.07
19.03.2014 00:42:10.030 GMT-0000,1.39281,1.3928,1,2.25
19.03.2014 00:42:10.555 GMT-0000,1.39283,1.3928,6.57,2.25
19.03.2014 00:42:11.085 GMT-0000,1.39283,1.3928,5.82,2.25
19.03.2014 00:42:34.770 GMT-0000,1.3928,1.39279,1.13,1.88
19.03.2014 00:42:35.309 GMT-0000,1.3928,1.39279,1.13,1.5
19.03.2014 00:42:53.344 GMT-0000,1.3928,1.39278,1.13,2.25
19.03.2014 00:43:02.772 GMT-0000,1.3928,1.39278,2.63,1.88
19.03.2014 00:43:03.330 GMT-0000,1.39278,1.39277,1,1.69
19.03.2014 00:43:14.807 GMT-0000,1.39278,1.39276,1,2.07
19.03.2014 00:43:18.833 GMT-0000,1.39277,1.3927500000000002,3.76,2.93
19.03.2014 00:43:19.441 GMT-0000,1.3927500000000002,1.39273,1.88,1.69
19.03.2014 00:43:28.033 GMT-0000,1.39276,1.3927500000000002,3.98,1.43
19.03.2014 00:43:28.236 GMT-0000,1.39276,1.39273,3,2.07
19.03.2014 00:43:31.004 GMT-0000,1.3927500000000002,1.39273,1,1.25
19.03.2014 00:43:35.293 GMT-0000,1.39276,1.39273,2.63,1.69
19.03.2014 00:43:38.357 GMT-0000,1.3927500000000002,1.39273,1,1.25
19.03.2014 00:43:47.994 GMT-0000,1.3927500000000002,1.39273,1,2.07
19.03.2014 00:43:48.535 GMT-0000,1.39276,1.39274,1.5,2.63
19.03.2014 00:43:49.324 GMT-0000,1.39277,1.39274,3.38,2.63
19.03.2014 00:43:51.406 GMT-0000,1.39277,1.39274,4.13,2.25
19.03.2014 00:43:51.624 GMT-0000,1.3927500000000002,1.3927200000000002,3,2.44
19.03.2014 00:43:52.180 GMT-0000,1.3927500000000002,1.3927200000000002,6.57,2.25
19.03.2014 00:43:53.053 GMT-0000,1.3927500000000002,1.3927200000000002,7.32,1.5
19.03.2014 00:43:54.705 GMT-0000,1.39273,1.3927200000000002,1,1
19.03.2014 00:43:54.807 GMT-0000,1.3927200000000002,1.3927100000000001,1.5,2.25
19.03.2014 00:43:55.112 GMT-0000,1.3927,1.39268,1.13,2.44
19.03.2014 00:43:55.163 GMT-0000,1.39269,1.39267,1,1.13
19.03.2014 00:43:55.265 GMT-0000,1.39268,1.39266,1,4.32
19.03.2014 00:43:55.904 GMT-0000,1.39269,1.39266,1,4.32
19.03.2014 00:43:57.391 GMT-0000,1.3927,1.39266,4.69,4.32
19.03.2014 00:44:00.320 GMT-0000,1.3927,1.39266,3.75,7.69
19.03.2014 00:44:00.854 GMT-0000,1.3927,1.39268,2.25,1.5
19.03.2014 00:44:04.970 GMT-0000,1.3927,1.39269,1.5,1
19.03.2014 00:44:05.072 GMT-0000,1.3927200000000002,1.39269,1,1.5
19.03.2014 00:44:07.181 GMT-0000,1.3927,1.39269,1,1.5
19.03.2014 00:44:20.931 GMT-0000,1.3927100000000001,1.39269,1,1.5
19.03.2014 00:44:27.846 GMT-0000,1.3927100000000001,1.39269,2.25,1.5
19.03.2014 00:44:28.353 GMT-0000,1.3927,1.39267,1.88,4.32
19.03.2014 00:44:30.389 GMT-0000,1.3927,1.39267,1.88,3.57
19.03.2014 00:44:48.257 GMT-0000,1.3927,1.39268,1.13,1
19.03.2014 00:44:48.647 GMT-0000,1.39268,1.3926500000000002,1.13,4.69
19.03.2014 00:44:48.956 GMT-0000,1.39269,1.39266,1.88,1.69
19.03.2014 00:44:51.597 GMT-0000,1.39269,1.39266,1.5,3.19
19.03.2014 00:44:51.699 GMT-0000,1.3927200000000002,1.39269,5.82,1
19.03.2014 00:44:51.750 GMT-0000,1.3927200000000002,1.3927,2.25,1
19.03.2014 00:44:52.374 GMT-0000,1.39273,1.3927100000000001,1,1.5
19.03.2014 00:44:55.065 GMT-0000,1.39274,1.3927100000000001,1.69,1.5
19.03.2014 00:45:09.296 GMT-0000,1.39274,1.3927100000000001,3.57,1.5
19.03.2014 00:45:09.801 GMT-0000,1.39273,1.3927,2.63,1.88
19.03.2014 00:45:50.289 GMT-0000,1.39273,1.3927,3.19,1.88
19.03.2014 00:45:50.491 GMT-0000,1.3927100000000001,1.39267,7.88,2.85
19.03.2014 00:45:51.030 GMT-0000,1.3927,1.39267,1.5,1.73
19.03.2014 00:45:53.533 GMT-0000,1.3927,1.39269,1.25,1.5
19.03.2014 00:45:54.083 GMT-0000,1.3927200000000002,1.39269,4.5,1.5
19.03.2014 00:45:57.224 GMT-0000,1.3927200000000002,1.39269,3.75,1.5
19.03.2014 00:46:08.293 GMT-0000,1.3927200000000002,1.39269,3.23,1.5
19.03.2014 00:46:14.656 GMT-0000,1.3927,1.39268,1.13,3.23
19.03.2014 00:46:35.531 GMT-0000,1.3927,1.39269,1,1.5
19.03.2014 00:46:42.018 GMT-0000,1.3927100000000001,1.39269,1.13,1.5
19.03.2014 00:46:45.435 GMT-0000,1.39273,1.3927,3.94,1
19.03.2014 00:46:45.537 GMT-0000,1.39273,1.3927,3.94,1.88
19.03.2014 00:46:46.056 GMT-0000,1.39273,1.39269,5.1,1.69
19.03.2014 00:46:48.152 GMT-0000,1.3927200000000002,1.39269,2.1,1.69
19.03.2014 00:46:51.216 GMT-0000,1.39273,1.39269,7.35,1.69
19.03.2014 00:46:55.565 GMT-0000,1.39273,1.3927,6.04,1.5
19.03.2014 00:47:16.550 GMT-0000,1.39273,1.39269,4.32,1.5
19.03.2014 00:47:36.545 GMT-0000,1.3927200000000002,1.39269,1,3
19.03.2014 00:47:40.472 GMT-0000,1.39273,1.3927,1.25,1.75
19.03.2014 00:47:40.574 GMT-0000,1.39274,1.3927100000000001,1.69,1.88
19.03.2014 00:47:41.081 GMT-0000,1.3927500000000002,1.39273,1.69,1.88
19.03.2014 00:47:47.446 GMT-0000,1.3927500000000002,1.3927200000000002,2.82,1.5
19.03.2014 00:47:52.160 GMT-0000,1.39274,1.3927200000000002,1,1.5
19.03.2014 00:47:56.160 GMT-0000,1.39274,1.3927200000000002,1.69,1.5
19.03.2014 00:47:57.162 GMT-0000,1.39274,1.3927200000000002,1.25,1.5
19.03.2014 00:48:01.622 GMT-0000,1.39274,1.3927100000000001,1.25,3
19.03.2014 00:48:07.606 GMT-0000,1.39273,1.3927100000000001,1,3
19.03.2014 00:48:08.341 GMT-0000,1.39274,1.3927100000000001,1,3
19.03.2014 00:48:08.913 GMT-0000,1.3927500000000002,1.3927100000000001,4.32,3.75
19.03.2014 00:48:09.432 GMT-0000,1.3927500000000002,1.39273,3.19,1.88
19.03.2014 00:48:13.927 GMT-0000,1.39274,1.39273,1,1.88
19.03.2014 00:48:14.079 GMT-0000,1.39274,1.3927100000000001,1.5,3.19
19.03.2014 00:48:18.006 GMT-0000,1.39274,1.39273,1.5,1.5
19.03.2014 00:48:18.310 GMT-0000,1.39279,1.39278,1,1.69
19.03.2014 00:48:18.361 GMT-0000,1.3928,1.39278,1,2.07
19.03.2014 00:48:18.766 GMT-0000,1.3928200000000002,1.39278,2.82,5.63
19.03.2014 00:48:19.386 GMT-0000,1.3928200000000002,1.39278,1.88,6.57
19.03.2014 00:48:19.538 GMT-0000,1.39284,1.39281,3.19,1.5
19.03.2014 00:48:33.438 GMT-0000,1.39284,1.39281,1.69,1.5
19.03.2014 00:48:33.742 GMT-0000,1.39281,1.39279,1.5,1.88
19.03.2014 00:48:36.295 GMT-0000,1.3928200000000002,1.3928,1.5,1
19.03.2014 00:48:36.595 GMT-0000,1.39284,1.39281,1.13,1.5
19.03.2014 00:48:39.142 GMT-0000,1.3928500000000001,1.39281,3.19,2.63
19.03.2014 00:48:42.893 GMT-0000,1.3928500000000001,1.39283,3.94,1.88
19.03.2014 00:48:43.097 GMT-0000,1.39283,1.39281,1,1.5
19.03.2014 00:48:47.949 GMT-0000,1.39283,1.39281,1,3.38
19.03.2014 00:48:48.051 GMT-0000,1.3928600000000002,1.39284,1.88,10.75
19.03.2014 00:48:48.204 GMT-0000,1.39288,1.3928600000000002,1,3.38
19.03.2014 00:48:48.255 GMT-0000,1.39289,1.39287,1.25,1.88
19.03.2014 00:48:48.509 GMT-0000,1.3929500000000001,1.3929200000000002,3.75,2.82
19.03.2014 00:48:49.169 GMT-0000,1.39294,1.3929200000000002,1.13,1.5
19.03.2014 00:48:49.270 GMT-0000,1.39294,1.3929,2.63,6.57
19.03.2014 00:48:50.603 GMT-0000,1.39294,1.3929200000000002,1.5,1.13
19.03.2014 00:48:51.253 GMT-0000,1.3929500000000001,1.39293,3.57,1.88
19.03.2014 00:48:54.737 GMT-0000,1.3929500000000001,1.39293,3.19,1.88
19.03.2014 00:48:55.313 GMT-0000,1.39293,1.3929200000000002,1,1.5
19.03.2014 00:48:56.407 GMT-0000,1.39293,1.3929,1,6.19
19.03.2014 00:49:04.288 GMT-0000,1.3929200000000002,1.3929,1,4.5
19.03.2014 00:49:04.490 GMT-0000,1.39291,1.39288,1,6.19
19.03.2014 00:49:17.240 GMT-0000,1.3929200000000002,1.39288,3.38,7.32
19.03.2014 00:49:24.618 GMT-0000,1.3929200000000002,1.39289,2.82,1
19.03.2014 00:49:27.759 GMT-0000,1.39291,1.39289,1,1.5
19.03.2014 00:49:28.990 GMT-0000,1.39291,1.39289,1.5,1.5
19.03.2014 00:49:29.447 GMT-0000,1.39289,1.39287,1.5,1.69
19.03.2014 00:49:35.735 GMT-0000,1.39288,1.3928500000000001,5.5,12
19.03.2014 00:49:35.837 GMT-0000,1.3928500000000001,1.39284,1.5,1
19.03.2014 00:49:36.091 GMT-0000,1.3928500000000001,1.39283,1.5,2.63
19.03.2014 00:49:40.532 GMT-0000,1.39284,1.39281,1,1.69
19.03.2014 00:49:40.735 GMT-0000,1.39283,1.3928,1,5.44
19.03.2014 00:49:41.259 GMT-0000,1.39283,1.3928,1,4.5
19.03.2014 00:49:42.503 GMT-0000,1.39283,1.3928,1.75,4.13
19.03.2014 00:49:43.607 GMT-0000,1.39283,1.3928,2.44,3
19.03.2014 00:49:44.285 GMT-0000,1.39283,1.3928,3.38,7.17
19.03.2014 00:49:48.854 GMT-0000,1.3928200000000002,1.3928,1.32,1.88
19.03.2014 00:49:49.375 GMT-0000,1.39281,1.3928,1.13,1.5
19.03.2014 00:49:49.527 GMT-0000,1.39283,1.3928,2.63,6.42
19.03.2014 00:49:50.038 GMT-0000,1.39283,1.39281,1.13,1.5
19.03.2014 00:49:50.543 GMT-0000,1.3928200000000002,1.39281,1.5,1.5
19.03.2014 00:49:52.470 GMT-0000,1.3928200000000002,1.3928,1.5,3.19
19.03.2014 00:49:53.096 GMT-0000,1.39284,1.39281,3.19,1
19.03.2014 00:49:54.528 GMT-0000,1.3928200000000002,1.39281,1.5,1
19.03.2014 00:49:54.731 GMT-0000,1.39284,1.3928,3.19,6.19
19.03.2014 00:49:56.642 GMT-0000,1.39284,1.3928,2.44,6.57
19.03.2014 00:49:57.178 GMT-0000,1.39284,1.3928,2.63,6.19
19.03.2014 00:49:57.692 GMT-0000,1.39284,1.3928,2.25,8.44
19.03.2014 00:49:58.512 GMT-0000,1.39284,1.3928200000000002,1,1.5
19.03.2014 00:50:01.298 GMT-0000,1.39284,1.39283,1,1
19.03.2014 00:50:01.552 GMT-0000,1.3928600000000002,1.3928500000000001,3,1.25
19.03.2014 00:50:01.860 GMT-0000,1.39288,1.3928600000000002,1.13,1
19.03.2014 00:50:03.680 GMT-0000,1.39288,1.3928500000000001,1.88,2.44
19.03.2014 00:50:04.182 GMT-0000,1.39287,1.3928500000000001,1,2.44
19.03.2014 00:50:07.308 GMT-0000,1.39287,1.39283,2.63,6.94
19.03.2014 00:50:07.900 GMT-0000,1.3928600000000002,1.39283,1.5,6.94
19.03.2014 00:50:10.434 GMT-0000,1.3928500000000001,1.39283,1.5,5.07
19.03.2014 00:50:10.688 GMT-0000,1.39284,1.39281,2.13,6.19
19.03.2014 00:50:10.789 GMT-0000,1.39283,1.39281,1,3.94
19.03.2014 00:50:12.382 GMT-0000,1.39287,1.3928200000000002,12.75,3.38
19.03.2014 00:50:12.889 GMT-0000,1.3928600000000002,1.3928500000000001,1.5,1.69
19.03.2014 00:50:13.403 GMT-0000,1.3928600000000002,1.39284,1.5,1.69
19.03.2014 00:50:16.444 GMT-0000,1.39287,1.3928500000000001,2.25,1
19.03.2014 00:50:20.902 GMT-0000,1.39287,1.3928600000000002,1,1
19.03.2014 00:50:21.562 GMT-0000,1.39288,1.3928600000000002,1,1
19.03.2014 00:50:22.426 GMT-0000,1.39289,1.39287,1.88,1.5
19.03.2014 00:50:22.954 GMT-0000,1.3929,1.39288,1,4.88
19.03.2014 00:50:24.498 GMT-0000,1.39291,1.39288,2.25,4.88
19.03.2014 00:50:27.453 GMT-0000,1.3929200000000002,1.39289,1,2.1
19.03.2014 00:50:27.555 GMT-0000,1.39293,1.3929,2.44,3.38
19.03.2014 00:50:28.649 GMT-0000,1.39293,1.3929,2.44,6.98
19.03.2014 00:50:28.851 GMT-0000,1.3929600000000002,1.39294,3.75,1
19.03.2014 00:50:29.206 GMT-0000,1.39297,1.3929500000000001,3,1.5
19.03.2014 00:50:32.246 GMT-0000,1.3929600000000002,1.39294,1,4.77
19.03.2014 00:50:32.448 GMT-0000,1.3929500000000001,1.39293,1,3.57
19.03.2014 00:50:38.020 GMT-0000,1.3929500000000001,1.39293,3.38,3.38
19.03.2014 00:50:38.172 GMT-0000,1.39293,1.3929,1,8.44
19.03.2014 00:50:40.000 GMT-0000,1.39293,1.3929,1.88,5.07
19.03.2014 00:50:40.607 GMT-0000,1.39291,1.39288,1.5,6.94
19.03.2014 00:50:42.272 GMT-0000,1.39291,1.39288,1.88,6
19.03.2014 00:50:42.576 GMT-0000,1.39287,1.39284,2.88,6.38
19.03.2014 00:50:42.728 GMT-0000,1.3928500000000001,1.39284,1,1.25
19.03.2014 00:50:43.251 GMT-0000,1.3928500000000001,1.39283,1,4.92
19.03.2014 00:50:46.242 GMT-0000,1.39284,1.39283,1,1.88
19.03.2014 00:50:46.767 GMT-0000,1.39284,1.3928200000000002,1.32,1.5
19.03.2014 00:50:48.189 GMT-0000,1.3928500000000001,1.3928200000000002,3,1.88
19.03.2014 00:50:50.540 GMT-0000,1.3928500000000001,1.3928200000000002,1.88,1.88
19.03.2014 00:50:51.050 GMT-0000,1.3928600000000002,1.39284,1,1.88
19.03.2014 00:50:51.404 GMT-0000,1.3928500000000001,1.39283,2.5,2.63
19.03.2014 00:50:51.931 GMT-0000,1.39284,1.39283,1,1.13
19.03.2014 00:50:52.483 GMT-0000,1.39284,1.3928200000000002,1,1.88
19.03.2014 00:50:53.474 GMT-0000,1.3928500000000001,1.39283,1.5,1.38
19.03.2014 00:50:53.979 GMT-0000,1.3928600000000002,1.39284,1,2.25
19.03.2014 00:50:54.497 GMT-0000,1.39287,1.3928500000000001,1,1.25
19.03.2014 00:50:56.892 GMT-0000,1.39288,1.3928500000000001,2.25,2.44
19.03.2014 00:50:57.525 GMT-0000,1.39288,1.3928600000000002,2.25,1.5
19.03.2014 00:50:59.534 GMT-0000,1.39288,1.3928600000000002,1.5,3
19.03.2014 00:50:59.736 GMT-0000,1.3929,1.39287,3.19,3.38
19.03.2014 00:51:02.010 GMT-0000,1.3929,1.39287,3.19,3
19.03.2014 00:51:02.162 GMT-0000,1.3929200000000002,1.39289,3.57,1.13
19.03.2014 00:51:10.986 GMT-0000,1.3929200000000002,1.39288,5.82,4.32
19.03.2014 00:51:11.087 GMT-0000,1.3929,1.39288,2.25,1
19.03.2014 00:51:11.724 GMT-0000,1.3929,1.3928600000000002,2.63,3.19
19.03.2014 00:51:17.114 GMT-0000,1.39288,1.3928600000000002,1,1.69
19.03.2014 00:51:17.668 GMT-0000,1.39287,1.3928500000000001,1,2.07
19.03.2014 00:51:24.242 GMT-0000,1.39287,1.3928500000000001,1,1.13
19.03.2014 00:51:26.015 GMT-0000,1.39288,1.3928500000000001,2.44,1.13
19.03.2014 00:51:37.546 GMT-0000,1.39287,1.39284,1,8.82
19.03.2014 00:51:47.733 GMT-0000,1.39287,1.39284,1.88,5.44
19.03.2014 00:51:48.037 GMT-0000,1.39284,1.39283,1.5,1.88
19.03.2014 00:51:48.544 GMT-0000,1.39284,1.39283,1.5,1.88
19.03.2014 00:51:51.851 GMT-0000,1.3928500000000001,1.39283,3.57,1.5
19.03.2014 00:51:53.244 GMT-0000,1.39284,1.3928200000000002,1.5,2.44
19.03.2014 00:51:53.447 GMT-0000,1.39283,1.3928,1,5.82
19.03.2014 00:52:00.702 GMT-0000,1.39284,1.3928,2.25,5.44
19.03.2014 00:52:04.684 GMT-0000,1.39284,1.3928,2.44,4.13
19.03.2014 00:52:09.328 GMT-0000,1.39284,1.3928,2.44,4.88
19.03.2014 00:52:27.906 GMT-0000,1.39284,1.3928,2.82,4.13
19.03.2014 00:52:30.082 GMT-0000,1.39283,1.3928,1.13,3.75
19.03.2014 00:52:30.234 GMT-0000,1.3928,1.39276,6.38,3.19
19.03.2014 00:52:34.204 GMT-0000,1.39278,1.39276,1,1.5
19.03.2014 00:52:34.969 GMT-0000,1.3928,1.39277,4.92,4.88
19.03.2014 00:52:43.982 GMT-0000,1.39281,1.39279,3.19,1
19.03.2014 00:52:45.626 GMT-0000,1.3928,1.39279,1.25,1.13
19.03.2014 00:52:49.141 GMT-0000,1.39281,1.3928,1,1
19.03.2014 00:52:49.597 GMT-0000,1.39283,1.3928,1.63,1.5
19.03.2014 00:52:49.698 GMT-0000,1.39284,1.3928,6.57,3
19.03.2014 00:52:50.003 GMT-0000,1.3928500000000001,1.3928200000000002,1.5,4.5
19.03.2014 00:52:50.516 GMT-0000,1.3928500000000001,1.3928200000000002,1.5,9
19.03.2014 00:52:55.874 GMT-0000,1.3928500000000001,1.39283,1.13,2.25
19.03.2014 00:52:57.752 GMT-0000,1.3928500000000001,1.39284,1,1
19.03.2014 00:52:57.853 GMT-0000,1.39287,1.3928500000000001,1.88,2.5
19.03.2014 00:52:58.261 GMT-0000,1.3929,1.3928600000000002,3.23,3.94
19.03.2014 00:52:58.312 GMT-0000,1.3929,1.39287,2.48,1.75
19.03.2014 00:53:02.573 GMT-0000,1.3929,1.39288,1.05,1.5
19.03.2014 00:53:07.512 GMT-0000,1.3929,1.39289,1.05,3.75
19.03.2014 00:53:08.125 GMT-0000,1.3929200000000002,1.3929,3,1
19.03.2014 00:53:16.712 GMT-0000,1.3929,1.39288,1,1.69
19.03.2014 00:53:48.564 GMT-0000,1.3929,1.39289,1,1
19.03.2014 00:53:50.320 GMT-0000,1.3929,1.39288,2.1,1.13
19.03.2014 00:53:50.421 GMT-0000,1.39289,1.3928500000000001,6.18,7.13
19.03.2014 00:53:50.573 GMT-0000,1.39287,1.39284,5.1,1.69
19.03.2014 00:53:51.128 GMT-0000,1.3928500000000001,1.39284,1.5,2.25
19.03.2014 00:53:57.925 GMT-0000,1.39287,1.3928500000000001,1.13,2.5
19.03.2014 00:53:57.977 GMT-0000,1.39288,1.3928600000000002,1,1.5
19.03.2014 00:53:58.027 GMT-0000,1.39289,1.39287,2.07,1
19.03.2014 00:54:02.620 GMT-0000,1.39291,1.39288,1.88,2.5
19.03.2014 00:54:02.722 GMT-0000,1.3929200000000002,1.3929,3.57,1.5
19.03.2014 00:54:06.584 GMT-0000,1.39291,1.39288,1.75,2.63
19.03.2014 00:54:06.838 GMT-0000,1.3929200000000002,1.39288,2.44,1
19.03.2014 00:54:07.672 GMT-0000,1.3929200000000002,1.39289,2.07,1
19.03.2014 00:54:12.067 GMT-0000,1.3929200000000002,1.3929,1.88,1
19.03.2014 00:54:13.952 GMT-0000,1.39291,1.39289,1,1
19.03.2014 00:54:14.104 GMT-0000,1.3929200000000002,1.39289,1.13,1
19.03.2014 00:54:14.647 GMT-0000,1.3929200000000002,1.3929,1,1.25
19.03.2014 00:54:21.174 GMT-0000,1.39293,1.3929,3,2.44
19.03.2014 00:54:21.427 GMT-0000,1.39293,1.3929200000000002,2.25,1.13
19.03.2014 00:54:21.731 GMT-0000,1.3929500000000001,1.39294,1.5,4.13
19.03.2014 00:54:21.833 GMT-0000,1.3929600000000002,1.3929500000000001,1,1.5
19.03.2014 00:54:21.985 GMT-0000,1.3929799999999999,1.3929600000000002,1.13,1.5
19.03.2014 00:54:24.353 GMT-0000,1.39299,1.3929600000000002,3.57,1.5
19.03.2014 00:54:24.505 GMT-0000,1.39297,1.3929600000000002,1,1.5
19.03.2014 00:54:25.179 GMT-0000,1.3929799999999999,1.3929600000000002,1.5,1.5
19.03.2014 00:54:27.270 GMT-0000,1.39297,1.3929600000000002,1,1.5
19.03.2014 00:54:27.600 GMT-0000,1.39297,1.3929600000000002,1,1.5
19.03.2014 00:54:27.752 GMT-0000,1.3929600000000002,1.39294,1.5,3.75
19.03.2014 00:54:29.880 GMT-0000,1.39297,1.39294,1,9.23
19.03.2014 00:54:29.930 GMT-0000,1.39297,1.3929600000000002,1,1
19.03.2014 00:54:30.452 GMT-0000,1.3929799999999999,1.3929600000000002,1.13,1.5
19.03.2014 00:54:31.457 GMT-0000,1.39299,1.3929600000000002,1.88,1.58
19.03.2014 00:54:38.508 GMT-0000,1.39299,1.3929600000000002,3.38,1.58
19.03.2014 00:54:38.855 GMT-0000,1.3929600000000002,1.3929500000000001,2.63,3.75
19.03.2014 00:54:38.906 GMT-0000,1.3929500000000001,1.39294,1,4.13
19.03.2014 00:54:39.058 GMT-0000,1.39294,1.3929200000000002,2.88,1.88
19.03.2014 00:54:39.361 GMT-0000,1.39293,1.3929200000000002,1,2.63
19.03.2014 00:54:40.171 GMT-0000,1.39294,1.3929200000000002,1.5,1.5
19.03.2014 00:54:40.222 GMT-0000,1.3929500000000001,1.39293,4.5,1.5
19.03.2014 00:54:40.424 GMT-0000,1.39297,1.3929600000000002,1,1
19.03.2014 00:54:40.930 GMT-0000,1.39297,1.3929500000000001,1,2.07
19.03.2014 00:54:41.933 GMT-0000,1.39297,1.3929600000000002,1.5,1
19.03.2014 00:54:43.772 GMT-0000,1.3929799999999999,1.3929600000000002,2.7,1.5
19.03.2014 00:54:44.339 GMT-0000,1.39297,1.3929600000000002,1,1.5
19.03.2014 00:54:45.110 GMT-0000,1.39297,1.39294,2.85,3.94
19.03.2014 00:54:45.161 GMT-0000,1.3929600000000002,1.39291,5.63,3.75
19.03.2014 00:54:45.263 GMT-0000,1.39294,1.3929,3.38,5.25
19.03.2014 00:54:45.889 GMT-0000,1.3929500000000001,1.39293,1.88,1.5
19.03.2014 00:54:46.447 GMT-0000,1.3929600000000002,1.39294,2.44,4.13
19.03.2014 00:54:46.549 GMT-0000,1.3929799999999999,1.3929500000000001,3.38,2.07
19.03.2014 00:54:47.054 GMT-0000,1.3929799999999999,1.3929500000000001,1.13,7.32
19.03.2014 00:54:52.890 GMT-0000,1.3929799999999999,1.39297,1,1.5
19.03.2014 00:54:53.042 GMT-0000,1.393,1.39297,5.4,1.69
19.03.2014 00:54:53.547 GMT-0000,1.393,1.3929799999999999,1.2,2.25
19.03.2014 00:54:58.021 GMT-0000,1.39299,1.3929799999999999,1,1.69
19.03.2014 00:54:58.602 GMT-0000,1.393,1.3929799999999999,4.47,1.5
19.03.2014 00:54:59.366 GMT-0000,1.393,1.3929799999999999,2.07,1
19.03.2014 00:54:59.467 GMT-0000,1.3930200000000001,1.39299,3.94,1
19.03.2014 00:54:59.835 GMT-0000,1.39303,1.3930200000000001,1.5,1.5
19.03.2014 00:54:59.886 GMT-0000,1.3930200000000001,1.393,2.88,3.75
19.03.2014 00:55:00.039 GMT-0000,1.39301,1.39299,1.88,1.5
19.03.2014 00:55:00.495 GMT-0000,1.3930200000000001,1.393,10.69,1
19.03.2014 00:55:00.647 GMT-0000,1.3930500000000001,1.39303,1,3.38
19.03.2014 00:55:02.563 GMT-0000,1.3930500000000001,1.3930200000000001,2.25,3.75
19.03.2014 00:55:03.107 GMT-0000,1.3930500000000001,1.39303,2.25,1
19.03.2014 00:55:03.313 GMT-0000,1.39303,1.39299,6.25,2.25
19.03.2014 00:55:03.719 GMT-0000,1.39303,1.39301,1,3
19.03.2014 00:55:04.241 GMT-0000,1.3930500000000001,1.39301,9.57,3.75
19.03.2014 00:55:04.450 GMT-0000,1.3930200000000001,1.39301,1,2.25
19.03.2014 00:55:04.805 GMT-0000,1.39304,1.39301,4.69,1.5
19.03.2014 00:55:05.318 GMT-0000,1.39303,1.39301,1,1.5
19.03.2014 00:55:07.363 GMT-0000,1.39304,1.39301,2.82,2.25
19.03.2014 00:55:08.657 GMT-0000,1.3930500000000001,1.39301,5.7,5.25
19.03.2014 00:55:08.758 GMT-0000,1.3930500000000001,1.39304,4.95,1
19.03.2014 00:55:09.062 GMT-0000,1.39309,1.3930600000000002,1.88,4.32
19.03.2014 00:55:09.625 GMT-0000,1.39309,1.39307,1.88,1.69
19.03.2014 00:55:15.741 GMT-0000,1.39309,1.3930600000000002,2.25,2.07
19.03.2014 00:55:16.047 GMT-0000,1.3930500000000001,1.39304,1,2.25
19.03.2014 00:55:17.112 GMT-0000,1.3930500000000001,1.39304,3.38,3.75
19.03.2014 00:55:17.264 GMT-0000,1.39308,1.3930600000000002,2.44,1.5
19.03.2014 00:55:19.440 GMT-0000,1.39307,1.3930500000000001,1,1
19.03.2014 00:55:19.541 GMT-0000,1.39307,1.3930500000000001,1,1.5
19.03.2014 00:55:19.642 GMT-0000,1.39308,1.3930600000000002,2.07,1
19.03.2014 00:55:21.475 GMT-0000,1.39307,1.3930500000000001,1,1.5
19.03.2014 00:55:21.576 GMT-0000,1.39307,1.3930500000000001,2.25,3
19.03.2014 00:55:21.829 GMT-0000,1.3930600000000002,1.3930500000000001,2.63,3
19.03.2014 00:55:22.438 GMT-0000,1.3930600000000002,1.39304,2.44,1.5
19.03.2014 00:55:24.302 GMT-0000,1.39307,1.3930500000000001,1,1.5
19.03.2014 00:55:24.454 GMT-0000,1.39309,1.3930500000000001,3.57,1.88
19.03.2014 00:55:26.499 GMT-0000,1.39309,1.39307,2.44,1
19.03.2014 00:55:27.598 GMT-0000,1.39307,1.3930600000000002,1.5,1
19.03.2014 00:55:27.800 GMT-0000,1.39307,1.3930500000000001,1,5.25
19.03.2014 00:55:33.325 GMT-0000,1.3930600000000002,1.3930500000000001,3.38,2.63
19.03.2014 00:55:33.527 GMT-0000,1.39304,1.3930200000000001,1,1.5
19.03.2014 00:55:33.679 GMT-0000,1.39303,1.39301,1,3
19.03.2014 00:55:34.193 GMT-0000,1.39304,1.39301,1.32,2.25
19.03.2014 00:55:34.718 GMT-0000,1.39303,1.39301,1,2.25
19.03.2014 00:55:35.223 GMT-0000,1.39304,1.39301,2.07,2.25
19.03.2014 00:55:35.374 GMT-0000,1.39304,1.39303,1.69,1.5
19.03.2014 00:55:37.663 GMT-0000,1.39303,1.3930200000000001,1,1.13
19.03.2014 00:55:37.815 GMT-0000,1.3930200000000001,1.393,2.63,1.5
19.03.2014 00:55:38.376 GMT-0000,1.3930200000000001,1.39301,6.19,1
19.03.2014 00:55:38.885 GMT-0000,1.39301,1.39299,1.88,1
19.03.2014 00:55:39.401 GMT-0000,1.393,1.3929799999999999,1.13,2.07
19.03.2014 00:55:46.247 GMT-0000,1.393,1.39299,2.1,1
19.03.2014 00:55:47.772 GMT-0000,1.393,1.3929799999999999,2.48,1.5
19.03.2014 00:55:49.206 GMT-0000,1.393,1.39299,1.73,1
19.03.2014 00:55:49.718 GMT-0000,1.39301,1.39299,1.3,2.85
19.03.2014 00:55:50.226 GMT-0000,1.393,1.3929799999999999,2.48,3
19.03.2014 00:55:51.032 GMT-0000,1.39301,1.3929799999999999,1.69,1.88
19.03.2014 00:55:51.284 GMT-0000,1.3930200000000001,1.393,1.5,2.63
19.03.2014 00:55:51.537 GMT-0000,1.39304,1.393,5.63,5.07
19.03.2014 00:55:51.689 GMT-0000,1.3930200000000001,1.393,4.5,5.07
19.03.2014 00:55:52.022 GMT-0000,1.393,1.3929799999999999,1,1.88
19.03.2014 00:55:53.180 GMT-0000,1.393,1.3929799999999999,2.4,1.5
19.03.2014 00:55:53.693 GMT-0000,1.393,1.39297,2.4,4.5
19.03.2014 00:55:56.005 GMT-0000,1.3929799999999999,1.3929600000000002,1.5,1.88
19.03.2014 00:56:19.088 GMT-0000,1.3929600000000002,1.39294,4.13,3.75
19.03.2014 00:56:19.139 GMT-0000,1.3929500000000001,1.39294,1.5,5.25
19.03.2014 00:56:19.494 GMT-0000,1.39294,1.39293,1.13,2.25
19.03.2014 00:56:28.898 GMT-0000,1.3929500000000001,1.39293,1.5,2.63
19.03.2014 00:56:29.406 GMT-0000,1.3929600000000002,1.39294,1,2.25
19.03.2014 00:56:31.365 GMT-0000,1.3929500000000001,1.39294,1,1.13
19.03.2014 00:56:31.924 GMT-0000,1.3929500000000001,1.39294,1.13,1
19.03.2014 00:56:39.194 GMT-0000,1.3929500000000001,1.39293,4.13,2.25
19.03.2014 00:56:39.778 GMT-0000,1.3929500000000001,1.39294,3,1
19.03.2014 00:56:50.972 GMT-0000,1.3929500000000001,1.39294,2.82,1.13
19.03.2014 00:56:51.176 GMT-0000,1.39297,1.3929600000000002,1.5,2.63
19.03.2014 00:56:51.682 GMT-0000,1.3929799999999999,1.3929500000000001,1.75,3.19
19.03.2014 00:56:56.900 GMT-0000,1.3929799999999999,1.3929600000000002,1,1.69
19.03.2014 00:57:00.258 GMT-0000,1.3929799999999999,1.3929600000000002,1,3.79
19.03.2014 00:57:00.311 GMT-0000,1.393,1.39297,5.89,2.48
19.03.2014 00:57:11.577 GMT-0000,1.393,1.3929799999999999,2.33,1
19.03.2014 00:57:28.281 GMT-0000,1.39299,1.3929600000000002,3,8.44
19.03.2014 00:57:44.680 GMT-0000,1.393,1.39297,5.89,3.38
19.03.2014 00:58:05.392 GMT-0000,1.39299,1.3929600000000002,1.75,4.32
19.03.2014 00:58:13.134 GMT-0000,1.393,1.39297,2.7,6.38
19.03.2014 00:58:13.286 GMT-0000,1.39301,1.39299,2.82,1
19.03.2014 00:58:13.591 GMT-0000,1.3930200000000001,1.39301,1.3,1.88
19.03.2014 00:58:13.641 GMT-0000,1.39304,1.39301,1.32,5.25
19.03.2014 00:58:13.844 GMT-0000,1.3930500000000001,1.3930200000000001,3.19,3
19.03.2014 00:58:14.345 GMT-0000,1.3930500000000001,1.39303,2.07,1.5
19.03.2014 00:58:33.340 GMT-0000,1.39303,1.39301,1.13,2.63
19.03.2014 00:58:33.442 GMT-0000,1.39303,1.39301,1.88,3
19.03.2014 00:58:53.634 GMT-0000,1.39303,1.393,1,2.85
19.03.2014 00:59:00.336 GMT-0000,1.3930200000000001,1.393,1,2.25
19.03.2014 00:59:02.291 GMT-0000,1.39301,1.393,1,2.25
19.03.2014 00:59:02.746 GMT-0000,1.39303,1.393,2.63,2.25
19.03.2014 00:59:04.275 GMT-0000,1.3930200000000001,1.393,1,1.5
19.03.2014 00:59:05.913 GMT-0000,1.39301,1.3929600000000002,3.25,3.38
19.03.2014 00:59:06.217 GMT-0000,1.393,1.39299,3.38,1.25
19.03.2014 00:59:06.522 GMT-0000,1.39299,1.3929600000000002,1.75,3.57
19.03.2014 00:59:07.086 GMT-0000,1.39299,1.3929600000000002,1.75,3.57
19.03.2014 00:59:07.137 GMT-0000,1.393,1.3929799999999999,3.75,1.13
19.03.2014 00:59:07.491 GMT-0000,1.3930200000000001,1.39299,3.57,1.88
19.03.2014 00:59:07.592 GMT-0000,1.39303,1.39301,7.54,1
19.03.2014 00:59:07.896 GMT-0000,1.39301,1.39299,2.5,3.19
19.03.2014 00:59:08.098 GMT-0000,1.3930200000000001,1.393,3.42,1
19.03.2014 00:59:08.452 GMT-0000,1.39301,1.39299,2.88,2.44
19.03.2014 00:59:09.062 GMT-0000,1.393,1.39299,1.13,2.25
19.03.2014 00:59:09.589 GMT-0000,1.39303,1.39301,3.94,1
19.03.2014 00:59:11.492 GMT-0000,1.39303,1.393,2.44,1.5
19.03.2014 00:59:14.650 GMT-0000,1.39303,1.39301,1.69,1
19.03.2014 00:59:22.079 GMT-0000,1.39303,1.39301,1.5,1.5
19.03.2014 00:59:28.661 GMT-0000,1.39304,1.393,2.82,7.54
19.03.2014 00:59:36.894 GMT-0000,1.39303,1.393,1,7.54
19.03.2014 00:59:41.470 GMT-0000,1.39304,1.393,3.75,7.54
19.03.2014 00:59:44.785 GMT-0000,1.3930500000000001,1.3930200000000001,3.94,3
19.03.2014 00:59:44.987 GMT-0000,1.39304,1.3930200000000001,1.88,1.43
19.03.2014 00:59:45.613 GMT-0000,1.39303,1.39301,1,1.5
19.03.2014 00:59:49.828 GMT-0000,1.3930200000000001,1.393,1,6.94
19.03.2014 01:00:00.614 GMT-0000,1.393,1.3929799999999999,1.38,3.75
19.03.2014 01:00:00.867 GMT-0000,1.3930200000000001,1.393,3.75,1
19.03.2014 01:00:01.070 GMT-0000,1.393,1.39297,4.38,1.69
19.03.2014 01:00:01.374 GMT-0000,1.3929799999999999,1.3929600000000002,10.17,1
19.03.2014 01:00:01.526 GMT-0000,1.3929600000000002,1.39294,1.1,2.07
19.03.2014 01:00:02.051 GMT-0000,1.3929600000000002,1.39293,2.6,3.94
19.03.2014 01:00:02.570 GMT-0000,1.3929799999999999,1.3929600000000002,1.5,1.88
19.03.2014 01:00:02.874 GMT-0000,1.39301,1.3929799999999999,3.35,1.13
19.03.2014 01:00:03.329 GMT-0000,1.393,1.3929799999999999,5.22,1.88
19.03.2014 01:00:03.846 GMT-0000,1.39299,1.3929600000000002,1.1,3.94
19.03.2014 01:00:17.735 GMT-0000,1.3929799999999999,1.3929600000000002,1.35,3.75
19.03.2014 01:00:17.786 GMT-0000,1.3929600000000002,1.3929500000000001,1.13,3.23
19.03.2014 01:00:18.028 GMT-0000,1.39294,1.39291,3,3.19
19.03.2014 01:00:18.856 GMT-0000,1.39294,1.3929,3.75,9.19
19.03.2014 01:00:28.811 GMT-0000,1.39294,1.39291,4.32,1
19.03.2014 01:00:30.389 GMT-0000,1.39294,1.3929200000000002,2.44,1
19.03.2014 01:00:30.491 GMT-0000,1.3929500000000001,1.39294,1.69,1
19.03.2014 01:00:30.694 GMT-0000,1.3929799999999999,1.3929600000000002,2.4,2.25
19.03.2014 01:00:31.230 GMT-0000,1.3929799999999999,1.3929600000000002,2.03,3.19
19.03.2014 01:00:40.119 GMT-0000,1.3929799999999999,1.3929600000000002,2.03,1.69
19.03.2014 01:00:41.657 GMT-0000,1.3929799999999999,1.3929600000000002,2.03,2.44
19.03.2014 01:00:56.999 GMT-0000,1.39299,1.3929600000000002,3.75,1
19.03.2014 01:00:57.101 GMT-0000,1.39299,1.3929500000000001,4.32,6.19
19.03.2014 01:00:57.408 GMT-0000,1.39299,1.3929600000000002,2.82,1.5
19.03.2014 01:00:57.712 GMT-0000,1.39299,1.3929500000000001,5.07,4.32
19.03.2014 01:01:07.157 GMT-0000,1.39299,1.3929500000000001,3.38,8.07
19.03.2014 01:01:16.502 GMT-0000,1.3929799999999999,1.3929500000000001,1.5,6.57
19.03.2014 01:01:28.271 GMT-0000,1.3929799999999999,1.3929500000000001,1.5,8.07
19.03.2014 01:01:31.377 GMT-0000,1.3929799999999999,1.3929500000000001,1.69,7.13
19.03.2014 01:01:31.781 GMT-0000,1.3929799999999999,1.3929600000000002,1.25,1.5
19.03.2014 01:01:32.360 GMT-0000,1.39299,1.39297,1,1.88
19.03.2014 01:01:55.127 GMT-0000,1.3929799999999999,1.39297,1,1.88
19.03.2014 01:01:55.329 GMT-0000,1.393,1.39297,2.82,1.88
19.03.2014 01:01:55.431 GMT-0000,1.39299,1.3929600000000002,2.25,1.69
19.03.2014 01:01:55.634 GMT-0000,1.39299,1.3929600000000002,2.63,1.69
19.03.2014 01:01:55.735 GMT-0000,1.39299,1.3929600000000002,3.38,1.25
19.03.2014 01:01:55.988 GMT-0000,1.39299,1.3929600000000002,1.88,2.44
19.03.2014 01:01:56.393 GMT-0000,1.3930200000000001,1.3929799999999999,7.13,4.5
19.03.2014 01:01:56.545 GMT-0000,1.39303,1.393,2.07,3.38
19.03.2014 01:02:00.365 GMT-0000,1.39303,1.3930200000000001,1.5,1
19.03.2014 01:02:00.572 GMT-0000,1.3930500000000001,1.39303,1,1.13
19.03.2014 01:02:01.487 GMT-0000,1.39303,1.39299,6.07,7.88
19.03.2014 01:02:01.589 GMT-0000,1.3930200000000001,1.393,4.35,1.38
19.03.2014 01:02:02.695 GMT-0000,1.39301,1.39299,1,5.18
19.03.2014 01:02:03.151 GMT-0000,1.393,1.3929799999999999,1.5,2.25
19.03.2014 01:02:03.698 GMT-0000,1.393,1.3929600000000002,3.75,7.69
19.03.2014 01:02:04.483 GMT-0000,1.39299,1.3929600000000002,1.75,4.5
19.03.2014 01:02:05.012 GMT-0000,1.39299,1.3929600000000002,1.88,1.69
19.03.2014 01:02:08.618 GMT-0000,1.3929799999999999,1.3929600000000002,1,1.69
19.03.2014 01:02:20.081 GMT-0000,1.3929799999999999,1.3929500000000001,2.25,4.69
19.03.2014 01:02:25.879 GMT-0000,1.3929799999999999,1.3929500000000001,2.25,4.69
19.03.2014 01:02:42.788 GMT-0000,1.39299,1.3929500000000001,3.64,4.32
19.03.2014 01:02:49.376 GMT-0000,1.39299,1.3929600000000002,1.77,3
19.03.2014 01:02:54.200 GMT-0000,1.3929799999999999,1.3929500000000001,1,11.07
19.03.2014 01:02:59.151 GMT-0000,1.3929799999999999,1.3929500000000001,1.5,8.07
19.03.2014 01:02:59.655 GMT-0000,1.3929799999999999,1.3929500000000001,1.32,4.13
19.03.2014 01:03:01.909 GMT-0000,1.3929799999999999,1.3929500000000001,3.19,4.13
19.03.2014 01:03:17.580 GMT-0000,1.39297,1.3929500000000001,1.88,2.63
19.03.2014 01:03:27.674 GMT-0000,1.3929799999999999,1.3929600000000002,1.5,1.88
19.03.2014 01:03:28.206 GMT-0000,1.393,1.3929600000000002,7.02,5.25
19.03.2014 01:03:41.690 GMT-0000,1.3929799999999999,1.3929600000000002,1,4.5
19.03.2014 01:03:41.741 GMT-0000,1.39297,1.3929500000000001,1.5,4.88
19.03.2014 01:03:42.281 GMT-0000,1.39297,1.3929500000000001,1.5,3
19.03.2014 01:03:58.218 GMT-0000,1.3929600000000002,1.39294,1,5.82
19.03.2014 01:03:58.523 GMT-0000,1.3929500000000001,1.39294,4.35,1.5
19.03.2014 01:03:59.059 GMT-0000,1.39294,1.3929200000000002,3.25,1.88
19.03.2014 01:04:00.004 GMT-0000,1.39294,1.39293,1.5,1.5
19.03.2014 01:04:12.407 GMT-0000,1.3929500000000001,1.39294,1.5,1
19.03.2014 01:04:14.236 GMT-0000,1.39294,1.39293,1.5,2.63
19.03.2014 01:04:18.528 GMT-0000,1.3929500000000001,1.39293,2.25,2.63
19.03.2014 01:04:19.044 GMT-0000,1.3929500000000001,1.39293,3.75,2.63
19.03.2014 01:04:28.576 GMT-0000,1.3929600000000002,1.39294,1,3
19.03.2014 01:04:34.656 GMT-0000,1.3929500000000001,1.39293,1.88,2.82
19.03.2014 01:04:35.736 GMT-0000,1.39294,1.39293,1,1.5
19.03.2014 01:04:36.967 GMT-0000,1.39294,1.3929200000000002,1,1
19.03.2014 01:04:37.321 GMT-0000,1.39293,1.39291,4.13,1.88
19.03.2014 01:04:37.372 GMT-0000,1.39293,1.3929,7.5,4.69
19.03.2014 01:04:37.878 GMT-0000,1.39291,1.3929,1.88,1.13
19.03.2014 01:04:38.420 GMT-0000,1.39291,1.39287,2.88,6.94
19.03.2014 01:04:41.411 GMT-0000,1.3929,1.39287,2.63,3.94
19.03.2014 01:04:41.975 GMT-0000,1.39289,1.39287,1.13,1.88
19.03.2014 01:04:44.714 GMT-0000,1.3929,1.39288,2.22,1.38
19.03.2014 01:04:53.261 GMT-0000,1.3929,1.39288,4.28,1
19.03.2014 01:04:53.955 GMT-0000,1.3929,1.39287,4.28,2.07
19.03.2014 01:04:54.579 GMT-0000,1.39289,1.3928600000000002,1.75,1.88
19.03.2014 01:04:54.731 GMT-0000,1.39289,1.3928500000000001,4.69,3.94
19.03.2014 01:05:00.303 GMT-0000,1.39289,1.3928600000000002,5.07,1.5
19.03.2014 01:05:01.706 GMT-0000,1.3929,1.39288,2.59,1.5
19.03.2014 01:05:02.252 GMT-0000,1.3929,1.39288,1.2,3.19
19.03.2014 01:05:08.009 GMT-0000,1.3929,1.39288,2.78,2.07
19.03.2014 01:05:08.568 GMT-0000,1.3929,1.39287,4.28,1.69
19.03.2014 01:05:16.133 GMT-0000,1.39288,1.3928600000000002,1,1
19.03.2014 01:05:16.451 GMT-0000,1.39287,1.3928500000000001,1,4.13
19.03.2014 01:05:17.153 GMT-0000,1.39288,1.3928500000000001,3.38,4.13
19.03.2014 01:05:17.721 GMT-0000,1.39287,1.3928500000000001,1,4.13
19.03.2014 01:05:27.712 GMT-0000,1.39287,1.39277,3.25,1
19.03.2014 01:05:27.763 GMT-0000,1.39283,1.39277,6.6,2.25
19.03.2014 01:05:27.813 GMT-0000,1.3928200000000002,1.39279,5.73,14.44
19.03.2014 01:05:28.117 GMT-0000,1.39281,1.39279,1.88,1.13
19.03.2014 01:05:28.630 GMT-0000,1.39283,1.39279,3.75,2.63
19.03.2014 01:05:28.782 GMT-0000,1.39283,1.3928,1.88,3.38
19.03.2014 01:05:37.246 GMT-0000,1.39284,1.39281,1.69,1.88
19.03.2014 01:05:41.321 GMT-0000,1.39284,1.39283,1.5,1
19.03.2014 01:05:43.445 GMT-0000,1.3928600000000002,1.39284,1.25,3.76
19.03.2014 01:05:43.547 GMT-0000,1.39287,1.3928500000000001,4.69,1.88
19.03.2014 01:05:43.753 GMT-0000,1.39288,1.3928600000000002,3.38,1
19.03.2014 01:05:44.266 GMT-0000,1.39288,1.39287,1,1.5
19.03.2014 01:05:44.570 GMT-0000,1.3929,1.39287,7.47,1.5
19.03.2014 01:05:48.714 GMT-0000,1.3929,1.39289,1,2.25
19.03.2014 01:05:49.220 GMT-0000,1.3929,1.39289,1,7.13
19.03.2014 01:05:51.529 GMT-0000,1.39293,1.39289,2.25,12.88
19.03.2014 01:05:51.833 GMT-0000,1.3929500000000001,1.39293,2.78,1.88
19.03.2014 01:05:52.137 GMT-0000,1.3929600000000002,1.39294,3.75,1.63
19.03.2014 01:05:52.705 GMT-0000,1.39297,1.3929500000000001,1.5,3
19.03.2014 01:05:57.825 GMT-0000,1.39297,1.3929500000000001,2.25,1.13
19.03.2014 01:05:58.183 GMT-0000,1.3929500000000001,1.39294,3.45,1.5
19.03.2014 01:05:58.285 GMT-0000,1.39294,1.39291,1.5,5.07
19.03.2014 01:05:59.890 GMT-0000,1.39293,1.39291,2.5,4.5
19.03.2014 01:05:59.992 GMT-0000,1.3929200000000002,1.39291,6,1.5
19.03.2014 01:06:00.042 GMT-0000,1.3929200000000002,1.3929,3,1.69
19.03.2014 01:06:02.244 GMT-0000,1.39293,1.3929,3.19,2.25
19.03.2014 01:06:05.001 GMT-0000,1.3929200000000002,1.3929,1,2.44
19.03.2014 01:06:05.103 GMT-0000,1.39291,1.39289,1,1.5
19.03.2014 01:06:12.079 GMT-0000,1.3929,1.39289,1.5,1.5
19.03.2014 01:06:12.620 GMT-0000,1.3929,1.39288,1.5,2.07
19.03.2014 01:06:13.913 GMT-0000,1.39291,1.39288,1.69,2.25
19.03.2014 01:06:15.561 GMT-0000,1.39289,1.39287,1,2.25
19.03.2014 01:06:16.076 GMT-0000,1.39288,1.39287,1,1.5
19.03.2014 01:06:16.456 GMT-0000,1.39288,1.3928500000000001,1,9.57
19.03.2014 01:06:22.920 GMT-0000,1.39289,1.39287,2.44,2.13
19.03.2014 01:06:23.235 GMT-0000,1.3929,1.39288,2.03,3
19.03.2014 01:06:24.272 GMT-0000,1.39289,1.39287,1,3.75
19.03.2014 01:06:24.789 GMT-0000,1.39288,1.39287,1,1.88
19.03.2014 01:06:25.331 GMT-0000,1.39289,1.39287,1,3.57
19.03.2014 01:06:34.241 GMT-0000,1.39289,1.39287,1,3.19
19.03.2014 01:06:34.783 GMT-0000,1.3929,1.39288,1.5,2.07
19.03.2014 01:06:40.247 GMT-0000,1.39289,1.39288,1,3.38
19.03.2014 01:06:40.842 GMT-0000,1.39289,1.39287,1,1.5
19.03.2014 01:06:41.381 GMT-0000,1.39288,1.39287,1,3
19.03.2014 01:06:51.061 GMT-0000,1.39289,1.39287,1,1.69
19.03.2014 01:07:04.144 GMT-0000,1.39288,1.39287,1,2.25
19.03.2014 01:07:08.719 GMT-0000,1.39289,1.39287,1,5.25
19.03.2014 01:07:09.226 GMT-0000,1.3929,1.39289,2.25,1
19.03.2014 01:07:14.645 GMT-0000,1.39289,1.39287,1,3.75
19.03.2014 01:07:18.836 GMT-0000,1.39288,1.39287,1,1.69
19.03.2014 01:07:19.928 GMT-0000,1.3929,1.39287,2.25,1.69
19.03.2014 01:07:20.232 GMT-0000,1.3929,1.39288,1,2.82
19.03.2014 01:07:20.384 GMT-0000,1.39293,1.3929,4.69,1
19.03.2014 01:07:24.490 GMT-0000,1.3929200000000002,1.39291,1,1
19.03.2014 01:07:25.132 GMT-0000,1.39293,1.39291,3.19,1
19.03.2014 01:07:25.183 GMT-0000,1.3929500000000001,1.3929200000000002,7.95,8.63
19.03.2014 01:07:25.339 GMT-0000,1.39299,1.3929500000000001,2.25,8.73
19.03.2014 01:07:25.441 GMT-0000,1.393,1.39299,1,1.5
19.03.2014 01:07:25.492 GMT-0000,1.393,1.39297,4.19,3
19.03.2014 01:07:25.593 GMT-0000,1.393,1.39299,1.5,1.69
19.03.2014 01:07:26.099 GMT-0000,1.39301,1.393,1,1.5
19.03.2014 01:07:26.605 GMT-0000,1.393,1.3929799999999999,1,2.82
19.03.2014 01:07:28.116 GMT-0000,1.393,1.3929799999999999,1,1.88
19.03.2014 01:07:47.146 GMT-0000,1.3930200000000001,1.3929799999999999,4.13,4.5
19.03.2014 01:07:47.247 GMT-0000,1.3930200000000001,1.393,1.5,1.88
19.03.2014 01:07:52.316 GMT-0000,1.3930200000000001,1.39301,1,1
19.03.2014 01:07:52.468 GMT-0000,1.39304,1.3930200000000001,1.5,1.5
19.03.2014 01:08:04.021 GMT-0000,1.3930500000000001,1.3930200000000001,6.57,1.5
19.03.2014 01:08:05.760 GMT-0000,1.39303,1.393,2.05,1.5
19.03.2014 01:08:05.862 GMT-0000,1.39303,1.393,2.24,1.5
19.03.2014 01:08:18.093 GMT-0000,1.39304,1.393,5.82,3.38
19.03.2014 01:08:18.623 GMT-0000,1.3930500000000001,1.3930200000000001,8.1,1.5
19.03.2014 01:08:24.049 GMT-0000,1.39304,1.39301,3.19,1
19.03.2014 01:08:24.150 GMT-0000,1.39304,1.393,4.32,3
19.03.2014 01:09:20.780 GMT-0000,1.39304,1.393,3.94,2.25
19.03.2014 01:09:21.296 GMT-0000,1.39304,1.3930200000000001,1.32,1.5
19.03.2014 01:09:25.292 GMT-0000,1.39304,1.393,2,3.38
19.03.2014 01:09:25.342 GMT-0000,1.39304,1.393,3.19,4.88
19.03.2014 01:09:25.545 GMT-0000,1.39304,1.3930200000000001,1.32,1.5
19.03.2014 01:09:29.475 GMT-0000,1.39304,1.393,2.44,3.38
19.03.2014 01:09:29.627 GMT-0000,1.39304,1.393,3.94,1.5
19.03.2014 01:09:50.538 GMT-0000,1.39304,1.39301,3.19,1
19.03.2014 01:09:52.627 GMT-0000,1.39304,1.39301,7.69,1.5
19.03.2014 01:09:53.652 GMT-0000,1.39304,1.39301,3.94,1.5
19.03.2014 01:10:11.533 GMT-0000,1.39304,1.393,4.69,1.5
19.03.2014 01:10:38.060 GMT-0000,1.3930200000000001,1.39299,1.88,2.25
19.03.2014 01:10:42.294 GMT-0000,1.39301,1.39299,1,1.13
19.03.2014 01:10:42.476 GMT-0000,1.393,1.3929600000000002,4.69,2.07
19.03.2014 01:10:42.987 GMT-0000,1.39299,1.3929600000000002,3.45,4.13
19.03.2014 01:10:43.501 GMT-0000,1.3929799999999999,1.3929500000000001,4.5,1.69
19.03.2014 01:10:53.155 GMT-0000,1.3929799999999999,1.3929500000000001,3.75,3.19
19.03.2014 01:11:02.551 GMT-0000,1.3929799999999999,1.3929500000000001,4.2,2.82
19.03.2014 01:11:02.854 GMT-0000,1.3929500000000001,1.39294,2.25,1.88
19.03.2014 01:11:03.453 GMT-0000,1.3929500000000001,1.39294,2.07,1
19.03.2014 01:11:05.164 GMT-0000,1.3929500000000001,1.39294,1.69,1
19.03.2014 01:11:11.210 GMT-0000,1.3929500000000001,1.39293,3,1.13
19.03.2014 01:11:11.454 GMT-0000,1.39294,1.3929200000000002,3.38,1
19.03.2014 01:11:12.100 GMT-0000,1.39293,1.3929,1.5,10.32
19.03.2014 01:11:25.007 GMT-0000,1.39294,1.3929,1.88,9.94
19.03.2014 01:11:44.801 GMT-0000,1.39294,1.39291,1.32,4.13
19.03.2014 01:11:45.403 GMT-0000,1.3929500000000001,1.39291,6.19,3.38
19.03.2014 01:12:04.464 GMT-0000,1.39293,1.39291,1,1.88
19.03.2014 01:12:04.970 GMT-0000,1.39293,1.39291,1.5,1.88
19.03.2014 01:12:05.744 GMT-0000,1.39293,1.39291,1.5,1.88
19.03.2014 01:12:12.498 GMT-0000,1.39294,1.39291,3.75,2.44
19.03.2014 01:12:15.670 GMT-0000,1.39294,1.3929200000000002,1.69,1
19.03.2014 01:12:15.771 GMT-0000,1.3929500000000001,1.39294,1.5,2.63
19.03.2014 01:12:16.076 GMT-0000,1.39299,1.3929799999999999,1,2.25
19.03.2014 01:12:16.229 GMT-0000,1.39301,1.39299,1.5,1.88
19.03.2014 01:12:16.808 GMT-0000,1.3930200000000001,1.39299,2.25,2.63
19.03.2014 01:12:18.128 GMT-0000,1.39303,1.393,2.25,1.88
19.03.2014 01:12:18.667 GMT-0000,1.3930500000000001,1.39301,7.73,2.63
19.03.2014 01:12:21.620 GMT-0000,1.3930500000000001,1.39301,8.48,2.25
19.03.2014 01:12:22.152 GMT-0000,1.3930500000000001,1.39301,7.73,2.63
19.03.2014 01:12:54.356 GMT-0000,1.3930500000000001,1.39303,3.23,1.13
19.03.2014 01:12:59.526 GMT-0000,1.3930500000000001,1.3930200000000001,3.38,3.38
19.03.2014 01:13:00.695 GMT-0000,1.39304,1.39301,1.5,5.67
19.03.2014 01:13:03.797 GMT-0000,1.39304,1.39303,1.13,1.73
19.03.2014 01:13:04.102 GMT-0000,1.39309,1.3930500000000001,5.82,5.63
19.03.2014 01:13:04.254 GMT-0000,1.39309,1.3930600000000002,5.82,1
19.03.2014 01:13:06.262 GMT-0000,1.39308,1.3930600000000002,1,1.5
19.03.2014 01:13:07.031 GMT-0000,1.39309,1.3930600000000002,1.88,3.75
19.03.2014 01:13:07.233 GMT-0000,1.39314,1.3931,3.75,6.57
19.03.2014 01:13:07.284 GMT-0000,1.39314,1.3931200000000001,2.25,1
19.03.2014 01:13:07.805 GMT-0000,1.39314,1.39313,1.5,2.63
19.03.2014 01:13:09.526 GMT-0000,1.39315,1.39313,1,3.75
19.03.2014 01:13:14.291 GMT-0000,1.39315,1.39314,1,1
19.03.2014 01:13:27.606 GMT-0000,1.39315,1.39313,1,3
19.03.2014 01:13:39.772 GMT-0000,1.39314,1.3931200000000001,1,2.63
19.03.2014 01:13:42.732 GMT-0000,1.39315,1.3931200000000001,3.75,3.94
19.03.2014 01:13:46.813 GMT-0000,1.39315,1.39314,2.44,2.78
19.03.2014 01:13:46.863 GMT-0000,1.3931700000000002,1.39315,1.88,1.5
19.03.2014 01:13:47.117 GMT-0000,1.39321,1.3931600000000002,2.82,13.23
19.03.2014 01:13:47.420 GMT-0000,1.39323,1.39321,1.13,1.5
19.03.2014 01:13:47.724 GMT-0000,1.39325,1.39323,1.88,1
19.03.2014 01:13:47.978 GMT-0000,1.39325,1.39324,2.25,1.2
19.03.2014 01:13:48.484 GMT-0000,1.39324,1.39323,1,2.25
19.03.2014 01:13:49.505 GMT-0000,1.39325,1.39323,2.25,3
19.03.2014 01:13:58.407 GMT-0000,1.39324,1.3932,5.48,13.13
19.03.2014 01:13:58.508 GMT-0000,1.39321,1.39319,1,7.43
19.03.2014 01:13:58.863 GMT-0000,1.3932200000000001,1.39321,1,1.5
19.03.2014 01:13:59.576 GMT-0000,1.3932200000000001,1.39321,1.13,1.5
19.03.2014 01:13:59.677 GMT-0000,1.39321,1.39319,1,4.13
19.03.2014 01:14:06.229 GMT-0000,1.39321,1.39319,1,3
19.03.2014 01:14:26.139 GMT-0000,1.39321,1.39319,2.25,1.63
19.03.2014 01:14:26.674 GMT-0000,1.39321,1.39318,2.25,2.44
19.03.2014 01:14:28.481 GMT-0000,1.3932,1.39318,1,1.69
19.03.2014 01:14:28.583 GMT-0000,1.39319,1.3931700000000002,3.25,1.88
19.03.2014 01:14:28.685 GMT-0000,1.39318,1.39315,1.75,6.38
19.03.2014 01:14:29.210 GMT-0000,1.39319,1.3931600000000002,5.25,1
19.03.2014 01:14:31.125 GMT-0000,1.39318,1.3931600000000002,1,1
19.03.2014 01:14:38.678 GMT-0000,1.39318,1.39315,1,3.75
19.03.2014 01:14:39.201 GMT-0000,1.39319,1.3931700000000002,1,1
19.03.2014 01:14:39.706 GMT-0000,1.3932,1.3931700000000002,1.5,3.57
19.03.2014 01:14:43.499 GMT-0000,1.3932,1.3931700000000002,1.5,2.07
19.03.2014 01:14:58.279 GMT-0000,1.39318,1.3931700000000002,1,1.69
19.03.2014 01:14:58.817 GMT-0000,1.3931700000000002,1.39315,1,3.94
19.03.2014 01:15:00.486 GMT-0000,1.39319,1.39315,1.88,6.94
19.03.2014 01:15:08.354 GMT-0000,1.3931700000000002,1.3931600000000002,1.5,1.32
19.03.2014 01:15:08.619 GMT-0000,1.3931600000000002,1.39314,1.5,2.25
19.03.2014 01:15:09.255 GMT-0000,1.3931600000000002,1.39313,2.25,1.69
19.03.2014 01:15:09.912 GMT-0000,1.3931700000000002,1.39315,2.44,2.13
19.03.2014 01:15:10.064 GMT-0000,1.39319,1.3931600000000002,1.88,1.32
19.03.2014 01:15:12.405 GMT-0000,1.3931700000000002,1.3931600000000002,1.88,1.25
19.03.2014 01:15:12.941 GMT-0000,1.3931600000000002,1.39315,1,1
19.03.2014 01:15:16.897 GMT-0000,1.3931700000000002,1.39315,2.25,1.5
19.03.2014 01:15:17.288 GMT-0000,1.39319,1.3931600000000002,4.5,1.13
19.03.2014 01:15:37.566 GMT-0000,1.39318,1.3931600000000002,1,1.13
19.03.2014 01:15:40.435 GMT-0000,1.3932,1.3931600000000002,3,3
19.03.2014 01:15:45.998 GMT-0000,1.3932,1.3931600000000002,3,3.94
19.03.2014 01:15:52.492 GMT-0000,1.3932,1.3931600000000002,3,4.32
19.03.2014 01:16:01.312 GMT-0000,1.39318,1.3931600000000002,1,3.94
19.03.2014 01:16:01.817 GMT-0000,1.39318,1.3931600000000002,1,1.5
19.03.2014 01:16:03.561 GMT-0000,1.39318,1.3931600000000002,1,1.88
19.03.2014 01:16:05.270 GMT-0000,1.39319,1.3931600000000002,3.23,2.25
19.03.2014 01:16:05.776 GMT-0000,1.39319,1.39318,1,1.5
19.03.2014 01:16:08.143 GMT-0000,1.39318,1.3931600000000002,1,4.32
19.03.2014 01:16:08.654 GMT-0000,1.39318,1.3931600000000002,1.35,3.57
19.03.2014 01:16:09.187 GMT-0000,1.39318,1.3931600000000002,1.35,1.69
19.03.2014 01:16:10.480 GMT-0000,1.39318,1.3931600000000002,1.68,1.69
19.03.2014 01:16:14.111 GMT-0000,1.3931700000000002,1.39315,1.13,1.5
19.03.2014 01:16:16.817 GMT-0000,1.39318,1.39315,6.79,1.5
19.03.2014 01:16:19.013 GMT-0000,1.39318,1.39315,8.67,1
19.03.2014 01:16:19.317 GMT-0000,1.39307,1.3930600000000002,7.35,1.5
19.03.2014 01:16:19.674 GMT-0000,1.39307,1.39304,1.3,3.19
19.03.2014 01:16:19.725 GMT-0000,1.3930600000000002,1.39304,1,3.19
19.03.2014 01:16:19.827 GMT-0000,1.39308,1.39304,6.38,3.94
19.03.2014 01:16:20.895 GMT-0000,1.39308,1.39304,2.63,6.94
19.03.2014 01:16:21.148 GMT-0000,1.3931,1.3930600000000002,2.82,2.82
19.03.2014 01:16:22.141 GMT-0000,1.3931,1.39308,2.44,1.38
19.03.2014 01:16:22.243 GMT-0000,1.39313,1.3931,4.92,4.13
19.03.2014 01:16:22.344 GMT-0000,1.3931200000000001,1.39309,1,3.19
19.03.2014 01:16:22.446 GMT-0000,1.39313,1.3931,1.5,3
19.03.2014 01:16:23.946 GMT-0000,1.39313,1.39311,1.13,1.5
19.03.2014 01:16:24.251 GMT-0000,1.3931200000000001,1.3931,1.3,2.63
19.03.2014 01:16:24.886 GMT-0000,1.39314,1.3931,5.44,4.13
19.03.2014 01:16:25.140 GMT-0000,1.39314,1.3931200000000001,1.5,1.13
19.03.2014 01:16:25.648 GMT-0000,1.39315,1.39313,1.69,1.13
19.03.2014 01:16:26.003 GMT-0000,1.3931600000000002,1.39313,6.57,4.5
19.03.2014 01:16:26.206 GMT-0000,1.3931700000000002,1.3931600000000002,3,1.88
19.03.2014 01:16:26.358 GMT-0000,1.39319,1.3931700000000002,1.5,1.5
19.03.2014 01:16:26.662 GMT-0000,1.39321,1.39319,1.58,1.13
19.03.2014 01:16:27.031 GMT-0000,1.3932200000000001,1.3932,1,3
19.03.2014 01:16:30.177 GMT-0000,1.3932200000000001,1.3932,1.88,1
19.03.2014 01:16:30.278 GMT-0000,1.3932,1.3931700000000002,4.73,4.13
19.03.2014 01:16:30.431 GMT-0000,1.39318,1.3931600000000002,2.48,1.69
19.03.2014 01:16:30.835 GMT-0000,1.3932,1.39318,1.5,1.5
19.03.2014 01:16:31.138 GMT-0000,1.3932200000000001,1.39319,2.44,1.13
19.03.2014 01:16:32.903 GMT-0000,1.3932200000000001,1.3932,2.44,1
19.03.2014 01:16:35.469 GMT-0000,1.39321,1.3932,1.13,1
19.03.2014 01:16:35.994 GMT-0000,1.3932,1.39318,1,1.5
19.03.2014 01:16:37.973 GMT-0000,1.3932200000000001,1.3932,5.44,1
19.03.2014 01:16:38.491 GMT-0000,1.3932200000000001,1.3932,1.69,1
19.03.2014 01:16:41.547 GMT-0000,1.39323,1.3932,4.32,2.25
19.03.2014 01:16:45.141 GMT-0000,1.3932200000000001,1.3932,4.92,2.25
19.03.2014 01:16:45.192 GMT-0000,1.3932,1.3931700000000002,1.5,1.25
19.03.2014 01:16:55.178 GMT-0000,1.3932,1.3931600000000002,1.5,5.07
19.03.2014 01:16:57.753 GMT-0000,1.3932,1.3931700000000002,1.5,1
19.03.2014 01:16:58.275 GMT-0000,1.3932,1.3931600000000002,1.5,4.69
19.03.2014 01:16:58.712 GMT-0000,1.39319,1.3931600000000002,2.48,1.69
19.03.2014 01:16:59.217 GMT-0000,1.39318,1.39315,2.48,1.25
19.03.2014 01:17:01.165 GMT-0000,1.39318,1.39314,4.73,9.94
19.03.2014 01:17:01.481 GMT-0000,1.39314,1.39311,4.88,7.13
19.03.2014 01:17:01.647 GMT-0000,1.39311,1.3931,2.25,1.13
19.03.2014 01:17:01.799 GMT-0000,1.39311,1.39308,2.25,1.25
19.03.2014 01:17:07.285 GMT-0000,1.3931,1.39307,1.73,3
19.03.2014 01:17:07.437 GMT-0000,1.39308,1.3930500000000001,4.35,3
19.03.2014 01:17:07.973 GMT-0000,1.39304,1.39303,1.88,2.25
19.03.2014 01:17:08.078 GMT-0000,1.39304,1.39301,2.07,1.5
19.03.2014 01:17:08.484 GMT-0000,1.3930500000000001,1.39303,3.75,2.63
19.03.2014 01:17:08.688 GMT-0000,1.3930600000000002,1.39304,2.44,4.5
19.03.2014 01:17:09.195 GMT-0000,1.39308,1.39304,2.82,6.38
19.03.2014 01:17:09.727 GMT-0000,1.39308,1.39304,2.63,8.44
19.03.2014 01:17:13.204 GMT-0000,1.3930600000000002,1.3930500000000001,2.85,2.25
19.03.2014 01:17:13.255 GMT-0000,1.3930500000000001,1.3930200000000001,1.88,3.57
19.03.2014 01:17:13.495 GMT-0000,1.3930600000000002,1.39304,1.5,5.25
19.03.2014 01:17:14.000 GMT-0000,1.3930600000000002,1.3930500000000001,1.5,1.13
19.03.2014 01:17:14.513 GMT-0000,1.39309,1.39307,1.5,1
19.03.2014 01:17:14.564 GMT-0000,1.3931,1.39308,6.23,1
19.03.2014 01:17:14.716 GMT-0000,1.3931,1.3930600000000002,3.23,4.32
19.03.2014 01:17:15.171 GMT-0000,1.39309,1.3930600000000002,1.88,2.44
19.03.2014 01:17:15.474 GMT-0000,1.39309,1.39308,1,1
19.03.2014 01:17:16.082 GMT-0000,1.3931,1.39308,2.63,1.32
19.03.2014 01:17:21.974 GMT-0000,1.39311,1.39309,1.5,1
19.03.2014 01:17:22.846 GMT-0000,1.3931,1.39309,3.38,1
19.03.2014 01:17:24.782 GMT-0000,1.39309,1.3930600000000002,1,2.07
19.03.2014 01:17:24.833 GMT-0000,1.39308,1.3930600000000002,1,2.82
19.03.2014 01:17:32.771 GMT-0000,1.39308,1.3930500000000001,6.23,1.69
19.03.2014 01:17:36.760 GMT-0000,1.39308,1.3930500000000001,8.48,1.25
19.03.2014 01:18:21.260 GMT-0000,1.3930600000000002,1.3930500000000001,1,1.25
19.03.2014 01:18:22.586 GMT-0000,1.39307,1.3930500000000001,1.5,1.25
19.03.2014 01:18:26.499 GMT-0000,1.39307,1.39304,5.63,10.35
19.03.2014 01:18:26.652 GMT-0000,1.3930500000000001,1.3930200000000001,8.48,1.13
19.03.2014 01:18:26.754 GMT-0000,1.39303,1.3930200000000001,2.85,1
19.03.2014 01:18:27.252 GMT-0000,1.3930200000000001,1.393,1,10.02
19.03.2014 01:18:27.823 GMT-0000,1.3930200000000001,1.39299,2.25,3.19
19.03.2014 01:18:42.780 GMT-0000,1.3930200000000001,1.39299,2.44,3
19.03.2014 01:18:43.387 GMT-0000,1.393,1.3929799999999999,1,2.82
19.03.2014 01:18:44.267 GMT-0000,1.393,1.3929799999999999,2.25,2.07
19.03.2014 01:18:44.876 GMT-0000,1.393,1.39297,8.1,2.44
19.03.2014 01:18:49.733 GMT-0000,1.39299,1.3929600000000002,4.88,2.07
19.03.2014 01:18:49.886 GMT-0000,1.3929799999999999,1.3929600000000002,1.68,1.25
19.03.2014 01:18:50.421 GMT-0000,1.3929799999999999,1.3929500000000001,1.68,14.44
19.03.2014 01:18:53.377 GMT-0000,1.3929799999999999,1.3929500000000001,1.88,13.69
19.03.2014 01:18:57.702 GMT-0000,1.39297,1.3929500000000001,1.13,14.44
19.03.2014 01:19:06.558 GMT-0000,1.39297,1.3929500000000001,1.5,15.19
19.03.2014 01:19:14.186 GMT-0000,1.39299,1.3929600000000002,5.48,1.19
19.03.2014 01:19:19.620 GMT-0000,1.39297,1.3929500000000001,1.5,15.19
19.03.2014 01:19:27.524 GMT-0000,1.39299,1.3929500000000001,3.75,19.32
19.03.2014 01:19:30.608 GMT-0000,1.3929799999999999,1.3929500000000001,2.48,16.32
19.03.2014 01:19:31.385 GMT-0000,1.39297,1.3929500000000001,1,14.25
19.03.2014 01:19:31.940 GMT-0000,1.3929600000000002,1.3929500000000001,1.13,13.69
19.03.2014 01:19:41.785 GMT-0000,1.3929600000000002,1.39294,1.13,1.69
19.03.2014 01:19:42.532 GMT-0000,1.39297,1.39294,2.25,2.07
19.03.2014 01:19:49.283 GMT-0000,1.3929600000000002,1.39294,1,2.07
19.03.2014 01:19:49.587 GMT-0000,1.3929,1.39284,10.52,1.5
19.03.2014 01:19:49.892 GMT-0000,1.39284,1.39278,14.3,3.38
19.03.2014 01:19:49.994 GMT-0000,1.3928,1.3927500000000002,7.7,4.35
19.03.2014 01:19:50.348 GMT-0000,1.3927500000000002,1.3927100000000001,5.53,1.88
19.03.2014 01:19:50.745 GMT-0000,1.39274,1.3927200000000002,2.63,1.13
19.03.2014 01:19:50.799 GMT-0000,1.39273,1.3927100000000001,2.44,1
19.03.2014 01:19:50.951 GMT-0000,1.39274,1.39273,1,1
19.03.2014 01:19:51.205 GMT-0000,1.3927500000000002,1.39274,1.69,1
19.03.2014 01:19:51.358 GMT-0000,1.39279,1.3927500000000002,1.5,5.51
19.03.2014 01:19:51.561 GMT-0000,1.3928,1.39278,9.19,1.5
19.03.2014 01:19:52.083 GMT-0000,1.39279,1.39278,1.5,1
19.03.2014 01:19:55.048 GMT-0000,1.39279,1.39277,3.6,1.32
19.03.2014 01:19:55.200 GMT-0000,1.39278,1.3927500000000002,3.61,4.88
19.03.2014 01:19:55.655 GMT-0000,1.39276,1.39274,2.85,5.07
19.03.2014 01:19:57.150 GMT-0000,1.39276,1.39274,1.73,1.69
19.03.2014 01:19:57.656 GMT-0000,1.39277,1.3927500000000002,2.85,1
19.03.2014 01:19:58.628 GMT-0000,1.39277,1.39274,4.35,5.82
19.03.2014 01:19:59.403 GMT-0000,1.39277,1.3927500000000002,2.85,1.5
19.03.2014 01:19:59.605 GMT-0000,1.39279,1.39276,3.38,1.38
19.03.2014 01:19:59.909 GMT-0000,1.39281,1.39279,1,5.25
19.03.2014 01:19:59.960 GMT-0000,1.39283,1.3928200000000002,1.13,1.25
19.03.2014 01:20:00.465 GMT-0000,1.39284,1.3928200000000002,3.38,1
19.03.2014 01:20:02.457 GMT-0000,1.39284,1.39283,1,1
19.03.2014 01:20:09.740 GMT-0000,1.3928500000000001,1.39283,2.52,2.25
19.03.2014 01:20:09.892 GMT-0000,1.3928600000000002,1.3928500000000001,1.5,1.88
19.03.2014 01:20:09.994 GMT-0000,1.39288,1.3928500000000001,2.07,3.38
19.03.2014 01:20:10.526 GMT-0000,1.39289,1.39287,3.42,1.5
19.03.2014 01:20:11.047 GMT-0000,1.39288,1.3928600000000002,3.6,1.13
19.03.2014 01:20:13.599 GMT-0000,1.39287,1.3928500000000001,2.1,5.07
19.03.2014 01:20:14.105 GMT-0000,1.39287,1.39284,3.23,1.69
19.03.2014 01:20:14.679 GMT-0000,1.3928500000000001,1.39284,1,1
19.03.2014 01:20:15.189 GMT-0000,1.3928500000000001,1.39283,1,2.07
19.03.2014 01:20:16.491 GMT-0000,1.39284,1.3928200000000002,1.5,2.82
19.03.2014 01:20:18.289 GMT-0000,1.39284,1.3928200000000002,1.5,2.07
19.03.2014 01:20:21.331 GMT-0000,1.39284,1.3928200000000002,1.5,2.07
19.03.2014 01:20:27.360 GMT-0000,1.39284,1.3928200000000002,1.69,1.88
19.03.2014 01:20:30.508 GMT-0000,1.39284,1.3928200000000002,1.88,1.69
19.03.2014 01:20:35.271 GMT-0000,1.3928500000000001,1.3928200000000002,2.25,5.82
19.03.2014 01:20:37.163 GMT-0000,1.3928500000000001,1.3928200000000002,1.5,3.57
19.03.2014 01:20:40.099 GMT-0000,1.3928500000000001,1.39284,1,1.13
19.03.2014 01:20:46.890 GMT-0000,1.3928500000000001,1.39283,1.38,10.13
19.03.2014 01:20:50.516 GMT-0000,1.3928600000000002,1.39284,1.38,6.19
19.03.2014 01:20:52.288 GMT-0000,1.3928600000000002,1.39284,1,6.94
19.03.2014 01:20:54.334 GMT-0000,1.3928600000000002,1.39284,1.38,6.57
19.03.2014 01:20:54.864 GMT-0000,1.3928600000000002,1.39284,1,6.82
19.03.2014 01:21:08.596 GMT-0000,1.3928600000000002,1.3928500000000001,1,1
19.03.2014 01:21:08.698 GMT-0000,1.3928500000000001,1.39283,1.5,2.82
19.03.2014 01:21:09.222 GMT-0000,1.39284,1.39283,1.88,1.25
19.03.2014 01:21:09.327 GMT-0000,1.39284,1.3928,5.29,8.07
19.03.2014 01:21:10.625 GMT-0000,1.39284,1.3928200000000002,3.94,1
19.03.2014 01:21:11.334 GMT-0000,1.39284,1.3928,3.57,7.32
19.03.2014 01:21:15.489 GMT-0000,1.39283,1.3928,1,5.44
19.03.2014 01:21:16.055 GMT-0000,1.39284,1.3928,7.17,5.82
19.03.2014 01:21:17.528 GMT-0000,1.39284,1.3928200000000002,2.07,1
19.03.2014 01:21:17.863 GMT-0000,1.3928600000000002,1.3928500000000001,1,1
19.03.2014 01:21:18.065 GMT-0000,1.39287,1.3928500000000001,2.25,1
19.03.2014 01:21:18.899 GMT-0000,1.39287,1.3928600000000002,1.5,1
19.03.2014 01:21:19.404 GMT-0000,1.39287,1.3928500000000001,1.5,1.69
19.03.2014 01:21:23.388 GMT-0000,1.3928600000000002,1.3928500000000001,1,2.25
19.03.2014 01:21:24.648 GMT-0000,1.39288,1.3928600000000002,3.57,1
19.03.2014 01:21:25.104 GMT-0000,1.39288,1.3928600000000002,1,3
19.03.2014 01:21:30.248 GMT-0000,1.39287,1.3928500000000001,1,1.69
19.03.2014 01:21:45.695 GMT-0000,1.3928600000000002,1.3928500000000001,1,2.25
19.03.2014 01:22:19.658 GMT-0000,1.39288,1.3928600000000002,3,1
19.03.2014 01:22:21.289 GMT-0000,1.39288,1.3928600000000002,1,1.88
19.03.2014 01:22:25.146 GMT-0000,1.39289,1.39288,1,1
19.03.2014 01:22:25.815 GMT-0000,1.3929,1.39288,1.62,4.13
19.03.2014 01:22:46.160 GMT-0000,1.39291,1.39289,1,1.88
19.03.2014 01:22:46.478 GMT-0000,1.3929,1.39287,2.62,4.5
19.03.2014 01:22:47.015 GMT-0000,1.39288,1.39287,1,1.5
19.03.2014 01:22:56.159 GMT-0000,1.39288,1.3928600000000002,1,2.63
19.03.2014 01:22:56.665 GMT-0000,1.39288,1.39287,1,1
19.03.2014 01:23:18.015 GMT-0000,1.39288,1.3928600000000002,2.25,1.13
19.03.2014 01:23:18.595 GMT-0000,1.39288,1.3928600000000002,3,1
19.03.2014 01:23:19.677 GMT-0000,1.39288,1.3928600000000002,3,1
19.03.2014 01:23:20.184 GMT-0000,1.39287,1.3928500000000001,2.25,1.25
19.03.2014 01:23:21.229 GMT-0000,1.3928500000000001,1.39283,1,4.69
19.03.2014 01:23:24.991 GMT-0000,1.3928600000000002,1.39284,1.88,2.07
19.03.2014 01:23:25.525 GMT-0000,1.39288,1.3928600000000002,1,1
19.03.2014 01:23:26.937 GMT-0000,1.39289,1.3928600000000002,4.38,1
19.03.2014 01:23:31.584 GMT-0000,1.39288,1.3928600000000002,1,1.25
19.03.2014 01:23:32.089 GMT-0000,1.39287,1.3928500000000001,1.13,2.63
19.03.2014 01:23:33.986 GMT-0000,1.39287,1.39283,3.94,5.44
19.03.2014 01:23:35.303 GMT-0000,1.39287,1.3928500000000001,3.38,1
19.03.2014 01:23:45.843 GMT-0000,1.39287,1.3928500000000001,1.13,3.57
19.03.2014 01:24:04.257 GMT-0000,1.39287,1.3928500000000001,1.36,1.88
19.03.2014 01:24:15.142 GMT-0000,1.39287,1.3928500000000001,1.13,1.88
19.03.2014 01:24:15.945 GMT-0000,1.39287,1.3928500000000001,1.13,1.88
19.03.2014 01:24:16.457 GMT-0000,1.39287,1.3928500000000001,1.13,1.88
19.03.2014 01:24:29.201 GMT-0000,1.39287,1.3928500000000001,1.13,5.07
19.03.2014 01:24:43.066 GMT-0000,1.39289,1.3928600000000002,2.82,1
19.03.2014 01:24:49.791 GMT-0000,1.39288,1.3928600000000002,1,3.19
19.03.2014 01:24:58.154 GMT-0000,1.39289,1.3928600000000002,1.32,1.5
19.03.2014 01:24:58.684 GMT-0000,1.39287,1.3928500000000001,2.25,1.25
19.03.2014 01:25:02.144 GMT-0000,1.39287,1.3928500000000001,2.25,4.69
19.03.2014 01:25:05.562 GMT-0000,1.39287,1.3928500000000001,2.25,3.94
19.03.2014 01:25:07.990 GMT-0000,1.39287,1.3928500000000001,3,1.88
19.03.2014 01:25:36.493 GMT-0000,1.39287,1.3928500000000001,2.25,1.88
19.03.2014 01:25:36.999 GMT-0000,1.39287,1.3928500000000001,3.38,1.13
19.03.2014 01:25:48.549 GMT-0000,1.3928600000000002,1.39284,1,5.07
19.03.2014 01:25:57.894 GMT-0000,1.3928600000000002,1.3928500000000001,1,1.13
19.03.2014 01:26:10.539 GMT-0000,1.3928500000000001,1.39284,1,1.88
19.03.2014 01:26:16.974 GMT-0000,1.3928600000000002,1.39284,1.5,5.63
19.03.2014 01:26:37.791 GMT-0000,1.3928600000000002,1.39284,3.75,2.82
19.03.2014 01:26:38.044 GMT-0000,1.39284,1.3928200000000002,2.33,1.5
19.03.2014 01:26:39.134 GMT-0000,1.39283,1.39281,5.2,1.5
19.03.2014 01:26:39.337 GMT-0000,1.39281,1.3928,3,1.13
19.03.2014 01:26:39.842 GMT-0000,1.3928,1.39279,2.25,1.13
19.03.2014 01:26:43.280 GMT-0000,1.39281,1.39279,3.94,1
19.03.2014 01:26:54.884 GMT-0000,1.3928,1.39279,1,1.88
19.03.2014 01:26:55.137 GMT-0000,1.39281,1.3928,1.5,3.38
19.03.2014 01:26:55.340 GMT-0000,1.39283,1.39281,1.13,2.63
19.03.2014 01:27:00.686 GMT-0000,1.3928200000000002,1.39281,1.5,2.25
19.03.2014 01:27:00.888 GMT-0000,1.39281,1.39278,2.5,5.82
19.03.2014 01:27:01.266 GMT-0000,1.3928,1.39278,3,4.32
19.03.2014 01:27:03.194 GMT-0000,1.3928,1.39278,6.75,1.32
19.03.2014 01:27:05.245 GMT-0000,1.3928,1.39277,6.15,2.07
19.03.2014 01:27:05.498 GMT-0000,1.39278,1.39276,1.05,3.38
19.03.2014 01:27:05.953 GMT-0000,1.39277,1.39274,2.35,8.85
19.03.2014 01:27:06.459 GMT-0000,1.39276,1.3927500000000002,2.25,1.13
19.03.2014 01:27:06.662 GMT-0000,1.39277,1.39276,3,1.13
19.03.2014 01:27:07.134 GMT-0000,1.39279,1.39277,1.5,1.13
19.03.2014 01:27:11.745 GMT-0000,1.39279,1.39277,1.5,3.19
19.03.2014 01:27:21.822 GMT-0000,1.39279,1.39277,1.5,3
19.03.2014 01:27:26.460 GMT-0000,1.3928,1.39277,1.88,2.25
19.03.2014 01:27:27.040 GMT-0000,1.3928,1.39278,1.88,1.5
19.03.2014 01:27:36.064 GMT-0000,1.3928,1.39277,1.88,1
19.03.2014 01:27:42.186 GMT-0000,1.3928,1.39278,1.88,1
19.03.2014 01:27:52.200 GMT-0000,1.3928,1.39277,1.88,2.25
19.03.2014 01:28:09.667 GMT-0000,1.39278,1.39277,1,1.5
19.03.2014 01:28:12.910 GMT-0000,1.39283,1.39278,3.38,1.75
19.03.2014 01:28:13.266 GMT-0000,1.3928200000000002,1.39278,6.57,1
19.03.2014 01:28:13.682 GMT-0000,1.39281,1.3928,1.5,1
19.03.2014 01:28:23.057 GMT-0000,1.3928600000000002,1.3928,5.25,6.85
19.03.2014 01:28:23.361 GMT-0000,1.39287,1.3928500000000001,1.69,6
19.03.2014 01:28:23.412 GMT-0000,1.39289,1.39287,3.75,1.13
19.03.2014 01:28:24.084 GMT-0000,1.39289,1.3928600000000002,5.1,1.13
19.03.2014 01:28:26.184 GMT-0000,1.39289,1.3928600000000002,5.48,1.88
19.03.2014 01:28:26.723 GMT-0000,1.39289,1.3928600000000002,5.29,1.13
19.03.2014 01:28:30.111 GMT-0000,1.39288,1.3928600000000002,2.1,1.13
19.03.2014 01:28:30.162 GMT-0000,1.39288,1.3928600000000002,2.48,1
19.03.2014 01:28:30.669 GMT-0000,1.3928600000000002,1.39284,3,1
19.03.2014 01:28:31.074 GMT-0000,1.39284,1.39283,1.58,1.88
19.03.2014 01:28:31.855 GMT-0000,1.39284,1.3928200000000002,2.55,1.69
19.03.2014 01:28:32.360 GMT-0000,1.39283,1.39281,1.5,2.44
19.03.2014 01:28:39.028 GMT-0000,1.3928200000000002,1.39281,1,1.5
19.03.2014 01:28:39.281 GMT-0000,1.3928600000000002,1.39283,7.13,1.5
19.03.2014 01:28:39.535 GMT-0000,1.3928500000000001,1.39283,2.25,1
19.03.2014 01:28:42.242 GMT-0000,1.3928500000000001,1.3928200000000002,6.45,4.69
19.03.2014 01:28:42.748 GMT-0000,1.39283,1.3928200000000002,1.88,2.25
19.03.2014 01:28:46.596 GMT-0000,1.39283,1.39281,2.13,1.25
19.03.2014 01:28:46.900 GMT-0000,1.3928200000000002,1.39281,2.82,1
19.03.2014 01:28:47.406 GMT-0000,1.3928200000000002,1.3928,5.07,1
19.03.2014 01:28:52.398 GMT-0000,1.3928,1.39278,6.48,3
19.03.2014 01:28:52.803 GMT-0000,1.39279,1.39276,3,1.63
19.03.2014 01:28:59.531 GMT-0000,1.39278,1.39277,1,1.13
19.03.2014 01:28:59.734 GMT-0000,1.39277,1.3927500000000002,1.5,3
19.03.2014 01:29:00.089 GMT-0000,1.39278,1.39276,1.5,3.83
19.03.2014 01:29:00.190 GMT-0000,1.3928,1.39277,8.07,1
19.03.2014 01:29:00.948 GMT-0000,1.3928,1.39278,4.13,1
19.03.2014 01:29:01.453 GMT-0000,1.3928200000000002,1.3928,1.25,1
19.03.2014 01:29:01.504 GMT-0000,1.3928200000000002,1.39281,1.25,1
19.03.2014 01:29:02.010 GMT-0000,1.39283,1.3928200000000002,1.88,1
19.03.2014 01:29:03.096 GMT-0000,1.3928500000000001,1.39283,5.1,3.19
19.03.2014 01:29:03.463 GMT-0000,1.39287,1.3928500000000001,2.63,1.69
19.03.2014 01:29:10.695 GMT-0000,1.39287,1.3928500000000001,3.6,2.44
19.03.2014 01:29:11.202 GMT-0000,1.3928500000000001,1.39283,2.33,5.07
19.03.2014 01:29:11.455 GMT-0000,1.39284,1.3928200000000002,2.1,2.25
19.03.2014 01:29:11.960 GMT-0000,1.3928500000000001,1.39283,7.35,1.88
19.03.2014 01:29:29.833 GMT-0000,1.3928500000000001,1.39283,1,5.25
19.03.2014 01:29:30.137 GMT-0000,1.39287,1.3928500000000001,2.63,2.25
19.03.2014 01:29:30.665 GMT-0000,1.39287,1.3928600000000002,2.63,1
19.03.2014 01:30:24.955 GMT-0000,1.39288,1.3928600000000002,1.5,2.44
19.03.2014 01:30:25.208 GMT-0000,1.3929,1.39287,9.12,1
19.03.2014 01:30:38.793 GMT-0000,1.3929,1.39287,8.37,1.69
19.03.2014 01:30:44.031 GMT-0000,1.3929,1.3928600000000002,8.55,4.5
19.03.2014 01:30:47.136 GMT-0000,1.3929,1.39287,8.37,1.69
19.03.2014 01:31:07.121 GMT-0000,1.3929,1.39287,5.74,1.5
19.03.2014 01:31:07.942 GMT-0000,1.39288,1.39287,1,1.5
19.03.2014 01:31:08.443 GMT-0000,1.39289,1.39287,1.5,1.5
19.03.2014 01:31:10.600 GMT-0000,1.3929,1.39287,4.24,1.5
19.03.2014 01:31:30.659 GMT-0000,1.39289,1.39287,1.5,1.13
19.03.2014 01:31:37.173 GMT-0000,1.39289,1.39287,1.5,2.07
19.03.2014 01:31:43.999 GMT-0000,1.39289,1.3928600000000002,1.5,3.19
19.03.2014 01:31:51.536 GMT-0000,1.39289,1.39287,1.5,2.07
19.03.2014 01:32:01.580 GMT-0000,1.39289,1.39287,1.5,1.88
19.03.2014 01:32:13.741 GMT-0000,1.39289,1.39287,1.5,2.07
19.03.2014 01:32:23.632 GMT-0000,1.39289,1.39287,1.5,1
19.03.2014 01:32:29.518 GMT-0000,1.39288,1.39287,1,1.5
19.03.2014 01:32:31.142 GMT-0000,1.39289,1.3928600000000002,2.63,1.5
19.03.2014 01:32:49.591 GMT-0000,1.39287,1.3928600000000002,1.3,3
19.03.2014 01:33:00.267 GMT-0000,1.39289,1.3928600000000002,3.98,3.19
19.03.2014 01:33:10.247 GMT-0000,1.39288,1.3928600000000002,1.68,3
19.03.2014 01:33:10.399 GMT-0000,1.39289,1.39287,1,1
19.03.2014 01:33:11.666 GMT-0000,1.39289,1.39287,1,3
