Local time,Ask,Bid,AskVolume,BidVolume
19.03.2014 00:00:01.063 GMT-0000,1872.104,1871.674,0.0001,0.0001
19.03.2014 00:00:13.282 GMT-0000,1871.9260000000002,1871.474,0,0.0001
19.03.2014 00:00:14.383 GMT-0000,1872.128,1871.661,0.0001,0.0001
19.03.2014 00:00:45.827 GMT-0000,1872.4320000000002,1871.9679999999998,0.0002,0
19.03.2014 00:00:45.927 GMT-0000,1872.334,1871.8829999999998,0.0002,0.0002
19.03.2014 00:00:47.128 GMT-0000,1872.13,1871.663,0,0.0001
19.03.2014 00:00:53.937 GMT-0000,1872.3129999999999,1871.888,0.0002,0.0002
19.03.2014 00:00:55.640 GMT-0000,1872.4170000000001,1871.9660000000001,0.0002,0
19.03.2014 00:00:55.740 GMT-0000,1872.342,1871.8760000000002,0.0002,0.0001
19.03.2014 00:00:56.341 GMT-0000,1872.142,1871.695,0,0.0001
19.03.2014 00:00:58.343 GMT-0000,1872.4270000000001,1871.9820000000002,0.0002,0.0001
19.03.2014 00:01:13.762 GMT-0000,1872.111,1871.6670000000001,0,0.0002
19.03.2014 00:01:59.321 GMT-0000,1872.114,1871.6720000000003,0,0
19.03.2014 00:02:27.556 GMT-0000,1872.1200000000001,1871.6770000000001,0,0.0001
19.03.2014 00:02:35.966 GMT-0000,1872.13,1871.673,0,0
19.03.2014 00:02:37.069 GMT-0000,1872.4089999999999,1871.991,0.0002,0
19.03.2014 00:02:37.769 GMT-0000,1872.324,1871.881,0.0002,0.0001
19.03.2014 00:02:40.573 GMT-0000,1872.115,1871.691,0,0
19.03.2014 00:02:44.281 GMT-0000,1872.44,1871.986,0.0002,0.0001
19.03.2014 00:03:00.507 GMT-0000,1872.118,1871.668,0,0
19.03.2014 00:03:19.832 GMT-0000,1872.4170000000001,1871.96,0.0002,0
19.03.2014 00:03:31.350 GMT-0000,1872.116,1871.67,0,0
19.03.2014 00:03:41.663 GMT-0000,1871.9260000000002,1871.467,0,0.0001
19.03.2014 00:03:50.376 GMT-0000,1871.929,1871.481,0,0.0001
19.03.2014 00:04:30.031 GMT-0000,1871.935,1871.481,0.0002,0
19.03.2014 00:04:47.152 GMT-0000,1871.9189999999999,1871.48,0.0001,0
19.03.2014 00:04:53.861 GMT-0000,1871.9420000000002,1871.4920000000002,0.0001,0
19.03.2014 00:05:00.870 GMT-0000,1871.606,1871.165,0,0.0002
19.03.2014 00:05:01.472 GMT-0000,1871.939,1871.479,0.0002,0
19.03.2014 00:05:04.278 GMT-0000,1871.815,1871.393,0.0001,0.0002
19.03.2014 00:05:09.785 GMT-0000,1871.608,1871.165,0,0.0002
19.03.2014 00:05:22.502 GMT-0000,1871.639,1871.1770000000001,0,0.0002
19.03.2014 00:06:00.356 GMT-0000,1871.6360000000002,1871.17,0,0.0002
19.03.2014 00:06:24.884 GMT-0000,1871.609,1871.168,0,0.0002
19.03.2014 00:06:29.289 GMT-0000,1871.602,1871.1670000000001,0,0.0002
19.03.2014 00:06:41.904 GMT-0000,1871.618,1871.194,0.0001,0.0002
19.03.2014 00:06:49.112 GMT-0000,1871.614,1871.16,0.0002,0.0002
19.03.2014 00:06:53.417 GMT-0000,1871.639,1871.164,0.0002,0.0002
19.03.2014 00:07:06.232 GMT-0000,1871.63,1871.165,0.0002,0.0002
19.03.2014 00:07:32.762 GMT-0000,1871.632,1871.17,0.0002,0.0002
19.03.2014 00:07:39.870 GMT-0000,1871.628,1871.1760000000002,0.0001,0.0002
19.03.2014 00:07:46.478 GMT-0000,1871.6229999999998,1871.1970000000001,0.0001,0.0002
19.03.2014 00:08:03.798 GMT-0000,1871.639,1871.1960000000001,0.0002,0.0002
19.03.2014 00:08:40.241 GMT-0000,1871.634,1871.171,0.0002,0.0002
19.03.2014 00:08:44.246 GMT-0000,1871.403,1870.993,0,0.0001
19.03.2014 00:09:53.527 GMT-0000,1871.4089999999999,1870.984,0.0001,0
19.03.2014 00:09:54.629 GMT-0000,1871.616,1871.194,0.0001,0
19.03.2014 00:10:00.334 GMT-0000,1871.642,1871.1920000000002,0,0.0001
19.03.2014 00:10:25.266 GMT-0000,1871.611,1871.194,0,0.0001
19.03.2014 00:10:41.786 GMT-0000,1871.604,1871.164,0,0.0001
19.03.2014 00:11:21.431 GMT-0000,1871.611,1871.171,0.0001,0
19.03.2014 00:11:29.840 GMT-0000,1871.632,1871.173,0.0001,0
19.03.2014 00:11:48.262 GMT-0000,1871.619,1871.184,0.0001,0
19.03.2014 00:12:00.374 GMT-0000,1871.6100000000001,1871.1720000000003,0.0001,0
19.03.2014 00:12:15.392 GMT-0000,1871.631,1871.163,0.0001,0
19.03.2014 00:12:20.798 GMT-0000,1871.63,1871.1820000000002,0.0001,0
19.03.2014 00:12:33.113 GMT-0000,1871.63,1871.18,0.0001,0
19.03.2014 00:12:38.419 GMT-0000,1871.612,1871.171,0.0001,0
19.03.2014 00:13:08.955 GMT-0000,1871.64,1871.1870000000001,0.0001,0
19.03.2014 00:13:56.211 GMT-0000,1871.639,1871.191,0.0001,0
19.03.2014 00:14:27.944 GMT-0000,1871.6270000000002,1871.174,0.0001,0
19.03.2014 00:14:39.959 GMT-0000,1871.6360000000002,1871.164,0.0001,0
19.03.2014 00:14:47.067 GMT-0000,1871.629,1871.175,0.0001,0.0001
19.03.2014 00:14:57.280 GMT-0000,1871.619,1871.171,0.0001,0.0001
19.03.2014 00:15:00.584 GMT-0000,1871.606,1871.1920000000002,0.0001,0.0001
19.03.2014 00:15:05.893 GMT-0000,1871.615,1871.1870000000001,0,0.0001
19.03.2014 00:15:19.408 GMT-0000,1871.638,1871.1589999999999,0.0001,0.0001
19.03.2014 00:15:40.934 GMT-0000,1871.63,1871.171,0.0001,0.0001
19.03.2014 00:15:41.435 GMT-0000,1871.4270000000001,1870.9879999999998,0,0.0001
19.03.2014 00:15:46.240 GMT-0000,1871.441,1870.9850000000001,0,0.0002
19.03.2014 00:15:51.246 GMT-0000,1871.4120000000003,1870.993,0,0.0002
19.03.2014 00:15:55.151 GMT-0000,1871.631,1871.171,0.0001,0
19.03.2014 00:16:03.259 GMT-0000,1871.639,1871.175,0.0001,0
19.03.2014 00:16:15.975 GMT-0000,1871.615,1871.195,0.0001,0
19.03.2014 00:16:16.275 GMT-0000,1871.4189999999999,1870.9579999999999,0,0.0001
19.03.2014 00:16:18.478 GMT-0000,1871.629,1871.173,0.0001,0
19.03.2014 00:16:23.784 GMT-0000,1871.635,1871.1620000000003,0.0001,0
19.03.2014 00:16:25.887 GMT-0000,1871.411,1870.964,0,0.0001
19.03.2014 00:16:31.393 GMT-0000,1871.429,1870.991,0,0.0001
19.03.2014 00:17:06.534 GMT-0000,1871.4320000000002,1870.9650000000001,0,0.0001
19.03.2014 00:17:23.654 GMT-0000,1871.421,1870.976,0,0.0002
19.03.2014 00:17:30.362 GMT-0000,1871.608,1871.1620000000003,0.0001,0
19.03.2014 00:17:55.090 GMT-0000,1871.64,1871.174,0.0001,0
19.03.2014 00:17:55.391 GMT-0000,1871.43,1870.99,0,0.0002
19.03.2014 00:17:59.495 GMT-0000,1871.6270000000002,1871.195,0.0001,0
19.03.2014 00:18:21.120 GMT-0000,1871.634,1871.1960000000001,0.0001,0.0001
19.03.2014 00:18:32.133 GMT-0000,1871.615,1871.18,0.0001,0.0001
19.03.2014 00:18:56.965 GMT-0000,1871.624,1871.1979999999999,0.0001,0
19.03.2014 00:19:16.190 GMT-0000,1871.625,1871.18,0.0002,0
19.03.2014 00:19:41.221 GMT-0000,1871.6100000000001,1871.1620000000003,0.0002,0
19.03.2014 00:19:41.422 GMT-0000,1871.4370000000001,1870.967,0,0.0002
19.03.2014 00:19:56.040 GMT-0000,1871.6360000000002,1871.181,0.0001,0
19.03.2014 00:20:06.458 GMT-0000,1871.6029999999998,1871.16,0.0001,0
19.03.2014 00:20:10.563 GMT-0000,1871.615,1871.189,0.0001,0
19.03.2014 00:20:27.986 GMT-0000,1871.642,1871.1689999999999,0.0001,0.0001
19.03.2014 00:20:36.295 GMT-0000,1871.616,1871.1870000000001,0.0001,0.0001
19.03.2014 00:20:50.613 GMT-0000,1871.41,1870.9879999999998,0,0.0002
19.03.2014 00:21:11.039 GMT-0000,1871.4279999999999,1870.9920000000002,0,0.0002
19.03.2014 00:21:26.358 GMT-0000,1871.4170000000001,1870.961,0,0.0002
19.03.2014 00:21:42.279 GMT-0000,1871.608,1871.168,0.0001,0
19.03.2014 00:21:47.385 GMT-0000,1871.609,1871.174,0.0001,0
19.03.2014 00:21:56.398 GMT-0000,1871.6129999999998,1871.158,0.0001,0
19.03.2014 00:22:06.111 GMT-0000,1871.629,1871.1879999999999,0.0001,0.0001
19.03.2014 00:22:09.115 GMT-0000,1871.609,1871.19,0.0001,0.0001
19.03.2014 00:22:25.035 GMT-0000,1871.63,1871.174,0.0001,0.0001
19.03.2014 00:22:40.256 GMT-0000,1871.618,1871.185,0.0001,0.0001
19.03.2014 00:22:44.662 GMT-0000,1871.6229999999998,1871.1760000000002,0.0001,0.0001
19.03.2014 00:22:52.472 GMT-0000,1871.619,1871.19,0.0001,0.0001
19.03.2014 00:22:56.176 GMT-0000,1871.628,1871.1870000000001,0.0001,0.0001
19.03.2014 00:23:09.192 GMT-0000,1871.634,1871.1720000000003,0.0001,0.0001
19.03.2014 00:23:15.099 GMT-0000,1871.615,1871.1770000000001,0.0001,0.0001
19.03.2014 00:23:21.206 GMT-0000,1871.63,1871.194,0.0001,0.0001
19.03.2014 00:23:30.017 GMT-0000,1871.6070000000002,1871.183,0.0001,0.0001
19.03.2014 00:24:07.464 GMT-0000,1871.614,1871.179,0.0001,0
19.03.2014 00:24:23.983 GMT-0000,1871.6329999999998,1871.191,0.0001,0.0001
19.03.2014 00:24:49.015 GMT-0000,1871.625,1871.1670000000001,0,0.0001
19.03.2014 00:25:09.142 GMT-0000,1871.621,1871.164,0.0001,0
19.03.2014 00:25:24.461 GMT-0000,1871.629,1871.1879999999999,0.0001,0
19.03.2014 00:25:30.369 GMT-0000,1871.605,1871.1879999999999,0.0001,0
19.03.2014 00:25:33.973 GMT-0000,1871.6200000000001,1871.163,0.0001,0
19.03.2014 00:25:37.678 GMT-0000,1871.6329999999998,1871.1779999999999,0.0001,0
19.03.2014 00:25:42.985 GMT-0000,1871.6229999999998,1871.1670000000001,0.0001,0
19.03.2014 00:26:12.028 GMT-0000,1871.621,1871.181,0.0001,0
19.03.2014 00:26:29.550 GMT-0000,1871.64,1871.1620000000003,0.0001,0
19.03.2014 00:26:38.962 GMT-0000,1871.615,1871.158,0.0001,0
19.03.2014 00:26:48.674 GMT-0000,1871.604,1871.16,0.0001,0
19.03.2014 00:26:58.086 GMT-0000,1871.6129999999998,1871.195,0,0
19.03.2014 00:27:05.996 GMT-0000,1871.619,1871.1920000000002,0,0
19.03.2014 00:27:13.605 GMT-0000,1871.616,1871.1860000000001,0,0
19.03.2014 00:27:32.030 GMT-0000,1871.6370000000002,1871.1720000000003,0,0.0001
19.03.2014 00:28:02.969 GMT-0000,1871.612,1871.161,0,0
19.03.2014 00:28:18.189 GMT-0000,1871.624,1871.17,0,0.0001
19.03.2014 00:28:22.394 GMT-0000,1871.608,1871.173,0,0.0001
19.03.2014 00:28:39.016 GMT-0000,1871.634,1871.163,0,0
19.03.2014 00:28:57.943 GMT-0000,1871.64,1871.163,0,0
19.03.2014 00:29:15.066 GMT-0000,1871.611,1871.185,0,0
19.03.2014 00:29:53.718 GMT-0000,1871.6270000000002,1871.1920000000002,0.0001,0
19.03.2014 00:30:00.426 GMT-0000,1871.642,1871.1779999999999,0.0001,0
19.03.2014 00:30:00.526 GMT-0000,1871.443,1870.957,0,0.0001
19.03.2014 00:30:32.364 GMT-0000,1871.431,1870.974,0,0.0001
19.03.2014 00:31:00.098 GMT-0000,1871.429,1870.996,0,0.0002
19.03.2014 00:31:15.617 GMT-0000,1871.439,1870.984,0,0.0002
19.03.2014 00:31:35.940 GMT-0000,1871.4379999999999,1870.9950000000001,0,0.0002
19.03.2014 00:31:42.448 GMT-0000,1871.405,1870.971,0,0.0002
19.03.2014 00:32:18.493 GMT-0000,1871.44,1870.994,0,0.0002
19.03.2014 00:32:29.907 GMT-0000,1871.42,1870.986,0,0.0002
19.03.2014 00:32:42.922 GMT-0000,1871.403,1870.961,0,0.0002
19.03.2014 00:33:10.356 GMT-0000,1871.408,1870.9950000000001,0,0.0002
19.03.2014 00:33:22.573 GMT-0000,1871.413,1870.964,0,0.0002
19.03.2014 00:33:31.584 GMT-0000,1871.621,1871.181,0.0002,0
19.03.2014 00:33:45.807 GMT-0000,1871.6029999999998,1871.1820000000002,0.0001,0
19.03.2014 00:33:55.957 GMT-0000,1871.415,1870.974,0,0.0002
19.03.2014 00:34:00.626 GMT-0000,1871.4060000000002,1870.984,0,0.0002
19.03.2014 00:34:13.642 GMT-0000,1871.4220000000003,1870.961,0,0.0002
19.03.2014 00:34:22.153 GMT-0000,1871.434,1870.9650000000001,0,0.0002
19.03.2014 00:34:37.172 GMT-0000,1871.403,1870.9720000000002,0,0.0002
19.03.2014 00:34:51.090 GMT-0000,1871.439,1870.973,0,0.0002
19.03.2014 00:34:55.095 GMT-0000,1871.425,1870.9650000000001,0,0.0002
19.03.2014 00:35:05.011 GMT-0000,1871.4370000000001,1870.959,0,0.0002
19.03.2014 00:35:11.419 GMT-0000,1871.1070000000002,1870.668,0,0.0002
19.03.2014 00:35:17.026 GMT-0000,1871.4160000000002,1870.961,0.0001,0
19.03.2014 00:35:19.930 GMT-0000,1871.105,1870.694,0,0.0002
19.03.2014 00:35:20.330 GMT-0000,1871.306,1870.865,0.0001,0.0002
19.03.2014 00:35:25.336 GMT-0000,1871.13,1870.6920000000002,0,0.0002
19.03.2014 00:36:00.682 GMT-0000,1871.122,1870.663,0.0002,0.0001
19.03.2014 00:36:00.983 GMT-0000,1870.904,1870.461,0,0.0003
19.03.2014 00:36:24.714 GMT-0000,1870.9360000000001,1870.49,0.0002,0.0003
19.03.2014 00:36:28.819 GMT-0000,1871.104,1870.668,0.0004,0.0002
19.03.2014 00:36:32.123 GMT-0000,1871.4189999999999,1870.974,0.0003,0
19.03.2014 00:36:40.334 GMT-0000,1871.338,1870.8570000000002,0.0001,0.0001
19.03.2014 00:36:40.935 GMT-0000,1871.414,1870.967,0.0001,0
19.03.2014 00:36:47.844 GMT-0000,1871.4120000000003,1870.9660000000001,0.0001,0
19.03.2014 00:36:57.556 GMT-0000,1871.4060000000002,1870.989,0.0001,0
19.03.2014 00:37:01.462 GMT-0000,1871.129,1870.675,0,0.0001
19.03.2014 00:37:06.870 GMT-0000,1871.142,1870.685,0,0
19.03.2014 00:37:12.477 GMT-0000,1871.1329999999998,1870.684,0,0
19.03.2014 00:37:34.806 GMT-0000,1871.4420000000002,1870.967,0,0
19.03.2014 00:37:38.510 GMT-0000,1871.4220000000003,1870.97,0,0
19.03.2014 00:37:41.814 GMT-0000,1871.4160000000002,1870.994,0,0
19.03.2014 00:38:09.951 GMT-0000,1871.421,1870.9660000000001,0,0
19.03.2014 00:38:27.374 GMT-0000,1871.413,1870.994,0,0
19.03.2014 00:38:31.880 GMT-0000,1871.4420000000002,1870.971,0,0
19.03.2014 00:38:37.988 GMT-0000,1871.403,1870.984,0,0
19.03.2014 00:38:46.699 GMT-0000,1871.424,1870.9660000000001,0,0
19.03.2014 00:39:32.558 GMT-0000,1871.413,1870.969,0,0
19.03.2014 00:39:36.563 GMT-0000,1871.423,1870.963,0.0001,0
19.03.2014 00:39:41.670 GMT-0000,1871.4420000000002,1870.994,0.0001,0
19.03.2014 00:40:24.128 GMT-0000,1871.415,1870.967,0.0001,0
19.03.2014 00:40:28.433 GMT-0000,1871.423,1870.997,0.0001,0
19.03.2014 00:40:39.146 GMT-0000,1871.43,1870.997,0.0001,0
19.03.2014 00:40:46.755 GMT-0000,1871.4189999999999,1870.9620000000002,0.0001,0
19.03.2014 00:40:57.668 GMT-0000,1871.4320000000002,1870.9950000000001,0,0.0001
19.03.2014 00:41:18.994 GMT-0000,1871.414,1870.9779999999998,0.0001,0.0001
19.03.2014 00:41:51.132 GMT-0000,1871.4370000000001,1870.986,0.0001,0.0001
19.03.2014 00:42:10.658 GMT-0000,1871.118,1870.683,0.0001,0
19.03.2014 00:42:20.970 GMT-0000,1871.135,1870.6779999999999,0.0001,0
19.03.2014 00:42:45.300 GMT-0000,1871.143,1870.6689999999999,0.0001,0
19.03.2014 00:43:21.543 GMT-0000,1871.131,1870.6820000000002,0.0001,0
19.03.2014 00:43:28.451 GMT-0000,1871.1370000000002,1870.665,0.0001,0
19.03.2014 00:43:44.671 GMT-0000,1871.1370000000002,1870.6770000000001,0.0001,0
19.03.2014 00:43:56.487 GMT-0000,1871.135,1870.6570000000002,0.0001,0
19.03.2014 00:44:04.297 GMT-0000,1871.106,1870.683,0.0001,0
19.03.2014 00:44:31.230 GMT-0000,1870.9060000000002,1870.479,0,0.0002
19.03.2014 00:44:47.751 GMT-0000,1870.908,1870.494,0.0001,0.0002
19.03.2014 00:44:57.263 GMT-0000,1870.934,1870.476,0.0001,0.0002
19.03.2014 00:44:57.464 GMT-0000,1871.132,1870.6770000000001,0.0005,0
19.03.2014 00:45:00.267 GMT-0000,1871.139,1870.684,0.0005,0
19.03.2014 00:45:06.377 GMT-0000,1870.91,1870.496,0.0001,0.0002
19.03.2014 00:45:57.542 GMT-0000,1870.923,1870.47,0.0002,0.0002
19.03.2014 00:46:10.959 GMT-0000,1870.9420000000002,1870.481,0.0002,0.0002
19.03.2014 00:46:15.365 GMT-0000,1870.9360000000001,1870.467,0.0002,0.0002
19.03.2014 00:46:42.300 GMT-0000,1870.621,1870.179,0.0002,0.0002
19.03.2014 00:46:58.721 GMT-0000,1870.642,1870.1770000000001,0.0001,0.0002
19.03.2014 00:47:04.829 GMT-0000,1870.635,1870.193,0.0001,0.0002
19.03.2014 00:47:21.951 GMT-0000,1870.9220000000003,1870.486,0.0001,0.0001
19.03.2014 00:47:47.584 GMT-0000,1870.9220000000003,1870.491,0.0001,0.0001
19.03.2014 00:48:14.518 GMT-0000,1870.9070000000002,1870.479,0.0001,0.0001
19.03.2014 00:48:18.924 GMT-0000,1870.9360000000001,1870.4950000000001,0.0001,0.0001
19.03.2014 00:48:34.444 GMT-0000,1870.9320000000002,1870.46,0.0001,0.0001
19.03.2014 00:48:50.764 GMT-0000,1870.903,1870.497,0.0001,0.0001
19.03.2014 00:49:08.588 GMT-0000,1870.934,1870.4779999999998,0.0001,0.0001
19.03.2014 00:49:17.400 GMT-0000,1871.1100000000001,1870.66,0.0005,0
19.03.2014 00:49:30.817 GMT-0000,1871.1260000000002,1870.6879999999999,0.0005,0.0001
19.03.2014 00:49:35.422 GMT-0000,1871.1070000000002,1870.6770000000001,0.0005,0.0001
19.03.2014 00:49:47.336 GMT-0000,1871.118,1870.658,0.0005,0.0001
19.03.2014 00:49:49.239 GMT-0000,1871.4170000000001,1870.9950000000001,0.0001,0.0002
19.03.2014 00:49:53.444 GMT-0000,1871.635,1871.1660000000002,0.0001,0.0001
19.03.2014 00:49:59.652 GMT-0000,1871.615,1871.193,0.0001,0.0001
19.03.2014 00:50:22.383 GMT-0000,1871.609,1871.174,0.0001,0.0001
19.03.2014 00:50:22.783 GMT-0000,1871.118,1870.671,0,0.0001
19.03.2014 00:50:28.290 GMT-0000,1871.411,1870.964,0.0002,0
19.03.2014 00:50:37.402 GMT-0000,1871.4089999999999,1870.96,0.0002,0.0001
19.03.2014 00:50:51.720 GMT-0000,1871.41,1870.9750000000001,0.0001,0.0001
19.03.2014 00:50:56.525 GMT-0000,1871.423,1870.994,0.0001,0.0001
19.03.2014 00:51:15.346 GMT-0000,1871.4270000000001,1870.9820000000002,0.0001,0.0001
19.03.2014 00:51:22.957 GMT-0000,1871.404,1870.989,0.0001,0.0001
19.03.2014 00:51:36.373 GMT-0000,1871.43,1870.973,0.0001,0.0001
19.03.2014 00:51:44.784 GMT-0000,1871.4270000000001,1870.963,0.0001,0.0001
19.03.2014 00:52:00.003 GMT-0000,1871.4379999999999,1870.9850000000001,0.0001,0.0001
19.03.2014 00:52:25.436 GMT-0000,1871.4270000000001,1870.991,0.0001,0.0001
19.03.2014 00:52:59.479 GMT-0000,1871.4160000000002,1870.9579999999999,0.0001,0.0001
19.03.2014 00:53:11.392 GMT-0000,1871.4170000000001,1870.98,0.0001,0.0001
19.03.2014 00:53:27.911 GMT-0000,1871.411,1870.9620000000002,0.0001,0.0002
19.03.2014 00:54:05.355 GMT-0000,1871.4379999999999,1870.991,0.0001,0.0002
19.03.2014 00:54:09.260 GMT-0000,1871.404,1870.9850000000001,0.0001,0.0002
19.03.2014 00:54:32.288 GMT-0000,1871.433,1870.996,0.0001,0.0002
19.03.2014 00:54:58.721 GMT-0000,1871.4379999999999,1870.9850000000001,0.0001,0.0002
19.03.2014 00:55:00.424 GMT-0000,1871.439,1870.97,0.0001,0.0002
19.03.2014 00:55:36.173 GMT-0000,1871.43,1870.974,0.0001,0.0002
19.03.2014 00:55:38.476 GMT-0000,1871.125,1870.694,0,0.0002
19.03.2014 00:55:48.488 GMT-0000,1871.1200000000001,1870.6620000000003,0,0.0002
19.03.2014 00:56:25.032 GMT-0000,1871.1100000000001,1870.695,0,0.0002
19.03.2014 00:56:35.446 GMT-0000,1871.104,1870.685,0,0.0001
19.03.2014 00:56:54.771 GMT-0000,1871.143,1870.6720000000003,0,0.0001
19.03.2014 00:57:13.694 GMT-0000,1871.121,1870.6779999999999,0,0.0001
19.03.2014 00:57:28.914 GMT-0000,1871.129,1870.6870000000001,0,0.0002
19.03.2014 00:58:00.755 GMT-0000,1871.1229999999998,1870.6979999999999,0,0.0002
19.03.2014 00:58:11.166 GMT-0000,1871.1270000000002,1870.658,0,0.0001
19.03.2014 00:58:25.184 GMT-0000,1871.1370000000002,1870.6779999999999,0,0.0001
19.03.2014 00:58:26.186 GMT-0000,1870.923,1870.491,0.0001,0.0001
19.03.2014 00:58:50.915 GMT-0000,1870.9160000000002,1870.49,0.0001,0.0001
19.03.2014 00:58:59.626 GMT-0000,1870.9379999999999,1870.473,0.0001,0.0001
19.03.2014 00:59:13.744 GMT-0000,1870.915,1870.489,0.0001,0
19.03.2014 00:59:24.158 GMT-0000,1870.941,1870.491,0.0001,0
19.03.2014 00:59:45.886 GMT-0000,1870.941,1870.464,0.0001,0
19.03.2014 00:59:53.394 GMT-0000,1870.9360000000001,1870.4650000000001,0.0001,0
19.03.2014 01:00:00.302 GMT-0000,1870.935,1870.491,0.0001,0.0001
19.03.2014 01:00:12.119 GMT-0000,1870.929,1870.471,0.0001,0
19.03.2014 01:00:32.949 GMT-0000,1870.924,1870.4660000000001,0.0001,0
19.03.2014 01:00:45.065 GMT-0000,1870.934,1870.469,0.0001,0
19.03.2014 01:01:32.626 GMT-0000,1870.9370000000001,1870.464,0.0001,0
19.03.2014 01:01:47.643 GMT-0000,1870.941,1870.479,0.0001,0
19.03.2014 01:02:33.500 GMT-0000,1870.9089999999999,1870.459,0,0.0001
19.03.2014 01:02:36.304 GMT-0000,1870.643,1870.1770000000001,0.0002,0.0002
19.03.2014 01:02:42.410 GMT-0000,1870.6029999999998,1870.1760000000002,0.0002,0.0002
19.03.2014 01:03:19.052 GMT-0000,1870.9379999999999,1870.473,0.0002,0
19.03.2014 01:03:48.185 GMT-0000,1870.915,1870.491,0.0001,0
19.03.2014 01:03:56.835 GMT-0000,1870.933,1870.477,0.0001,0
19.03.2014 01:04:14.717 GMT-0000,1870.915,1870.4579999999999,0.0001,0
19.03.2014 01:04:35.742 GMT-0000,1870.92,1870.487,0.0001,0
19.03.2014 01:05:08.083 GMT-0000,1870.913,1870.4779999999998,0.0001,0
19.03.2014 01:05:12.488 GMT-0000,1870.9360000000001,1870.471,0.0002,0
19.03.2014 01:06:12.561 GMT-0000,1870.9260000000002,1870.477,0.0002,0
19.03.2014 01:06:16.466 GMT-0000,1870.806,1870.394,0.0002,0.0002
19.03.2014 01:06:16.967 GMT-0000,1870.935,1870.479,0.0002,0
19.03.2014 01:06:20.571 GMT-0000,1870.815,1870.3870000000002,0.0002,0.0002
19.03.2014 01:06:21.172 GMT-0000,1870.911,1870.4660000000001,0.0002,0
19.03.2014 01:06:29.382 GMT-0000,1870.925,1870.4820000000002,0.0002,0.0001
19.03.2014 01:06:54.914 GMT-0000,1870.9089999999999,1870.484,0.0002,0.0001
19.03.2014 01:07:04.324 GMT-0000,1870.602,1870.193,0.0001,0.0002
19.03.2014 01:07:08.328 GMT-0000,1870.609,1870.1720000000003,0.0001,0.0002
19.03.2014 01:07:29.851 GMT-0000,1870.6329999999998,1870.181,0.0002,0.0002
19.03.2014 01:07:34.256 GMT-0000,1870.6170000000002,1870.1860000000001,0.0002,0.0002
19.03.2014 01:08:02.099 GMT-0000,1870.6329999999998,1870.1879999999999,0.0002,0.0002
19.03.2014 01:08:06.305 GMT-0000,1870.615,1870.164,0.0002,0.0002
19.03.2014 01:08:45.254 GMT-0000,1870.616,1870.181,0.0002,0.0002
19.03.2014 01:09:02.181 GMT-0000,1870.632,1870.1870000000001,0.0002,0.0002
19.03.2014 01:10:12.276 GMT-0000,1870.615,1870.1589999999999,0.0001,0.0002
19.03.2014 01:10:17.182 GMT-0000,1870.606,1870.1660000000002,0.0001,0.0002
19.03.2014 01:10:25.492 GMT-0000,1870.6070000000002,1870.1720000000003,0.0001,0.0002
19.03.2014 01:10:29.597 GMT-0000,1870.625,1870.1670000000001,0.0001,0.0002
19.03.2014 01:10:45.918 GMT-0000,1870.618,1870.1879999999999,0.0001,0.0002
19.03.2014 01:11:07.447 GMT-0000,1870.6260000000002,1870.1660000000002,0.0001,0.0002
19.03.2014 01:11:11.653 GMT-0000,1870.639,1870.195,0.0001,0.0002
19.03.2014 01:11:27.775 GMT-0000,1870.943,1870.486,0.0001,0
19.03.2014 01:11:33.181 GMT-0000,1870.903,1870.484,0.0001,0
19.03.2014 01:11:42.394 GMT-0000,1870.933,1870.47,0.0001,0
19.03.2014 01:11:47.301 GMT-0000,1870.941,1870.4679999999998,0.0001,0
19.03.2014 01:11:58.316 GMT-0000,1870.93,1870.464,0.0001,0
19.03.2014 01:12:11.231 GMT-0000,1870.9120000000003,1870.473,0.0001,0
19.03.2014 01:12:22.946 GMT-0000,1870.904,1870.4650000000001,0,0.0001
19.03.2014 01:12:28.353 GMT-0000,1870.941,1870.4879999999998,0.0001,0
19.03.2014 01:12:32.257 GMT-0000,1870.9120000000003,1870.4620000000002,0,0
19.03.2014 01:12:38.264 GMT-0000,1870.914,1870.4720000000002,0.0001,0
19.03.2014 01:13:03.298 GMT-0000,1870.933,1870.4650000000001,0,0.0001
19.03.2014 01:13:34.038 GMT-0000,1870.9420000000002,1870.497,0,0.0001
19.03.2014 01:14:07.881 GMT-0000,1870.944,1870.464,0.0001,0.0001
19.03.2014 01:14:13.489 GMT-0000,1870.902,1870.477,0.0001,0.0001
19.03.2014 01:14:24.303 GMT-0000,1870.921,1870.494,0.0001,0.0001
19.03.2014 01:14:29.009 GMT-0000,1870.92,1870.473,0.0001,0.0001
19.03.2014 01:14:48.834 GMT-0000,1870.904,1870.476,0.0001,0.0001
19.03.2014 01:14:55.944 GMT-0000,1870.925,1870.4850000000001,0.0001,0.0001
19.03.2014 01:15:14.967 GMT-0000,1870.606,1870.185,0.0002,0.0002
19.03.2014 01:15:27.285 GMT-0000,1870.6170000000002,1870.168,0.0002,0.0002
19.03.2014 01:16:34.272 GMT-0000,1870.6260000000002,1870.164,0.0002,0.0002
19.03.2014 01:16:45.586 GMT-0000,1870.606,1870.183,0.0002,0.0002
19.03.2014 01:17:01.506 GMT-0000,1870.614,1870.173,0.0002,0.0002
19.03.2014 01:17:15.224 GMT-0000,1870.6200000000001,1870.191,0.0002,0.0002
19.03.2014 01:17:42.458 GMT-0000,1870.6229999999998,1870.158,0.0002,0.0002
19.03.2014 01:17:56.976 GMT-0000,1870.6329999999998,1870.17,0.0002,0.0002
19.03.2014 01:18:02.382 GMT-0000,1870.6070000000002,1870.183,0.0002,0.0002
19.03.2014 01:18:17.199 GMT-0000,1870.63,1870.1589999999999,0.0002,0.0002
19.03.2014 01:18:40.929 GMT-0000,1870.6129999999998,1870.18,0.0002,0.0002
19.03.2014 01:18:50.141 GMT-0000,1870.6170000000002,1870.185,0.0002,0.0002
19.03.2014 01:18:55.548 GMT-0000,1870.634,1870.1660000000002,0.0002,0.0002
19.03.2014 01:19:20.281 GMT-0000,1870.435,1869.979,0,0.0002
19.03.2014 01:19:34.499 GMT-0000,1870.4370000000001,1869.96,0,0.0002
19.03.2014 01:19:46.714 GMT-0000,1870.434,1869.969,0,0.0002
19.03.2014 01:19:54.424 GMT-0000,1870.415,1869.973,0,0.0002
19.03.2014 01:20:00.431 GMT-0000,1870.612,1870.193,0.0002,0.0001
19.03.2014 01:20:28.771 GMT-0000,1870.6270000000002,1870.1920000000002,0.0002,0.0001
19.03.2014 01:20:33.678 GMT-0000,1870.6170000000002,1870.1920000000002,0.0002,0.0001
19.03.2014 01:21:02.416 GMT-0000,1870.625,1870.18,0.0002,0
19.03.2014 01:21:07.322 GMT-0000,1870.632,1870.171,0.0002,0
19.03.2014 01:21:13.930 GMT-0000,1870.614,1870.163,0.0001,0
19.03.2014 01:21:23.743 GMT-0000,1870.615,1870.183,0.0001,0
19.03.2014 01:21:41.466 GMT-0000,1870.643,1870.194,0.0001,0
19.03.2014 01:21:56.585 GMT-0000,1870.632,1870.1820000000002,0.0001,0
19.03.2014 01:21:56.886 GMT-0000,1870.93,1870.479,0,0.0001
19.03.2014 01:21:57.327 GMT-0000,1871.109,1870.6589999999999,0.0003,0
19.03.2014 01:22:09.003 GMT-0000,1870.9420000000002,1870.4950000000001,0,0.0001
19.03.2014 01:22:18.417 GMT-0000,1870.9060000000002,1870.476,0.0001,0.0001
19.03.2014 01:22:30.936 GMT-0000,1870.9379999999999,1870.4920000000002,0.0001,0.0001
19.03.2014 01:22:42.152 GMT-0000,1870.934,1870.4720000000002,0.0001,0.0001
19.03.2014 01:23:07.486 GMT-0000,1870.904,1870.4750000000001,0.0001,0.0001
19.03.2014 01:23:21.905 GMT-0000,1870.9160000000002,1870.4920000000002,0.0001,0.0001
19.03.2014 01:23:39.127 GMT-0000,1870.929,1870.463,0.0001,0.0001
19.03.2014 01:23:45.635 GMT-0000,1870.905,1870.467,0.0001,0.0001
19.03.2014 01:23:53.245 GMT-0000,1870.908,1870.493,0.0001,0.0001
19.03.2014 01:24:50.818 GMT-0000,1870.904,1870.459,0.0001,0.0001
19.03.2014 01:25:00.430 GMT-0000,1870.9420000000002,1870.489,0.0001,0.0001
19.03.2014 01:25:15.255 GMT-0000,1870.631,1870.161,0.0002,0.0001
19.03.2014 01:25:23.868 GMT-0000,1870.6029999999998,1870.171,0.0002,0.0001
19.03.2014 01:25:29.576 GMT-0000,1870.614,1870.163,0.0002,0.0001
19.03.2014 01:26:04.721 GMT-0000,1870.642,1870.1870000000001,0.0002,0.0001
19.03.2014 01:26:13.232 GMT-0000,1870.622,1870.1760000000002,0.0002,0.0001
19.03.2014 01:26:54.589 GMT-0000,1870.6070000000002,1870.168,0.0002,0.0001
19.03.2014 01:26:59.496 GMT-0000,1870.618,1870.1770000000001,0.0002,0.0001
19.03.2014 01:27:12.214 GMT-0000,1870.621,1870.158,0.0002,0.0001
19.03.2014 01:27:36.745 GMT-0000,1870.606,1870.1760000000002,0.0002,0.0001
19.03.2014 01:27:39.847 GMT-0000,1870.605,1870.189,0.0002,0.0001
19.03.2014 01:28:47.726 GMT-0000,1870.612,1870.165,0,0.0001
19.03.2014 01:29:26.674 GMT-0000,1870.6200000000001,1870.1720000000003,0,0.0001
19.03.2014 01:29:48.799 GMT-0000,1870.634,1870.195,0,0.0001
19.03.2014 01:29:53.104 GMT-0000,1870.612,1870.19,0,0.0001
19.03.2014 01:30:13.731 GMT-0000,1870.632,1870.158,0,0.0001
19.03.2014 01:30:54.777 GMT-0000,1870.608,1870.165,0.0001,0
19.03.2014 01:31:37.221 GMT-0000,1870.931,1870.4650000000001,0.0001,0
19.03.2014 01:31:43.428 GMT-0000,1870.9279999999999,1870.481,0.0001,0
19.03.2014 01:31:47.532 GMT-0000,1870.9320000000002,1870.473,0.0001,0
19.03.2014 01:32:04.851 GMT-0000,1870.914,1870.4620000000002,0.0001,0
19.03.2014 01:32:09.156 GMT-0000,1870.904,1870.487,0.0001,0
19.03.2014 01:32:14.061 GMT-0000,1870.911,1870.489,0.0001,0
19.03.2014 01:32:20.469 GMT-0000,1870.921,1870.4950000000001,0.0001,0
19.03.2014 01:32:27.276 GMT-0000,1870.92,1870.479,0.0001,0
19.03.2014 01:32:56.409 GMT-0000,1870.94,1870.494,0.0001,0
19.03.2014 01:33:05.719 GMT-0000,1870.9070000000002,1870.4850000000001,0.0001,0
19.03.2014 01:34:08.205 GMT-0000,1870.924,1870.474,0,0
19.03.2014 01:34:13.012 GMT-0000,1870.628,1870.193,0,0.0002
19.03.2014 01:34:29.434 GMT-0000,1870.923,1870.4720000000002,0.0001,0
19.03.2014 01:34:30.636 GMT-0000,1870.608,1870.1660000000002,0,0.0002
19.03.2014 01:34:40.748 GMT-0000,1870.611,1870.1920000000002,0,0.0002
19.03.2014 01:35:05.883 GMT-0000,1870.635,1870.165,0,0.0002
19.03.2014 01:35:48.541 GMT-0000,1870.611,1870.184,0.0001,0.0001
19.03.2014 01:36:00.356 GMT-0000,1870.63,1870.1920000000002,0.0001,0.0001
19.03.2014 01:36:19.380 GMT-0000,1870.632,1870.163,0.0001,0.0001
19.03.2014 01:36:26.890 GMT-0000,1870.6270000000002,1870.19,0.0001,0.0001
19.03.2014 01:36:39.707 GMT-0000,1870.6200000000001,1870.183,0.0001,0.0001
19.03.2014 01:37:38.183 GMT-0000,1870.604,1870.184,0.0001,0.0001
19.03.2014 01:38:16.236 GMT-0000,1870.6270000000002,1870.174,0.0001,0.0001
19.03.2014 01:38:27.651 GMT-0000,1870.624,1870.171,0.0001,0.0001
19.03.2014 01:38:38.065 GMT-0000,1870.618,1870.1670000000001,0.0001,0.0002
19.03.2014 01:38:58.794 GMT-0000,1870.639,1870.1670000000001,0.0001,0.0002
19.03.2014 01:39:19.220 GMT-0000,1870.605,1870.164,0.0001,0.0002
19.03.2014 01:39:39.144 GMT-0000,1870.611,1870.191,0.0001,0.0002
19.03.2014 01:40:08.686 GMT-0000,1870.616,1870.1689999999999,0,0.0002
19.03.2014 01:40:18.700 GMT-0000,1870.616,1870.16,0,0.0002
19.03.2014 01:40:23.706 GMT-0000,1870.641,1870.1860000000001,0,0.0002
19.03.2014 01:40:29.013 GMT-0000,1870.6370000000002,1870.183,0,0.0002
19.03.2014 01:41:12.172 GMT-0000,1870.6229999999998,1870.174,0.0001,0.0002
19.03.2014 01:41:31.898 GMT-0000,1870.6170000000002,1870.1660000000002,0.0001,0.0002
19.03.2014 01:41:51.722 GMT-0000,1870.4370000000001,1869.996,0,0.0002
19.03.2014 01:42:01.235 GMT-0000,1870.631,1870.1689999999999,0.0001,0
19.03.2014 01:42:09.945 GMT-0000,1870.64,1870.189,0.0001,0
19.03.2014 01:42:15.553 GMT-0000,1870.4120000000003,1869.967,0.0001,0.0002
19.03.2014 01:42:30.473 GMT-0000,1870.415,1869.96,0.0001,0.0002
19.03.2014 01:42:59.407 GMT-0000,1870.413,1869.9820000000002,0.0001,0.0002
19.03.2014 01:43:25.640 GMT-0000,1870.404,1869.9820000000002,0.0001,0.0002
19.03.2014 01:43:55.883 GMT-0000,1870.433,1869.9820000000002,0.0001,0.0002
19.03.2014 01:44:12.405 GMT-0000,1870.441,1869.98,0.0001,0.0002
19.03.2014 01:44:22.819 GMT-0000,1870.4279999999999,1869.983,0.0001,0.0002
19.03.2014 01:44:26.825 GMT-0000,1870.441,1869.989,0.0001,0.0001
19.03.2014 01:44:34.636 GMT-0000,1870.4420000000002,1869.99,0.0002,0
19.03.2014 01:44:39.142 GMT-0000,1870.13,1869.6670000000001,0,0.0002
19.03.2014 01:44:49.356 GMT-0000,1870.122,1869.66,0,0.0002
19.03.2014 01:45:10.289 GMT-0000,1869.931,1869.467,0.0002,0.0001
19.03.2014 01:45:18.400 GMT-0000,1869.625,1869.179,0,0.0002
19.03.2014 01:45:29.815 GMT-0000,1869.621,1869.1770000000001,0,0.0002
19.03.2014 01:46:01.058 GMT-0000,1869.618,1869.163,0.0001,0.0002
19.03.2014 01:46:09.168 GMT-0000,1869.634,1869.189,0.0001,0.0002
19.03.2014 01:46:28.992 GMT-0000,1869.641,1869.1670000000001,0.0003,0.0001
19.03.2014 01:47:14.654 GMT-0000,1869.602,1869.1720000000003,0.0001,0
19.03.2014 01:47:32.977 GMT-0000,1869.6329999999998,1869.191,0.0001,0.0001
19.03.2014 01:48:07.221 GMT-0000,1869.4120000000003,1868.9650000000001,0,0.0004
19.03.2014 01:48:27.144 GMT-0000,1869.423,1868.993,0,0.0003
19.03.2014 01:48:30.548 GMT-0000,1869.4360000000001,1868.98,0,0.0003
19.03.2014 01:48:31.048 GMT-0000,1869.624,1869.1860000000001,0.0001,0
19.03.2014 01:48:31.449 GMT-0000,1869.404,1868.9720000000002,0,0.0003
19.03.2014 01:48:31.949 GMT-0000,1869.64,1869.1870000000001,0.0001,0
19.03.2014 01:49:01.087 GMT-0000,1869.6070000000002,1869.191,0.0001,0.0002
19.03.2014 01:49:26.223 GMT-0000,1869.612,1869.1960000000001,0.0001,0.0003
19.03.2014 01:49:30.329 GMT-0000,1869.604,1869.194,0.0001,0.0003
19.03.2014 01:49:41.844 GMT-0000,1869.622,1869.1870000000001,0.0001,0.0003
19.03.2014 01:49:55.461 GMT-0000,1869.615,1869.1770000000001,0.0001,0.0002
19.03.2014 01:50:02.371 GMT-0000,1869.612,1869.183,0.0001,0.0002
19.03.2014 01:50:31.707 GMT-0000,1869.628,1869.1920000000002,0.0002,0.0002
19.03.2014 01:50:38.114 GMT-0000,1869.634,1869.164,0.0002,0.0002
19.03.2014 01:51:07.351 GMT-0000,1869.6170000000002,1869.1660000000002,0.0002,0.0002
19.03.2014 01:51:18.866 GMT-0000,1869.6270000000002,1869.185,0.0002,0.0002
19.03.2014 01:51:32.782 GMT-0000,1869.612,1869.1660000000002,0.0002,0.0002
19.03.2014 01:51:46.800 GMT-0000,1869.418,1868.971,0.0006,0.0003
19.03.2014 01:51:51.305 GMT-0000,1869.4270000000001,1868.9650000000001,0.0006,0.0003
19.03.2014 01:51:58.113 GMT-0000,1869.6070000000002,1869.168,0.0002,0
19.03.2014 01:52:13.632 GMT-0000,1869.4260000000002,1868.9720000000002,0.0001,0.0003
19.03.2014 01:52:28.951 GMT-0000,1869.439,1868.9620000000002,0.0002,0.0003
19.03.2014 01:52:45.172 GMT-0000,1869.4279999999999,1868.979,0.0002,0.0003
19.03.2014 01:52:50.079 GMT-0000,1869.424,1868.996,0.0002,0.0003
19.03.2014 01:53:06.399 GMT-0000,1869.414,1868.9850000000001,0.0002,0.0003
19.03.2014 01:53:14.510 GMT-0000,1869.614,1869.1920000000002,0.0002,0
19.03.2014 01:53:35.637 GMT-0000,1869.628,1869.1589999999999,0.0002,0
19.03.2014 01:53:57.967 GMT-0000,1869.638,1869.1760000000002,0.0001,0.0001
19.03.2014 01:54:23.399 GMT-0000,1869.625,1869.1860000000001,0.0001,0
19.03.2014 01:54:27.405 GMT-0000,1869.6200000000001,1869.1860000000001,0.0001,0
19.03.2014 01:54:38.920 GMT-0000,1869.621,1869.1870000000001,0.0001,0
19.03.2014 01:54:43.326 GMT-0000,1869.612,1869.161,0.0001,0
19.03.2014 01:55:00.849 GMT-0000,1869.618,1869.17,0.0001,0
19.03.2014 01:55:16.975 GMT-0000,1869.638,1869.19,0.0001,0
19.03.2014 01:55:50.419 GMT-0000,1869.622,1869.163,0.0002,0
19.03.2014 01:56:18.556 GMT-0000,1869.606,1869.163,0.0001,0.0001
19.03.2014 01:56:31.875 GMT-0000,1869.618,1869.1770000000001,0.0001,0.0001
19.03.2014 01:56:51.600 GMT-0000,1869.6100000000001,1869.19,0.0001,0.0001
19.03.2014 01:57:05.718 GMT-0000,1869.618,1869.1870000000001,0.0002,0
19.03.2014 01:57:21.839 GMT-0000,1869.6229999999998,1869.1770000000001,0.0002,0
19.03.2014 01:57:25.043 GMT-0000,1869.638,1869.1660000000002,0.0002,0
19.03.2014 01:57:42.466 GMT-0000,1869.638,1869.179,0.0001,0
19.03.2014 01:57:46.771 GMT-0000,1869.641,1869.164,0.0001,0
19.03.2014 01:57:50.476 GMT-0000,1869.634,1869.181,0.0001,0
19.03.2014 01:58:00.089 GMT-0000,1869.4379999999999,1868.989,0.0003,0.0003
19.03.2014 01:58:14.208 GMT-0000,1869.104,1868.695,0.0002,0.0003
19.03.2014 01:59:04.074 GMT-0000,1868.903,1868.48,0,0.0003
19.03.2014 01:59:14.325 GMT-0000,1869.1029999999998,1868.671,0.0001,0
19.03.2014 01:59:15.190 GMT-0000,1868.924,1868.48,0,0.0002
19.03.2014 01:59:15.289 GMT-0000,1869.132,1868.671,0.0001,0
19.03.2014 01:59:19.594 GMT-0000,1868.92,1868.486,0,0.0002
19.03.2014 01:59:24.305 GMT-0000,1869.1270000000002,1868.694,0.0001,0
19.03.2014 01:59:34.122 GMT-0000,1869.143,1868.6660000000002,0.0001,0
19.03.2014 01:59:53.948 GMT-0000,1869.122,1868.671,0.0001,0
19.03.2014 01:59:57.152 GMT-0000,1869.1260000000002,1868.6879999999999,0.0001,0
19.03.2014 02:01:20.968 GMT-0000,1869.118,1868.6879999999999,0.0001,0.0001
19.03.2014 02:01:39.792 GMT-0000,1869.135,1868.6870000000001,0.0001,0.0002
19.03.2014 02:01:45.900 GMT-0000,1869.404,1868.991,0,0.0001
19.03.2014 02:01:55.212 GMT-0000,1869.403,1868.9620000000002,0,0.0001
19.03.2014 02:02:37.167 GMT-0000,1869.514,1869.08,0.0003,0.0001
19.03.2014 02:02:38.568 GMT-0000,1869.602,1869.174,0.0003,0
19.03.2014 02:02:40.170 GMT-0000,1869.441,1868.977,0,0.0001
19.03.2014 02:03:08.803 GMT-0000,1869.43,1868.99,0,0.0001
19.03.2014 02:03:31.933 GMT-0000,1869.604,1869.174,0.0001,0
19.03.2014 02:03:47.654 GMT-0000,1869.641,1869.1689999999999,0.0001,0
19.03.2014 02:03:57.805 GMT-0000,1869.4320000000002,1868.989,0,0.0001
19.03.2014 02:04:19.097 GMT-0000,1869.43,1868.9920000000002,0,0.0001
19.03.2014 02:04:26.907 GMT-0000,1869.414,1868.9920000000002,0,0
19.03.2014 02:04:38.022 GMT-0000,1869.424,1868.98,0,0.0001
19.03.2014 02:05:08.763 GMT-0000,1869.408,1868.9779999999998,0.0001,0
19.03.2014 02:05:14.870 GMT-0000,1869.4420000000002,1868.9879999999998,0.0001,0
19.03.2014 02:05:27.187 GMT-0000,1869.105,1868.668,0,0.0002
19.03.2014 02:05:41.705 GMT-0000,1869.13,1868.664,0,0.0002
19.03.2014 02:05:47.213 GMT-0000,1869.118,1868.689,0,0.0002
19.03.2014 02:05:54.522 GMT-0000,1869.1360000000002,1868.6770000000001,0,0.0002
19.03.2014 02:06:39.989 GMT-0000,1869.111,1868.6660000000002,0,0.0001
19.03.2014 02:07:03.322 GMT-0000,1869.132,1868.663,0,0
19.03.2014 02:07:20.145 GMT-0000,1869.4370000000001,1868.9920000000002,0,0
19.03.2014 02:07:45.079 GMT-0000,1869.413,1868.971,0,0.0001
19.03.2014 02:07:53.190 GMT-0000,1869.6200000000001,1869.194,0.0002,0
19.03.2014 02:08:05.408 GMT-0000,1869.425,1868.959,0.0002,0
19.03.2014 02:09:19.510 GMT-0000,1869.614,1869.183,0.0001,0
19.03.2014 02:09:21.612 GMT-0000,1869.404,1868.996,0,0.0001
19.03.2014 02:09:53.249 GMT-0000,1869.104,1868.6920000000002,0,0.0001
19.03.2014 02:10:09.772 GMT-0000,1869.134,1868.6670000000001,0,0.0001
19.03.2014 02:10:11.375 GMT-0000,1868.93,1868.4879999999998,0.0001,0.0002
19.03.2014 02:10:25.094 GMT-0000,1868.924,1868.483,0.0001,0.0002
19.03.2014 02:10:33.104 GMT-0000,1868.9220000000003,1868.491,0.0001,0.0002
19.03.2014 02:10:38.412 GMT-0000,1868.93,1868.461,0,0.0002
19.03.2014 02:10:47.823 GMT-0000,1868.93,1868.4950000000001,0.0001,0.0002
19.03.2014 02:11:04.744 GMT-0000,1868.9060000000002,1868.489,0.0001,0.0002
19.03.2014 02:12:02.311 GMT-0000,1868.925,1868.4750000000001,0,0.0002
19.03.2014 02:12:05.514 GMT-0000,1868.918,1868.487,0,0.0002
19.03.2014 02:12:05.715 GMT-0000,1869.1360000000002,1868.695,0.0001,0
19.03.2014 02:12:40.959 GMT-0000,1869.1070000000002,1868.675,0.0001,0
19.03.2014 02:12:53.074 GMT-0000,1869.135,1868.674,0.0001,0
19.03.2014 02:12:58.280 GMT-0000,1869.1029999999998,1868.695,0.0001,0
19.03.2014 02:13:02.585 GMT-0000,1869.135,1868.681,0.0001,0
19.03.2014 02:13:13.097 GMT-0000,1869.134,1868.683,0.0001,0
19.03.2014 02:13:27.516 GMT-0000,1869.114,1868.681,0.0001,0
19.03.2014 02:13:34.223 GMT-0000,1869.1360000000002,1868.693,0.0001,0
19.03.2014 02:13:42.935 GMT-0000,1868.92,1868.479,0,0.0002
19.03.2014 02:13:52.947 GMT-0000,1868.931,1868.496,0,0.0002
19.03.2014 02:14:02.059 GMT-0000,1869.1370000000002,1868.6720000000003,0.0001,0
19.03.2014 02:14:21.883 GMT-0000,1869.144,1868.6870000000001,0.0001,0
19.03.2014 02:14:29.693 GMT-0000,1869.114,1868.6920000000002,0.0001,0
19.03.2014 02:15:00.535 GMT-0000,1869.121,1868.6960000000001,0,0
19.03.2014 02:15:08.547 GMT-0000,1869.135,1868.68,0,0.0001
19.03.2014 02:15:20.362 GMT-0000,1869.1360000000002,1868.6820000000002,0,0.0001
19.03.2014 02:15:24.368 GMT-0000,1869.134,1868.685,0,0.0001
19.03.2014 02:15:33.381 GMT-0000,1869.4160000000002,1868.9879999999998,0.0001,0
19.03.2014 02:16:20.045 GMT-0000,1869.4260000000002,1868.9920000000002,0.0001,0
19.03.2014 02:16:31.761 GMT-0000,1869.425,1868.976,0,0
19.03.2014 02:16:41.274 GMT-0000,1869.408,1868.969,0.0001,0
19.03.2014 02:17:15.518 GMT-0000,1869.439,1868.9979999999998,0.0001,0.0001
19.03.2014 02:17:20.626 GMT-0000,1869.439,1868.967,0,0.0001
19.03.2014 02:17:29.438 GMT-0000,1869.4360000000001,1868.981,0,0.0001
19.03.2014 02:18:10.693 GMT-0000,1869.423,1868.973,0,0.0002
19.03.2014 02:18:21.908 GMT-0000,1869.402,1868.989,0,0.0002
19.03.2014 02:18:46.239 GMT-0000,1869.4189999999999,1868.977,0,0.0002
19.03.2014 02:19:10.367 GMT-0000,1869.431,1868.971,0,0.0002
19.03.2014 02:19:42.605 GMT-0000,1869.4370000000001,1868.971,0,0.0002
19.03.2014 02:20:09.144 GMT-0000,1869.423,1868.969,0.0001,0.0002
19.03.2014 02:20:12.148 GMT-0000,1869.4120000000003,1868.969,0.0001,0.0002
19.03.2014 02:20:22.361 GMT-0000,1869.414,1868.963,0.0001,0.0002
19.03.2014 02:20:27.467 GMT-0000,1869.431,1868.963,0.0001,0.0002
19.03.2014 02:20:47.293 GMT-0000,1869.4120000000003,1868.9850000000001,0.0001,0.0002
19.03.2014 02:20:50.197 GMT-0000,1869.109,1868.658,0.0002,0.0001
19.03.2014 02:20:54.703 GMT-0000,1869.1360000000002,1868.658,0.0002,0.0001
19.03.2014 02:20:59.409 GMT-0000,1869.1260000000002,1868.68,0.0002,0
19.03.2014 02:21:10.524 GMT-0000,1869.135,1868.675,0.0002,0
19.03.2014 02:21:34.854 GMT-0000,1869.112,1868.694,0.0002,0
19.03.2014 02:22:03.587 GMT-0000,1869.114,1868.6620000000003,0.0002,0
19.03.2014 02:22:17.102 GMT-0000,1869.111,1868.684,0.0002,0.0001
19.03.2014 02:22:49.540 GMT-0000,1869.132,1868.695,0.0002,0.0001
19.03.2014 02:23:20.481 GMT-0000,1869.1170000000002,1868.6920000000002,0.0002,0.0001
19.03.2014 02:23:26.088 GMT-0000,1869.1329999999998,1868.691,0.0002,0.0001
19.03.2014 02:23:46.415 GMT-0000,1869.112,1868.664,0.0002,0.0001
19.03.2014 02:24:05.241 GMT-0000,1869.1329999999998,1868.693,0.0002,0.0002
19.03.2014 02:24:18.459 GMT-0000,1869.128,1868.693,0.0002,0.0001
19.03.2014 02:24:26.171 GMT-0000,1869.135,1868.6589999999999,0.0002,0.0001
19.03.2014 02:24:37.586 GMT-0000,1869.131,1868.6770000000001,0.0002,0.0002
19.03.2014 02:24:49.803 GMT-0000,1869.1360000000002,1868.6570000000002,0.0002,0.0002
19.03.2014 02:24:53.308 GMT-0000,1869.1229999999998,1868.6770000000001,0.0002,0.0002
19.03.2014 02:25:00.217 GMT-0000,1869.1070000000002,1868.673,0.0002,0.0002
19.03.2014 02:25:11.635 GMT-0000,1869.109,1868.6770000000001,0.0001,0.0002
19.03.2014 02:25:31.661 GMT-0000,1869.138,1868.674,0.0001,0.0002
19.03.2014 02:25:42.374 GMT-0000,1869.141,1868.673,0.0001,0.0002
19.03.2014 02:26:00.898 GMT-0000,1869.143,1868.6689999999999,0.0001,0.0002
19.03.2014 02:26:22.025 GMT-0000,1869.1070000000002,1868.684,0,0.0002
19.03.2014 02:26:29.736 GMT-0000,1869.141,1868.69,0,0.0002
19.03.2014 02:26:37.545 GMT-0000,1869.1370000000002,1868.689,0.0001,0.0002
19.03.2014 02:26:48.560 GMT-0000,1869.129,1868.694,0,0.0002
19.03.2014 02:27:01.177 GMT-0000,1869.1170000000002,1868.6970000000001,0,0.0002
19.03.2014 02:27:20.301 GMT-0000,1869.143,1868.6589999999999,0,0.0002
19.03.2014 02:27:52.841 GMT-0000,1869.135,1868.6670000000001,0,0.0002
19.03.2014 02:28:01.352 GMT-0000,1869.104,1868.675,0,0.0002
19.03.2014 02:28:06.258 GMT-0000,1869.1270000000002,1868.6820000000002,0,0.0002
19.03.2014 02:28:12.266 GMT-0000,1869.109,1868.685,0,0.0002
19.03.2014 02:28:21.978 GMT-0000,1869.1029999999998,1868.685,0,0.0002
19.03.2014 02:29:04.932 GMT-0000,1869.1329999999998,1868.673,0.0001,0.0001
19.03.2014 02:29:32.770 GMT-0000,1869.1260000000002,1868.694,0.0001,0.0001
19.03.2014 02:30:14.127 GMT-0000,1869.134,1868.6920000000002,0.0001,0.0002
19.03.2014 02:30:48.375 GMT-0000,1869.1200000000001,1868.67,0.0001,0.0002
19.03.2014 02:31:03.995 GMT-0000,1869.106,1868.675,0.0001,0.0002
19.03.2014 02:31:17.010 GMT-0000,1869.104,1868.6589999999999,0.0001,0.0002
19.03.2014 02:31:33.429 GMT-0000,1869.1100000000001,1868.673,0.0001,0.0001
19.03.2014 02:31:54.854 GMT-0000,1869.1370000000002,1868.689,0.0001,0.0001
19.03.2014 02:32:04.967 GMT-0000,1869.14,1868.683,0.0001,0.0002
19.03.2014 02:32:09.073 GMT-0000,1869.1070000000002,1868.685,0.0001,0.0002
19.03.2014 02:32:33.003 GMT-0000,1869.142,1868.6960000000001,0.0001,0.0002
19.03.2014 02:32:43.516 GMT-0000,1869.14,1868.6620000000003,0.0001,0.0001
19.03.2014 02:32:44.418 GMT-0000,1868.929,1868.459,0.0001,0.0002
19.03.2014 02:32:54.330 GMT-0000,1868.9279999999999,1868.4779999999998,0.0001,0.0002
19.03.2014 02:33:11.051 GMT-0000,1868.918,1868.463,0.0001,0.0002
19.03.2014 02:33:33.381 GMT-0000,1868.913,1868.4620000000002,0,0.0002
19.03.2014 02:33:55.908 GMT-0000,1868.9360000000001,1868.497,0,0.0002
19.03.2014 02:34:04.619 GMT-0000,1868.9160000000002,1868.493,0,0.0002
19.03.2014 02:34:14.432 GMT-0000,1868.91,1868.491,0,0.0002
19.03.2014 02:34:41.166 GMT-0000,1868.9379999999999,1868.496,0,0.0002
19.03.2014 02:34:52.181 GMT-0000,1868.908,1868.47,0.0001,0.0002
19.03.2014 02:34:57.791 GMT-0000,1868.9220000000003,1868.47,0.0001,0.0002
19.03.2014 02:34:59.693 GMT-0000,1869.109,1868.689,0.0001,0.0001
19.03.2014 02:35:00.294 GMT-0000,1869.115,1868.6779999999999,0.0001,0.0001
19.03.2014 02:35:09.007 GMT-0000,1869.1029999999998,1868.675,0.0001,0.0001
19.03.2014 02:35:17.418 GMT-0000,1869.105,1868.665,0.0001,0.0001
19.03.2014 02:35:27.931 GMT-0000,1869.106,1868.661,0.0001,0.0001
19.03.2014 02:35:48.156 GMT-0000,1869.1370000000002,1868.6860000000001,0.0001,0.0001
19.03.2014 02:36:12.885 GMT-0000,1869.129,1868.67,0.0001,0.0001
19.03.2014 02:36:17.892 GMT-0000,1869.13,1868.685,0.0001,0.0001
19.03.2014 02:36:29.207 GMT-0000,1869.134,1868.684,0.0001,0.0001
19.03.2014 02:36:34.013 GMT-0000,1869.1370000000002,1868.679,0.0001,0.0001
19.03.2014 02:36:38.719 GMT-0000,1868.9120000000003,1868.4879999999998,0.0002,0.0002
19.03.2014 02:36:45.528 GMT-0000,1868.943,1868.48,0.0002,0.0002
19.03.2014 02:36:52.237 GMT-0000,1868.908,1868.491,0.0002,0.0002
19.03.2014 02:37:20.775 GMT-0000,1868.9360000000001,1868.457,0.0002,0.0002
19.03.2014 02:37:43.105 GMT-0000,1868.9320000000002,1868.479,0.0002,0.0002
19.03.2014 02:38:16.749 GMT-0000,1869.142,1868.675,0.0001,0.0001
19.03.2014 02:38:59.505 GMT-0000,1869.13,1868.694,0.0002,0
19.03.2014 02:39:15.225 GMT-0000,1869.141,1868.695,0.0001,0
19.03.2014 02:39:19.431 GMT-0000,1869.143,1868.681,0.0001,0
19.03.2014 02:39:44.864 GMT-0000,1869.132,1868.6879999999999,0.0001,0.0001
19.03.2014 02:39:58.282 GMT-0000,1869.139,1868.683,0.0001,0.0001
19.03.2014 02:40:35.939 GMT-0000,1869.105,1868.66,0.0001,0.0001
19.03.2014 02:41:44.932 GMT-0000,1869.138,1868.658,0.0001,0
19.03.2014 02:42:05.257 GMT-0000,1869.14,1868.6670000000001,0.0001,0.0001
19.03.2014 02:42:06.759 GMT-0000,1868.9070000000002,1868.4750000000001,0.0001,0.0002
19.03.2014 02:42:14.168 GMT-0000,1868.905,1868.4920000000002,0,0.0002
19.03.2014 02:42:58.419 GMT-0000,1868.9060000000002,1868.469,0,0.0002
19.03.2014 02:43:10.834 GMT-0000,1868.9270000000001,1868.47,0,0.0003
19.03.2014 02:43:14.238 GMT-0000,1868.934,1868.481,0,0.0003
19.03.2014 02:43:24.750 GMT-0000,1868.931,1868.4660000000001,0,0.0003
19.03.2014 02:43:54.587 GMT-0000,1868.923,1868.4979999999998,0,0.0002
19.03.2014 02:44:08.003 GMT-0000,1868.931,1868.4750000000001,0,0.0002
19.03.2014 02:44:35.839 GMT-0000,1868.911,1868.464,0,0.0002
19.03.2014 02:44:39.443 GMT-0000,1868.93,1868.4579999999999,0,0.0002
19.03.2014 02:44:47.855 GMT-0000,1868.902,1868.471,0,0.0002
19.03.2014 02:44:58.769 GMT-0000,1869.038,1868.574,0.0002,0.0004
19.03.2014 02:44:59.170 GMT-0000,1869.118,1868.683,0.0002,0
19.03.2014 02:45:05.878 GMT-0000,1868.918,1868.489,0,0.0005
19.03.2014 02:45:15.391 GMT-0000,1868.934,1868.4720000000002,0,0.0002
19.03.2014 02:45:39.424 GMT-0000,1868.913,1868.4620000000002,0,0.0003
19.03.2014 02:45:41.027 GMT-0000,1869.118,1868.668,0.0002,0
19.03.2014 02:45:41.527 GMT-0000,1869.009,1868.585,0.0002,0.0003
19.03.2014 02:45:44.131 GMT-0000,1869.122,1868.6770000000001,0.0002,0
19.03.2014 02:45:46.334 GMT-0000,1868.9420000000002,1868.4650000000001,0,0.0003
19.03.2014 02:45:51.241 GMT-0000,1868.9379999999999,1868.4660000000001,0,0.0003
19.03.2014 02:46:01.254 GMT-0000,1868.931,1868.47,0,0.0003
19.03.2014 02:46:08.164 GMT-0000,1869.102,1868.67,0,0
19.03.2014 02:46:15.675 GMT-0000,1869.1229999999998,1868.664,0.0001,0
19.03.2014 02:46:20.983 GMT-0000,1869.13,1868.6620000000003,0.0001,0
19.03.2014 02:46:22.986 GMT-0000,1869.435,1868.961,0.0001,0.0001
19.03.2014 02:46:23.187 GMT-0000,1869.1070000000002,1868.674,0,0.0001
19.03.2014 02:46:27.393 GMT-0000,1869.143,1868.671,0,0
19.03.2014 02:46:35.403 GMT-0000,1869.102,1868.684,0,0.0001
19.03.2014 02:47:05.044 GMT-0000,1869.13,1868.6689999999999,0,0.0001
19.03.2014 02:47:43.794 GMT-0000,1868.941,1868.497,0,0.0001
19.03.2014 02:48:04.521 GMT-0000,1868.9189999999999,1868.463,0,0.0001
19.03.2014 02:48:12.030 GMT-0000,1868.9260000000002,1868.474,0,0.0002
19.03.2014 02:48:27.149 GMT-0000,1869.13,1868.6689999999999,0.0001,0
19.03.2014 02:48:49.178 GMT-0000,1869.106,1868.6570000000002,0.0001,0
19.03.2014 02:49:00.493 GMT-0000,1869.1170000000002,1868.661,0.0001,0
19.03.2014 02:49:05.199 GMT-0000,1869.128,1868.663,0.0001,0
19.03.2014 02:49:33.236 GMT-0000,1869.115,1868.6660000000002,0,0
19.03.2014 02:49:42.047 GMT-0000,1869.14,1868.663,0,0
19.03.2014 02:50:01.472 GMT-0000,1869.118,1868.6820000000002,0,0
19.03.2014 02:50:39.429 GMT-0000,1869.138,1868.6720000000003,0,0
19.03.2014 02:50:55.951 GMT-0000,1869.135,1868.6970000000001,0,0.0001
19.03.2014 02:51:01.158 GMT-0000,1869.1170000000002,1868.6879999999999,0.0001,0.0001
19.03.2014 02:51:25.791 GMT-0000,1869.124,1868.66,0,0.0001
19.03.2014 02:51:42.012 GMT-0000,1869.129,1868.6589999999999,0,0.0001
19.03.2014 02:52:05.042 GMT-0000,1869.134,1868.673,0,0.0001
19.03.2014 02:52:59.413 GMT-0000,1869.116,1868.6589999999999,0,0.0001
19.03.2014 02:52:59.713 GMT-0000,1868.924,1868.496,0,0.0002
19.03.2014 02:53:09.626 GMT-0000,1868.92,1868.4679999999998,0,0.0001
19.03.2014 02:53:35.561 GMT-0000,1868.929,1868.4720000000002,0,0.0001
19.03.2014 02:53:40.167 GMT-0000,1869.141,1868.661,0.0001,0
19.03.2014 02:53:52.382 GMT-0000,1869.112,1868.668,0.0001,0
19.03.2014 02:54:01.893 GMT-0000,1869.122,1868.665,0.0001,0
19.03.2014 02:54:14.208 GMT-0000,1869.118,1868.693,0.0002,0
19.03.2014 02:54:21.116 GMT-0000,1869.124,1868.6960000000001,0.0002,0
19.03.2014 02:54:28.926 GMT-0000,1869.122,1868.6779999999999,0.0002,0
19.03.2014 02:54:29.026 GMT-0000,1868.9089999999999,1868.48,0.0001,0.0001
19.03.2014 02:54:35.934 GMT-0000,1868.9189999999999,1868.48,0,0.0001
19.03.2014 02:54:43.642 GMT-0000,1868.931,1868.479,0,0.0001
19.03.2014 02:54:53.153 GMT-0000,1868.941,1868.4720000000002,0,0.0001
19.03.2014 02:55:18.182 GMT-0000,1868.9270000000001,1868.479,0.0001,0.0001
19.03.2014 02:55:29.596 GMT-0000,1868.94,1868.49,0.0001,0.0001
19.03.2014 02:55:45.514 GMT-0000,1868.92,1868.487,0.0001,0.0001
19.03.2014 02:55:50.519 GMT-0000,1868.918,1868.487,0.0001,0
19.03.2014 02:56:09.240 GMT-0000,1868.923,1868.477,0.0001,0
19.03.2014 02:56:14.546 GMT-0000,1868.943,1868.476,0.0001,0
19.03.2014 02:56:18.150 GMT-0000,1869.105,1868.668,0.0001,0
19.03.2014 02:56:27.561 GMT-0000,1869.1370000000002,1868.684,0.0001,0
19.03.2014 02:56:38.575 GMT-0000,1869.128,1868.6979999999999,0.0001,0.0001
19.03.2014 02:57:11.714 GMT-0000,1869.13,1868.6870000000001,0.0001,0.0001
19.03.2014 02:57:20.825 GMT-0000,1869.1270000000002,1868.668,0.0001,0.0001
19.03.2014 02:57:25.230 GMT-0000,1869.119,1868.6770000000001,0.0001,0.0001
19.03.2014 02:57:39.546 GMT-0000,1869.1260000000002,1868.681,0.0001,0.0001
19.03.2014 02:57:51.760 GMT-0000,1869.106,1868.6779999999999,0.0001,0.0001
19.03.2014 02:57:56.365 GMT-0000,1869.116,1868.6970000000001,0.0001,0.0001
19.03.2014 02:58:12.584 GMT-0000,1869.132,1868.6970000000001,0.0001,0.0001
19.03.2014 02:58:22.395 GMT-0000,1869.1270000000002,1868.695,0.0001,0.0001
19.03.2014 02:58:39.914 GMT-0000,1869.138,1868.673,0,0.0001
19.03.2014 02:58:46.422 GMT-0000,1869.1200000000001,1868.668,0,0.0001
19.03.2014 02:59:15.556 GMT-0000,1869.109,1868.684,0,0.0001
19.03.2014 02:59:25.768 GMT-0000,1869.129,1868.6879999999999,0,0.0001
19.03.2014 02:59:32.676 GMT-0000,1869.132,1868.6689999999999,0,0.0001
19.03.2014 02:59:45.190 GMT-0000,1869.1200000000001,1868.675,0,0.0001
19.03.2014 02:59:49.095 GMT-0000,1869.1029999999998,1868.6589999999999,0,0.0001
19.03.2014 03:00:11.925 GMT-0000,1869.129,1868.671,0,0.0001
19.03.2014 03:00:37.354 GMT-0000,1869.139,1868.6660000000002,0,0.0001
19.03.2014 03:01:01.783 GMT-0000,1869.139,1868.693,0,0.0001
19.03.2014 03:01:40.528 GMT-0000,1869.143,1868.658,0,0.0001
19.03.2014 03:01:41.229 GMT-0000,1868.924,1868.4820000000002,0,0.0001
19.03.2014 03:02:02.554 GMT-0000,1868.9270000000001,1868.4650000000001,0,0.0001
19.03.2014 03:02:12.466 GMT-0000,1868.9189999999999,1868.4920000000002,0,0.0001
19.03.2014 03:02:24.880 GMT-0000,1868.905,1868.463,0.0001,0.0001
19.03.2014 03:02:54.114 GMT-0000,1868.924,1868.47,0.0001,0.0001
19.03.2014 03:03:38.966 GMT-0000,1868.904,1868.496,0.0001,0.0001
19.03.2014 03:04:24.518 GMT-0000,1868.93,1868.4650000000001,0.0001,0.0001
19.03.2014 03:04:52.953 GMT-0000,1868.924,1868.4720000000002,0.0001,0.0001
19.03.2014 03:04:58.358 GMT-0000,1868.93,1868.486,0.0001,0.0002
19.03.2014 03:05:03.768 GMT-0000,1868.939,1868.49,0.0001,0.0002
19.03.2014 03:05:28.598 GMT-0000,1868.91,1868.4850000000001,0.0002,0.0001
19.03.2014 03:05:36.207 GMT-0000,1868.904,1868.496,0.0002,0.0001
19.03.2014 03:05:52.726 GMT-0000,1868.908,1868.4779999999998,0.0002,0.0002
19.03.2014 03:05:58.833 GMT-0000,1868.9160000000002,1868.4850000000001,0.0002,0.0002
19.03.2014 03:06:52.895 GMT-0000,1868.929,1868.491,0.0001,0.0002
19.03.2014 03:07:05.811 GMT-0000,1868.9320000000002,1868.473,0.0001,0.0002
19.03.2014 03:07:34.745 GMT-0000,1868.9070000000002,1868.463,0.0001,0.0002
19.03.2014 03:07:43.356 GMT-0000,1868.9360000000001,1868.47,0.0001,0.0002
19.03.2014 03:07:48.862 GMT-0000,1868.925,1868.479,0.0001,0.0002
19.03.2014 03:08:02.678 GMT-0000,1868.9170000000001,1868.483,0.0001,0.0002
19.03.2014 03:08:17.596 GMT-0000,1868.931,1868.476,0.0001,0.0002
19.03.2014 03:08:22.402 GMT-0000,1868.904,1868.4820000000002,0.0001,0.0002
19.03.2014 03:08:35.317 GMT-0000,1868.9320000000002,1868.476,0.0001,0.0002
19.03.2014 03:08:57.342 GMT-0000,1868.9170000000001,1868.487,0.0001,0.0001
19.03.2014 03:09:22.571 GMT-0000,1868.915,1868.486,0.0001,0.0001
19.03.2014 03:09:29.279 GMT-0000,1868.915,1868.4750000000001,0.0001,0.0001
19.03.2014 03:09:46.899 GMT-0000,1868.9360000000001,1868.4879999999998,0.0001,0.0001
19.03.2014 03:10:14.331 GMT-0000,1868.9370000000001,1868.484,0.0001,0.0001
19.03.2014 03:10:23.242 GMT-0000,1868.905,1868.487,0,0.0002
19.03.2014 03:10:30.950 GMT-0000,1868.9120000000003,1868.494,0,0.0002
19.03.2014 03:11:23.310 GMT-0000,1869.14,1868.6970000000001,0.0002,0
19.03.2014 03:11:44.841 GMT-0000,1868.923,1868.4950000000001,0,0.0002
19.03.2014 03:12:00.161 GMT-0000,1869.128,1868.6760000000002,0.0002,0
19.03.2014 03:12:05.667 GMT-0000,1869.1170000000002,1868.6760000000002,0.0002,0
19.03.2014 03:12:12.575 GMT-0000,1869.131,1868.693,0.0002,0
19.03.2014 03:12:16.380 GMT-0000,1869.138,1868.658,0.0002,0
19.03.2014 03:12:28.094 GMT-0000,1869.141,1868.6870000000001,0.0002,0
19.03.2014 03:12:42.110 GMT-0000,1869.143,1868.69,0.0001,0
19.03.2014 03:12:54.426 GMT-0000,1869.1329999999998,1868.679,0.0001,0
19.03.2014 03:13:05.440 GMT-0000,1869.116,1868.6670000000001,0.0001,0
19.03.2014 03:13:17.355 GMT-0000,1869.1229999999998,1868.66,0.0001,0
19.03.2014 03:13:39.986 GMT-0000,1869.1370000000002,1868.6570000000002,0.0001,0
19.03.2014 03:14:04.619 GMT-0000,1869.142,1868.684,0.0001,0
19.03.2014 03:14:34.858 GMT-0000,1869.122,1868.681,0.0002,0
19.03.2014 03:14:36.660 GMT-0000,1868.911,1868.4879999999998,0,0.0002
19.03.2014 03:14:48.677 GMT-0000,1869.115,1868.689,0.0002,0
19.03.2014 03:16:14.090 GMT-0000,1869.122,1868.663,0.0001,0
19.03.2014 03:16:22.100 GMT-0000,1868.903,1868.491,0,0.0002
19.03.2014 03:16:29.410 GMT-0000,1868.935,1868.491,0,0.0002
19.03.2014 03:16:46.233 GMT-0000,1868.914,1868.4620000000002,0,0.0002
19.03.2014 03:17:04.756 GMT-0000,1868.9220000000003,1868.48,0,0.0002
19.03.2014 03:17:35.596 GMT-0000,1868.9189999999999,1868.483,0,0.0002
19.03.2014 03:17:55.723 GMT-0000,1868.9260000000002,1868.4920000000002,0,0.0002
19.03.2014 03:18:11.744 GMT-0000,1868.921,1868.4750000000001,0,0.0002
19.03.2014 03:18:15.548 GMT-0000,1868.913,1868.487,0,0.0002
19.03.2014 03:19:00.307 GMT-0000,1868.92,1868.4620000000002,0,0.0002
19.03.2014 03:19:04.912 GMT-0000,1868.92,1868.484,0,0.0002
19.03.2014 03:19:19.531 GMT-0000,1868.9279999999999,1868.473,0,0.0002
19.03.2014 03:19:31.446 GMT-0000,1868.9170000000001,1868.4920000000002,0,0.0002
19.03.2014 03:20:07.597 GMT-0000,1868.923,1868.457,0,0.0002
19.03.2014 03:20:27.924 GMT-0000,1868.925,1868.481,0,0.0002
19.03.2014 03:20:34.032 GMT-0000,1868.93,1868.4620000000002,0,0.0002
19.03.2014 03:20:43.845 GMT-0000,1868.9089999999999,1868.4720000000002,0,0.0002
19.03.2014 03:21:02.169 GMT-0000,1868.933,1868.477,0,0.0002
19.03.2014 03:21:09.277 GMT-0000,1869.1270000000002,1868.679,0.0001,0
19.03.2014 03:21:33.610 GMT-0000,1869.131,1868.674,0.0001,0.0001
19.03.2014 03:22:25.675 GMT-0000,1869.1370000000002,1868.6770000000001,0.0001,0.0001
19.03.2014 03:22:52.610 GMT-0000,1869.128,1868.684,0,0.0001
19.03.2014 03:23:02.122 GMT-0000,1869.138,1868.6860000000001,0,0.0001
19.03.2014 03:23:26.553 GMT-0000,1869.1260000000002,1868.6879999999999,0,0.0001
19.03.2014 03:23:31.760 GMT-0000,1869.129,1868.68,0,0.0001
19.03.2014 03:24:06.105 GMT-0000,1869.105,1868.693,0,0.0001
19.03.2014 03:24:25.529 GMT-0000,1869.121,1868.6689999999999,0,0.0001
19.03.2014 03:24:41.248 GMT-0000,1869.13,1868.673,0,0.0001
19.03.2014 03:24:45.153 GMT-0000,1869.139,1868.661,0,0.0001
19.03.2014 03:24:49.158 GMT-0000,1869.115,1868.691,0,0.0001
19.03.2014 03:25:06.686 GMT-0000,1869.118,1868.6879999999999,0,0.0001
19.03.2014 03:25:16.798 GMT-0000,1869.109,1868.66,0,0.0001
19.03.2014 03:25:42.730 GMT-0000,1869.141,1868.673,0,0.0001
19.03.2014 03:26:30.085 GMT-0000,1869.116,1868.69,0,0.0001
19.03.2014 03:26:56.918 GMT-0000,1869.13,1868.6760000000002,0,0.0001
19.03.2014 03:27:14.140 GMT-0000,1869.129,1868.6720000000003,0.0001,0.0001
19.03.2014 03:27:28.257 GMT-0000,1869.128,1868.6670000000001,0.0001,0.0001
19.03.2014 03:27:33.364 GMT-0000,1869.116,1868.68,0.0001,0.0001
19.03.2014 03:27:50.286 GMT-0000,1869.105,1868.6689999999999,0.0001,0.0002
19.03.2014 03:27:54.491 GMT-0000,1869.128,1868.671,0.0001,0.0002
19.03.2014 03:28:05.305 GMT-0000,1869.112,1868.6689999999999,0,0.0001
19.03.2014 03:28:20.924 GMT-0000,1869.112,1868.6960000000001,0,0.0001
19.03.2014 03:28:26.130 GMT-0000,1868.93,1868.474,0,0.0002
19.03.2014 03:28:36.142 GMT-0000,1868.913,1868.4660000000001,0,0.0002
19.03.2014 03:28:54.865 GMT-0000,1868.905,1868.4579999999999,0.0001,0.0002
19.03.2014 03:28:58.671 GMT-0000,1868.9160000000002,1868.483,0.0001,0.0002
19.03.2014 03:29:10.787 GMT-0000,1868.903,1868.476,0.0001,0
19.03.2014 03:29:24.604 GMT-0000,1868.9360000000001,1868.4679999999998,0.0001,0
19.03.2014 03:29:33.118 GMT-0000,1868.9379999999999,1868.477,0.0001,0
19.03.2014 03:29:50.986 GMT-0000,1868.934,1868.479,0.0001,0
19.03.2014 03:30:06.266 GMT-0000,1868.918,1868.4679999999998,0.0001,0
19.03.2014 03:30:54.528 GMT-0000,1868.9379999999999,1868.459,0.0001,0
19.03.2014 03:31:27.569 GMT-0000,1868.941,1868.476,0.0001,0
19.03.2014 03:31:33.977 GMT-0000,1868.9270000000001,1868.464,0.0001,0
19.03.2014 03:31:47.195 GMT-0000,1868.9060000000002,1868.4920000000002,0.0001,0
19.03.2014 03:32:18.034 GMT-0000,1868.9220000000003,1868.48,0.0001,0
19.03.2014 03:32:43.267 GMT-0000,1868.94,1868.493,0.0001,0.0001
19.03.2014 03:32:53.881 GMT-0000,1868.93,1868.471,0.0001,0.0001
19.03.2014 03:33:09.940 GMT-0000,1868.94,1868.4579999999999,0.0002,0.0001
19.03.2014 03:33:33.032 GMT-0000,1868.9089999999999,1868.473,0.0002,0
19.03.2014 03:33:40.041 GMT-0000,1868.913,1868.496,0.0002,0
19.03.2014 03:34:08.679 GMT-0000,1868.9420000000002,1868.464,0.0002,0
19.03.2014 03:34:53.037 GMT-0000,1868.915,1868.486,0.0001,0
19.03.2014 03:34:58.745 GMT-0000,1868.933,1868.4720000000002,0.0001,0
19.03.2014 03:35:00.547 GMT-0000,1868.9089999999999,1868.461,0.0001,0
19.03.2014 03:35:10.564 GMT-0000,1868.9089999999999,1868.487,0.0001,0
19.03.2014 03:35:18.675 GMT-0000,1868.904,1868.4950000000001,0.0001,0
19.03.2014 03:35:24.783 GMT-0000,1868.908,1868.477,0.0002,0
19.03.2014 03:36:24.157 GMT-0000,1868.9189999999999,1868.474,0.0001,0.0002
19.03.2014 03:36:33.369 GMT-0000,1868.94,1868.49,0.0001,0.0002
19.03.2014 03:37:03.808 GMT-0000,1868.903,1868.4750000000001,0.0001,0.0002
19.03.2014 03:37:23.832 GMT-0000,1868.9270000000001,1868.459,0.0001,0.0002
19.03.2014 03:37:34.946 GMT-0000,1868.9260000000002,1868.4850000000001,0.0001,0.0002
19.03.2014 03:38:10.191 GMT-0000,1868.905,1868.4750000000001,0.0001,0.0002
19.03.2014 03:39:16.772 GMT-0000,1868.925,1868.496,0.0001,0.0001
19.03.2014 03:39:22.580 GMT-0000,1868.921,1868.459,0.0001,0.0001
19.03.2014 03:39:28.086 GMT-0000,1868.939,1868.49,0.0001,0
19.03.2014 03:40:17.454 GMT-0000,1869.1129999999998,1868.6879999999999,0.0002,0
19.03.2014 03:40:24.563 GMT-0000,1869.102,1868.689,0.0002,0
19.03.2014 03:40:36.779 GMT-0000,1869.138,1868.665,0.0001,0.0001
19.03.2014 03:40:47.593 GMT-0000,1869.13,1868.6960000000001,0.0001,0.0001
19.03.2014 03:41:08.518 GMT-0000,1869.1360000000002,1868.6770000000001,0.0001,0.0001
19.03.2014 03:41:16.329 GMT-0000,1868.9279999999999,1868.4679999999998,0,0.0002
19.03.2014 03:41:34.752 GMT-0000,1868.923,1868.479,0,0.0002
19.03.2014 03:41:54.076 GMT-0000,1868.929,1868.496,0,0.0002
19.03.2014 03:42:08.295 GMT-0000,1868.9220000000003,1868.474,0,0.0002
19.03.2014 03:42:32.526 GMT-0000,1868.93,1868.464,0,0.0002
19.03.2014 03:42:46.143 GMT-0000,1868.9170000000001,1868.461,0,0.0001
19.03.2014 03:43:00.062 GMT-0000,1868.9370000000001,1868.4679999999998,0,0.0001
19.03.2014 03:43:25.592 GMT-0000,1868.913,1868.4650000000001,0,0.0001
19.03.2014 03:43:57.135 GMT-0000,1868.923,1868.49,0,0.0001
19.03.2014 03:44:04.544 GMT-0000,1868.93,1868.4720000000002,0,0.0001
19.03.2014 03:44:09.750 GMT-0000,1869.1260000000002,1868.681,0.0002,0
19.03.2014 03:44:10.150 GMT-0000,1869.029,1868.574,0.0002,0.0002
19.03.2014 03:44:10.651 GMT-0000,1869.142,1868.684,0.0002,0
19.03.2014 03:44:22.567 GMT-0000,1869.1170000000002,1868.6979999999999,0.0002,0
19.03.2014 03:45:16.142 GMT-0000,1869.1200000000001,1868.691,0.0002,0
19.03.2014 03:45:16.242 GMT-0000,1868.918,1868.463,0,0.0001
19.03.2014 03:45:33.866 GMT-0000,1868.929,1868.4660000000001,0,0.0001
19.03.2014 03:45:59.398 GMT-0000,1868.935,1868.4720000000002,0,0
19.03.2014 03:46:08.609 GMT-0000,1868.905,1868.469,0,0
19.03.2014 03:46:17.619 GMT-0000,1868.9379999999999,1868.46,0.0001,0
19.03.2014 03:46:27.131 GMT-0000,1868.931,1868.489,0.0001,0
19.03.2014 03:46:57.083 GMT-0000,1868.9060000000002,1868.477,0.0001,0.0001
19.03.2014 03:47:00.287 GMT-0000,1868.9060000000002,1868.459,0.0001,0.0001
19.03.2014 03:47:28.723 GMT-0000,1868.914,1868.46,0.0001,0.0001
19.03.2014 03:47:54.956 GMT-0000,1868.908,1868.459,0.0001,0.0001
19.03.2014 03:48:17.585 GMT-0000,1868.94,1868.457,0.0001,0.0002
19.03.2014 03:48:31.002 GMT-0000,1868.9360000000001,1868.4679999999998,0.0001,0.0002
19.03.2014 03:48:39.013 GMT-0000,1868.918,1868.4660000000001,0.0001,0.0002
19.03.2014 03:48:49.827 GMT-0000,1868.914,1868.486,0.0001,0.0001
19.03.2014 03:49:04.846 GMT-0000,1868.93,1868.467,0.0001,0.0001
19.03.2014 03:49:49.904 GMT-0000,1868.405,1867.9850000000001,0,0.0002
19.03.2014 03:49:55.111 GMT-0000,1868.4320000000002,1867.981,0,0.0002
19.03.2014 03:50:09.744 GMT-0000,1868.4220000000003,1867.967,0,0.0002
19.03.2014 03:50:15.552 GMT-0000,1868.424,1867.976,0,0.0002
19.03.2014 03:50:21.560 GMT-0000,1868.632,1868.19,0.0002,0
19.03.2014 03:50:39.083 GMT-0000,1868.629,1868.161,0.0002,0
19.03.2014 03:51:17.332 GMT-0000,1868.635,1868.173,0.0002,0.0001
19.03.2014 03:51:36.056 GMT-0000,1868.635,1868.16,0.0002,0.0001
19.03.2014 03:51:37.157 GMT-0000,1868.506,1868.065,0.0002,0.0003
19.03.2014 03:51:42.564 GMT-0000,1868.523,1868.082,0.0002,0.0003
19.03.2014 03:51:43.465 GMT-0000,1868.425,1867.976,0,0.0003
19.03.2014 03:51:45.267 GMT-0000,1868.529,1868.066,0.0002,0.0003
19.03.2014 03:51:48.071 GMT-0000,1868.615,1868.185,0.0002,0
19.03.2014 03:52:12.600 GMT-0000,1868.622,1868.1979999999999,0.0002,0.0001
19.03.2014 03:52:29.721 GMT-0000,1868.609,1868.194,0.0002,0.0001
19.03.2014 03:53:12.474 GMT-0000,1868.638,1868.1620000000003,0.0002,0.0001
19.03.2014 03:53:19.483 GMT-0000,1868.635,1868.161,0.0002,0.0001
19.03.2014 03:53:35.504 GMT-0000,1868.6029999999998,1868.195,0.0002,0.0001
19.03.2014 03:54:10.148 GMT-0000,1868.605,1868.164,0.0002,0.0001
19.03.2014 03:54:18.558 GMT-0000,1868.631,1868.189,0.0002,0.0001
19.03.2014 03:54:23.265 GMT-0000,1868.6360000000002,1868.19,0.0002,0.0001
19.03.2014 03:54:29.973 GMT-0000,1868.616,1868.1820000000002,0.0002,0.0001
19.03.2014 03:54:58.309 GMT-0000,1868.913,1868.496,0.0001,0.0001
19.03.2014 03:55:01.313 GMT-0000,1868.914,1868.4879999999998,0,0.0001
19.03.2014 03:55:01.720 GMT-0000,1869.1029999999998,1868.6560000000002,0.0001,0
19.03.2014 03:55:14.937 GMT-0000,1869.1270000000002,1868.6620000000003,0.0001,0
19.03.2014 03:55:18.541 GMT-0000,1869.119,1868.68,0.0001,0
19.03.2014 03:55:23.247 GMT-0000,1869.1270000000002,1868.693,0.0001,0
19.03.2014 03:55:27.253 GMT-0000,1868.913,1868.486,0.0001,0.0001
19.03.2014 03:55:38.767 GMT-0000,1868.92,1868.463,0,0.0001
19.03.2014 03:55:57.191 GMT-0000,1868.915,1868.474,0,0.0001
19.03.2014 03:56:17.919 GMT-0000,1869.114,1868.69,0.0002,0
19.03.2014 03:56:24.827 GMT-0000,1868.9089999999999,1868.486,0,0.0001
19.03.2014 03:56:30.935 GMT-0000,1868.931,1868.457,0,0.0001
19.03.2014 03:56:37.543 GMT-0000,1868.934,1868.47,0,0.0001
19.03.2014 03:57:20.198 GMT-0000,1868.939,1868.49,0,0.0001
19.03.2014 03:57:23.502 GMT-0000,1868.9360000000001,1868.4920000000002,0,0.0001
19.03.2014 03:57:33.316 GMT-0000,1869.14,1868.6879999999999,0.0002,0
19.03.2014 03:57:42.427 GMT-0000,1869.108,1868.6670000000001,0.0001,0
19.03.2014 03:57:50.838 GMT-0000,1869.1270000000002,1868.6770000000001,0.0001,0
19.03.2014 03:58:06.458 GMT-0000,1869.1200000000001,1868.6979999999999,0.0001,0
19.03.2014 03:58:33.292 GMT-0000,1869.119,1868.658,0.0001,0
19.03.2014 03:58:41.604 GMT-0000,1869.1129999999998,1868.6720000000003,0.0001,0
19.03.2014 03:58:41.905 GMT-0000,1868.9220000000003,1868.47,0,0.0001
19.03.2014 04:00:00.409 GMT-0000,1868.9170000000001,1868.4579999999999,0,0.0001
19.03.2014 04:00:34.154 GMT-0000,1868.91,1868.477,0.0001,0.0001
19.03.2014 04:00:46.071 GMT-0000,1868.933,1868.4879999999998,0.0001,0.0001
19.03.2014 04:01:01.993 GMT-0000,1868.905,1868.4750000000001,0.0001,0.0002
19.03.2014 04:01:05.598 GMT-0000,1868.904,1868.4820000000002,0.0001,0.0002
19.03.2014 04:01:16.312 GMT-0000,1868.902,1868.4820000000002,0.0001,0.0002
19.03.2014 04:01:21.218 GMT-0000,1868.923,1868.4620000000002,0.0001,0.0002
19.03.2014 04:01:37.737 GMT-0000,1868.904,1868.4820000000002,0.0001,0.0002
19.03.2014 04:01:49.550 GMT-0000,1868.935,1868.4660000000001,0.0001,0.0002
19.03.2014 04:01:53.454 GMT-0000,1868.6029999999998,1868.16,0.0001,0.0001
19.03.2014 04:02:13.605 GMT-0000,1868.619,1868.193,0.0001,0.0002
19.03.2014 04:02:16.880 GMT-0000,1868.614,1868.171,0.0001,0.0002
19.03.2014 04:02:34.600 GMT-0000,1868.625,1868.1870000000001,0.0001,0.0002
19.03.2014 04:02:52.019 GMT-0000,1868.6370000000002,1868.168,0.0002,0.0001
19.03.2014 04:03:12.541 GMT-0000,1868.629,1868.195,0.0002,0.0001
19.03.2014 04:03:41.574 GMT-0000,1868.6129999999998,1868.1820000000002,0.0002,0.0001
19.03.2014 04:03:53.287 GMT-0000,1868.622,1868.195,0.0001,0.0001
19.03.2014 04:03:58.092 GMT-0000,1868.639,1868.194,0.0001,0.0001
19.03.2014 04:04:26.025 GMT-0000,1868.632,1868.1879999999999,0.0001,0.0001
19.03.2014 04:04:29.329 GMT-0000,1868.628,1868.183,0.0001,0.0001
19.03.2014 04:04:47.550 GMT-0000,1868.641,1868.1660000000002,0.0001,0.0001
19.03.2014 04:04:57.862 GMT-0000,1868.639,1868.16,0.0001,0.0001
19.03.2014 04:05:03.576 GMT-0000,1868.609,1868.158,0.0001,0.0001
19.03.2014 04:05:14.990 GMT-0000,1868.612,1868.183,0.0001,0.0001
19.03.2014 04:05:30.406 GMT-0000,1868.606,1868.181,0.0001,0.0001
19.03.2014 04:05:32.509 GMT-0000,1868.9270000000001,1868.4620000000002,0.0001,0.0001
19.03.2014 04:06:00.839 GMT-0000,1868.908,1868.469,0,0.0001
19.03.2014 04:06:16.158 GMT-0000,1868.914,1868.463,0,0.0001
19.03.2014 04:06:42.591 GMT-0000,1868.939,1868.496,0,0
19.03.2014 04:06:48.098 GMT-0000,1868.9089999999999,1868.4650000000001,0,0
19.03.2014 04:07:47.465 GMT-0000,1868.9260000000002,1868.459,0,0.0001
19.03.2014 04:08:20.902 GMT-0000,1868.9320000000002,1868.4950000000001,0,0.0001
19.03.2014 04:09:18.969 GMT-0000,1868.934,1868.4950000000001,0,0
19.03.2014 04:09:40.494 GMT-0000,1868.94,1868.489,0,0
19.03.2014 04:09:54.409 GMT-0000,1868.903,1868.4650000000001,0,0
19.03.2014 04:10:07.622 GMT-0000,1868.925,1868.494,0,0
19.03.2014 04:10:08.423 GMT-0000,1868.64,1868.18,0,0.0002
19.03.2014 04:10:08.623 GMT-0000,1868.904,1868.481,0.0001,0
19.03.2014 04:10:18.434 GMT-0000,1868.939,1868.47,0,0
19.03.2014 04:10:23.139 GMT-0000,1868.918,1868.493,0.0001,0
19.03.2014 04:10:34.452 GMT-0000,1868.941,1868.467,0,0
19.03.2014 04:11:14.196 GMT-0000,1868.94,1868.46,0,0
19.03.2014 04:11:21.303 GMT-0000,1868.642,1868.171,0,0.0002
19.03.2014 04:11:24.206 GMT-0000,1868.832,1868.366,0.0001,0.0002
19.03.2014 04:11:24.607 GMT-0000,1868.93,1868.497,0.0001,0
19.03.2014 04:11:26.008 GMT-0000,1868.604,1868.165,0,0.0002
19.03.2014 04:11:46.833 GMT-0000,1868.6129999999998,1868.1760000000002,0,0.0001
19.03.2014 04:11:57.846 GMT-0000,1868.609,1868.1620000000003,0,0.0001
19.03.2014 04:12:05.554 GMT-0000,1868.638,1868.164,0,0.0001
19.03.2014 04:12:30.983 GMT-0000,1868.6360000000002,1868.191,0,0.0001
19.03.2014 04:12:34.386 GMT-0000,1868.624,1868.193,0,0.0001
19.03.2014 04:12:45.797 GMT-0000,1868.6200000000001,1868.165,0,0.0001
19.03.2014 04:13:10.825 GMT-0000,1868.643,1868.1860000000001,0,0.0001
19.03.2014 04:13:22.939 GMT-0000,1868.632,1868.1820000000002,0,0.0001
19.03.2014 04:13:33.751 GMT-0000,1868.6070000000002,1868.1760000000002,0,0.0001
19.03.2014 04:13:52.673 GMT-0000,1868.639,1868.1860000000001,0,0.0001
19.03.2014 04:13:57.078 GMT-0000,1868.643,1868.189,0,0.0001
19.03.2014 04:14:02.383 GMT-0000,1868.6029999999998,1868.163,0,0.0001
19.03.2014 04:14:17.399 GMT-0000,1868.624,1868.1860000000001,0,0.0001
19.03.2014 04:14:34.819 GMT-0000,1868.64,1868.1689999999999,0,0.0001
19.03.2014 04:15:31.593 GMT-0000,1868.82,1868.362,0.0001,0.0001
19.03.2014 04:15:34.797 GMT-0000,1868.911,1868.474,0.0001,0
19.03.2014 04:15:35.098 GMT-0000,1868.611,1868.1870000000001,0,0.0001
19.03.2014 04:15:43.909 GMT-0000,1868.632,1868.1870000000001,0,0.0001
19.03.2014 04:16:20.256 GMT-0000,1868.6329999999998,1868.1720000000003,0,0.0001
19.03.2014 04:16:44.387 GMT-0000,1868.8310000000001,1868.392,0.0001,0.0001
19.03.2014 04:16:49.594 GMT-0000,1868.905,1868.4879999999998,0.0001,0
19.03.2014 04:16:49.694 GMT-0000,1868.604,1868.171,0,0.0001
19.03.2014 04:16:56.904 GMT-0000,1868.618,1868.1620000000003,0,0.0001
19.03.2014 04:16:59.407 GMT-0000,1868.914,1868.48,0,0
19.03.2014 04:17:27.944 GMT-0000,1868.9160000000002,1868.484,0,0
19.03.2014 04:17:47.067 GMT-0000,1868.9220000000003,1868.4879999999998,0,0
19.03.2014 04:18:08.093 GMT-0000,1868.914,1868.459,0,0
19.03.2014 04:18:38.733 GMT-0000,1868.91,1868.4620000000002,0,0.0001
19.03.2014 04:18:44.541 GMT-0000,1868.9379999999999,1868.48,0,0.0001
19.03.2014 04:18:48.846 GMT-0000,1868.94,1868.4779999999998,0,0.0001
19.03.2014 04:18:54.052 GMT-0000,1868.9060000000002,1868.4920000000002,0,0.0001
19.03.2014 04:19:14.479 GMT-0000,1868.9320000000002,1868.471,0,0.0001
19.03.2014 04:19:20.386 GMT-0000,1868.93,1868.473,0,0.0001
19.03.2014 04:19:28.795 GMT-0000,1868.9160000000002,1868.4750000000001,0,0.0001
19.03.2014 04:19:41.110 GMT-0000,1868.933,1868.496,0,0.0001
19.03.2014 04:19:51.122 GMT-0000,1868.929,1868.4750000000001,0,0.0001
19.03.2014 04:20:01.335 GMT-0000,1868.903,1868.467,0,0.0001
19.03.2014 04:20:29.272 GMT-0000,1868.9170000000001,1868.461,0,0.0001
19.03.2014 04:20:55.006 GMT-0000,1868.93,1868.4850000000001,0,0.0001
19.03.2014 04:20:59.612 GMT-0000,1868.939,1868.4920000000002,0,0.0001
19.03.2014 04:21:20.739 GMT-0000,1868.9279999999999,1868.4920000000002,0,0.0001
19.03.2014 04:21:33.154 GMT-0000,1868.923,1868.4679999999998,0,0.0001
19.03.2014 04:21:43.267 GMT-0000,1868.921,1868.467,0,0.0001
19.03.2014 04:21:53.381 GMT-0000,1868.9370000000001,1868.471,0,0.0001
19.03.2014 04:22:14.206 GMT-0000,1868.915,1868.461,0.0001,0.0001
19.03.2014 04:22:14.306 GMT-0000,1868.642,1868.1920000000002,0.0001,0.0001
19.03.2014 04:22:18.212 GMT-0000,1868.628,1868.1670000000001,0.0001,0.0001
19.03.2014 04:22:37.238 GMT-0000,1868.6100000000001,1868.1779999999999,0.0001,0.0001
19.03.2014 04:22:47.250 GMT-0000,1868.6370000000002,1868.19,0.0001,0.0001
19.03.2014 04:22:53.258 GMT-0000,1868.6029999999998,1868.1760000000002,0.0001,0.0001
19.03.2014 04:23:03.071 GMT-0000,1868.6270000000002,1868.1860000000001,0.0001,0.0001
19.03.2014 04:23:12.082 GMT-0000,1868.634,1868.174,0.0001,0.0001
19.03.2014 04:23:17.389 GMT-0000,1868.6129999999998,1868.1620000000003,0.0001,0.0001
19.03.2014 04:23:20.393 GMT-0000,1868.904,1868.494,0,0.0001
19.03.2014 04:23:40.220 GMT-0000,1868.91,1868.461,0,0.0001
19.03.2014 04:23:52.736 GMT-0000,1868.921,1868.489,0,0.0002
19.03.2014 04:23:58.044 GMT-0000,1868.92,1868.464,0,0.0002
19.03.2014 04:24:05.054 GMT-0000,1869.1260000000002,1868.67,0.0002,0
19.03.2014 04:24:19.676 GMT-0000,1869.413,1868.977,0.0002,0
19.03.2014 04:24:20.578 GMT-0000,1869.1100000000001,1868.675,0,0.0002
19.03.2014 04:24:24.483 GMT-0000,1869.4060000000002,1868.973,0.0002,0
19.03.2014 04:24:50.319 GMT-0000,1869.405,1868.9679999999998,0.0002,0
19.03.2014 04:24:53.823 GMT-0000,1869.4270000000001,1868.969,0.0002,0
19.03.2014 04:25:17.657 GMT-0000,1869.4370000000001,1868.9820000000002,0.0001,0.0001
19.03.2014 04:25:49.197 GMT-0000,1869.408,1868.961,0.0001,0.0001
19.03.2014 04:25:53.602 GMT-0000,1869.4089999999999,1868.971,0.0001,0.0001
19.03.2014 04:26:14.829 GMT-0000,1869.411,1868.997,0.0001,0.0001
19.03.2014 04:26:58.785 GMT-0000,1869.44,1868.9679999999998,0,0.0001
19.03.2014 04:27:46.047 GMT-0000,1869.425,1868.977,0.0001,0
19.03.2014 04:27:51.153 GMT-0000,1869.4070000000002,1868.989,0,0.0001
19.03.2014 04:28:01.566 GMT-0000,1869.5210000000002,1869.086,0.0002,0.0002
19.03.2014 04:28:01.666 GMT-0000,1869.4060000000002,1868.971,0,0.0001
19.03.2014 04:28:01.866 GMT-0000,1869.605,1869.1760000000002,0.0002,0
19.03.2014 04:28:16.485 GMT-0000,1869.6260000000002,1869.17,0.0002,0
19.03.2014 04:28:26.496 GMT-0000,1869.9420000000002,1869.4650000000001,0.0002,0
19.03.2014 04:28:45.818 GMT-0000,1870.1129999999998,1869.6870000000001,0.0002,0.0001
19.03.2014 04:28:49.723 GMT-0000,1870.4189999999999,1869.987,0.0002,0
19.03.2014 04:28:51.425 GMT-0000,1870.104,1869.665,0,0.0002
19.03.2014 04:29:34.173 GMT-0000,1870.1170000000002,1869.6760000000002,0,0.0002
19.03.2014 04:29:42.684 GMT-0000,1870.109,1869.6620000000003,0,0.0002
19.03.2014 04:29:51.695 GMT-0000,1870.413,1869.97,0.0001,0
19.03.2014 04:30:25.436 GMT-0000,1870.615,1870.1920000000002,0,0.0001
19.03.2014 04:30:26.738 GMT-0000,1870.9160000000002,1870.494,0.0002,0
19.03.2014 04:30:28.140 GMT-0000,1870.6260000000002,1870.163,0,0.0001
19.03.2014 04:30:30.442 GMT-0000,1870.914,1870.473,0.0002,0
19.03.2014 04:30:33.346 GMT-0000,1870.9420000000002,1870.494,0.0002,0
19.03.2014 04:31:15.601 GMT-0000,1870.908,1870.4879999999998,0,0.0001
19.03.2014 04:31:26.325 GMT-0000,1870.92,1870.4850000000001,0.0001,0
19.03.2014 04:31:45.653 GMT-0000,1870.931,1870.476,0,0.0001
19.03.2014 04:32:27.508 GMT-0000,1870.9320000000002,1870.4850000000001,0,0
19.03.2014 04:32:35.017 GMT-0000,1870.9279999999999,1870.483,0,0
19.03.2014 04:32:57.046 GMT-0000,1870.941,1870.481,0,0
19.03.2014 04:33:02.252 GMT-0000,1870.931,1870.489,0,0.0001
19.03.2014 04:33:44.206 GMT-0000,1870.913,1870.464,0.0002,0.0002
19.03.2014 04:33:44.407 GMT-0000,1871.106,1870.664,0.0001,0.0001
19.03.2014 04:34:47.392 GMT-0000,1871.1270000000002,1870.658,0,0.0001
19.03.2014 04:34:59.807 GMT-0000,1871.1370000000002,1870.664,0.0002,0.0001
19.03.2014 04:35:11.526 GMT-0000,1870.931,1870.469,0.0001,0
19.03.2014 04:35:32.753 GMT-0000,1870.925,1870.491,0.0001,0
19.03.2014 04:35:42.766 GMT-0000,1870.934,1870.4679999999998,0.0001,0
19.03.2014 04:36:21.118 GMT-0000,1870.6329999999998,1870.163,0,0.0001
19.03.2014 04:36:26.024 GMT-0000,1870.9370000000001,1870.49,0.0001,0.0001
19.03.2014 04:36:42.044 GMT-0000,1870.939,1870.459,0,0.0001
19.03.2014 04:36:47.953 GMT-0000,1871.1129999999998,1870.6920000000002,0.0002,0
19.03.2014 04:37:08.479 GMT-0000,1871.111,1870.675,0.0001,0
19.03.2014 04:37:14.186 GMT-0000,1871.14,1870.6820000000002,0.0001,0
19.03.2014 04:37:18.592 GMT-0000,1870.9120000000003,1870.497,0,0.0001
19.03.2014 04:37:25.601 GMT-0000,1870.9089999999999,1870.4579999999999,0,0.0001
19.03.2014 04:37:48.935 GMT-0000,1870.91,1870.4679999999998,0,0.0001
19.03.2014 04:37:55.743 GMT-0000,1870.903,1870.497,0,0.0001
19.03.2014 04:38:05.957 GMT-0000,1870.9260000000002,1870.497,0,0.0001
19.03.2014 04:38:44.607 GMT-0000,1870.931,1870.484,0,0.0001
19.03.2014 04:38:49.913 GMT-0000,1870.93,1870.4720000000002,0,0.0001
19.03.2014 04:39:09.439 GMT-0000,1870.9320000000002,1870.4679999999998,0,0.0001
19.03.2014 04:39:31.970 GMT-0000,1870.9070000000002,1870.486,0,0.0001
19.03.2014 04:39:44.686 GMT-0000,1870.918,1870.464,0,0.0001
19.03.2014 04:40:06.118 GMT-0000,1871.114,1870.6879999999999,0.0002,0
19.03.2014 04:40:23.942 GMT-0000,1870.903,1870.4579999999999,0,0.0001
19.03.2014 04:40:32.455 GMT-0000,1870.9220000000003,1870.481,0,0.0001
19.03.2014 04:41:10.405 GMT-0000,1870.9070000000002,1870.484,0,0.0001
19.03.2014 04:42:20.291 GMT-0000,1870.914,1870.494,0.0001,0
19.03.2014 04:42:57.536 GMT-0000,1870.9420000000002,1870.46,0.0002,0.0001
19.03.2014 04:43:12.654 GMT-0000,1870.605,1870.189,0,0.0001
19.03.2014 04:43:26.773 GMT-0000,1870.6229999999998,1870.164,0,0.0001
19.03.2014 04:43:35.686 GMT-0000,1870.915,1870.4620000000002,0.0002,0.0001
19.03.2014 04:43:48.803 GMT-0000,1870.911,1870.4620000000002,0.0002,0.0001
19.03.2014 04:43:58.954 GMT-0000,1870.616,1870.19,0.0001,0
19.03.2014 04:44:14.139 GMT-0000,1870.606,1870.18,0.0001,0
19.03.2014 04:44:21.450 GMT-0000,1870.4420000000002,1869.973,0,0.0002
19.03.2014 04:44:21.650 GMT-0000,1870.619,1870.191,0.0001,0
19.03.2014 04:44:27.657 GMT-0000,1870.632,1870.1670000000001,0.0002,0
19.03.2014 04:44:32.263 GMT-0000,1870.5339999999999,1870.08,0.0001,0.0001
19.03.2014 04:44:40.874 GMT-0000,1870.525,1870.0910000000001,0.0001,0.0001
19.03.2014 04:44:42.977 GMT-0000,1870.608,1870.1860000000001,0.0001,0
19.03.2014 04:45:04.408 GMT-0000,1870.9120000000003,1870.481,0.0001,0
19.03.2014 04:45:13.820 GMT-0000,1870.935,1870.473,0.0001,0
19.03.2014 04:45:40.155 GMT-0000,1870.638,1870.1770000000001,0,0.0001
19.03.2014 04:45:46.665 GMT-0000,1870.625,1870.181,0,0.0001
19.03.2014 04:46:00.786 GMT-0000,1870.605,1870.193,0,0.0001
19.03.2014 04:46:04.791 GMT-0000,1870.621,1870.164,0,0.0001
19.03.2014 04:46:22.515 GMT-0000,1870.642,1870.173,0,0
19.03.2014 04:46:27.622 GMT-0000,1870.629,1870.163,0,0.0001
19.03.2014 04:46:44.542 GMT-0000,1870.625,1870.174,0,0.0001
19.03.2014 04:46:49.748 GMT-0000,1870.606,1870.195,0,0.0001
19.03.2014 04:46:56.756 GMT-0000,1870.635,1870.165,0,0.0001
19.03.2014 04:47:00.260 GMT-0000,1870.642,1870.1970000000001,0,0.0001
19.03.2014 04:47:22.385 GMT-0000,1870.6360000000002,1870.171,0,0.0001
19.03.2014 04:47:29.794 GMT-0000,1870.638,1870.179,0,0.0001
19.03.2014 04:47:41.509 GMT-0000,1870.9360000000001,1870.4679999999998,0.0002,0
19.03.2014 04:47:46.615 GMT-0000,1870.622,1870.1970000000001,0,0.0001
19.03.2014 04:47:59.433 GMT-0000,1870.631,1870.1860000000001,0,0.0001
19.03.2014 04:48:07.643 GMT-0000,1870.604,1870.175,0,0.0001
19.03.2014 04:48:31.175 GMT-0000,1870.634,1870.184,0,0.0001
19.03.2014 04:48:49.700 GMT-0000,1870.6200000000001,1870.1820000000002,0,0.0001
19.03.2014 04:48:53.806 GMT-0000,1870.9220000000003,1870.459,0.0002,0
19.03.2014 04:49:27.050 GMT-0000,1870.92,1870.459,0.0002,0
19.03.2014 04:49:36.262 GMT-0000,1870.9070000000002,1870.4850000000001,0.0002,0
19.03.2014 04:49:48.578 GMT-0000,1870.9220000000003,1870.461,0.0002,0
19.03.2014 04:49:53.084 GMT-0000,1870.911,1870.459,0.0002,0
19.03.2014 04:50:01.497 GMT-0000,1870.931,1870.4720000000002,0.0001,0.0001
19.03.2014 04:50:11.514 GMT-0000,1870.923,1870.48,0.0001,0.0001
19.03.2014 04:50:11.714 GMT-0000,1871.1100000000001,1870.6589999999999,0.0002,0.0001
19.03.2014 04:50:30.439 GMT-0000,1871.108,1870.693,0.0001,0.0001
19.03.2014 04:50:37.949 GMT-0000,1871.128,1870.6660000000002,0.0001,0.0001
19.03.2014 04:51:09.992 GMT-0000,1871.119,1870.6779999999999,0.0001,0.0001
19.03.2014 04:51:19.405 GMT-0000,1871.118,1870.6589999999999,0.0001,0.0001
19.03.2014 04:52:09.870 GMT-0000,1871.139,1870.6660000000002,0.0001,0.0001
19.03.2014 04:52:17.981 GMT-0000,1871.43,1870.9650000000001,0.0002,0
19.03.2014 04:52:35.001 GMT-0000,1871.6360000000002,1871.16,0.0003,0
19.03.2014 04:53:34.675 GMT-0000,1871.609,1871.1620000000003,0,0.0001
19.03.2014 04:54:01.008 GMT-0000,1871.624,1871.1670000000001,0,0.0002
19.03.2014 04:54:05.313 GMT-0000,1871.639,1871.174,0,0.0002
19.03.2014 04:54:22.033 GMT-0000,1871.6129999999998,1871.1970000000001,0.0001,0.0001
19.03.2014 04:54:44.762 GMT-0000,1871.6229999999998,1871.1760000000002,0.0001,0.0001
19.03.2014 04:55:07.694 GMT-0000,1871.612,1871.174,0.0001,0.0001
19.03.2014 04:55:14.302 GMT-0000,1871.614,1871.171,0.0002,0.0001
19.03.2014 04:55:22.112 GMT-0000,1871.6100000000001,1871.1860000000001,0.0002,0.0001
19.03.2014 04:55:30.523 GMT-0000,1871.606,1871.1670000000001,0.0002,0.0001
19.03.2014 04:55:56.156 GMT-0000,1871.9070000000002,1871.487,0.0002,0.0001
19.03.2014 04:56:16.080 GMT-0000,1871.435,1870.963,0,0.0001
19.03.2014 04:56:18.884 GMT-0000,1871.638,1871.1589999999999,0.0001,0
19.03.2014 04:56:28.597 GMT-0000,1871.4420000000002,1870.993,0,0.0001
19.03.2014 04:56:31.801 GMT-0000,1871.4070000000002,1870.9850000000001,0,0.0001
19.03.2014 04:56:32.001 GMT-0000,1871.631,1871.1870000000001,0.0002,0
19.03.2014 04:56:43.817 GMT-0000,1871.612,1871.189,0.0001,0
19.03.2014 04:56:46.821 GMT-0000,1871.939,1871.4720000000002,0.0002,0.0001
19.03.2014 04:57:39.388 GMT-0000,1871.939,1871.494,0.0001,0.0001
19.03.2014 04:57:44.195 GMT-0000,1871.9260000000002,1871.476,0.0001,0.0001
19.03.2014 04:57:49.902 GMT-0000,1871.931,1871.467,0.0001,0.0001
19.03.2014 04:59:11.402 GMT-0000,1871.6329999999998,1871.1720000000003,0,0
19.03.2014 04:59:18.710 GMT-0000,1871.4060000000002,1870.9679999999998,0,0.0001
19.03.2014 04:59:19.010 GMT-0000,1871.604,1871.189,0.0001,0
19.03.2014 05:00:10.972 GMT-0000,1871.6170000000002,1871.191,0,0
19.03.2014 05:00:21.685 GMT-0000,1871.624,1871.191,0,0
19.03.2014 05:01:02.741 GMT-0000,1871.606,1871.1670000000001,0,0
19.03.2014 05:01:17.960 GMT-0000,1871.414,1870.9750000000001,0,0.0001
19.03.2014 05:01:25.069 GMT-0000,1871.414,1870.983,0,0.0001
19.03.2014 05:01:25.269 GMT-0000,1871.606,1871.1770000000001,0.0001,0
19.03.2014 05:01:58.414 GMT-0000,1871.635,1871.1670000000001,0,0.0001
19.03.2014 05:02:05.423 GMT-0000,1871.618,1871.1720000000003,0,0.0001
19.03.2014 05:02:08.927 GMT-0000,1871.628,1871.183,0,0
19.03.2014 05:02:16.036 GMT-0000,1871.9160000000002,1871.4850000000001,0.0002,0
19.03.2014 05:02:29.054 GMT-0000,1871.91,1871.4579999999999,0.0002,0
19.03.2014 05:02:41.769 GMT-0000,1872.115,1871.6860000000001,0.0002,0
19.03.2014 05:02:52.881 GMT-0000,1872.14,1871.6870000000001,0.0002,0.0001
19.03.2014 05:02:57.087 GMT-0000,1872.14,1871.6660000000002,0.0002,0.0001
19.03.2014 05:03:14.711 GMT-0000,1871.9160000000002,1871.4820000000002,0,0.0001
19.03.2014 05:03:20.919 GMT-0000,1872.013,1871.5610000000001,0.0002,0.0001
19.03.2014 05:03:28.129 GMT-0000,1871.939,1871.47,0,0.0001
19.03.2014 05:03:34.337 GMT-0000,1872.13,1871.664,0.0002,0
19.03.2014 05:04:16.284 GMT-0000,1872.135,1871.6689999999999,0.0002,0.0001
19.03.2014 05:04:41.719 GMT-0000,1872.105,1871.67,0.0001,0.0001
19.03.2014 05:04:46.125 GMT-0000,1872.418,1871.9879999999998,0.0001,0.0002
19.03.2014 05:04:48.929 GMT-0000,1872.5120000000002,1872.078,0.0002,0.0001
19.03.2014 05:04:50.731 GMT-0000,1872.4320000000002,1871.9750000000001,0,0.0001
19.03.2014 05:05:01.046 GMT-0000,1872.424,1871.9579999999999,0,0.0002
19.03.2014 05:05:15.777 GMT-0000,1872.4379999999999,1871.996,0,0.0002
19.03.2014 05:05:53.530 GMT-0000,1872.441,1871.967,0,0.0001
19.03.2014 05:05:53.931 GMT-0000,1872.122,1871.674,0.0001,0.0001
19.03.2014 05:05:59.038 GMT-0000,1871.935,1871.473,0,0.0001
19.03.2014 05:06:02.944 GMT-0000,1871.9189999999999,1871.469,0,0.0001
19.03.2014 05:06:31.580 GMT-0000,1871.9379999999999,1871.4579999999999,0.0001,0.0001
19.03.2014 05:06:39.190 GMT-0000,1871.6360000000002,1871.175,0,0.0001
19.03.2014 05:06:50.105 GMT-0000,1871.639,1871.185,0,0.0001
19.03.2014 05:06:58.818 GMT-0000,1871.6270000000002,1871.175,0,0.0001
19.03.2014 05:07:16.343 GMT-0000,1871.6260000000002,1871.1860000000001,0,0.0001
19.03.2014 05:07:35.570 GMT-0000,1871.63,1871.1660000000002,0,0.0001
19.03.2014 05:07:59.906 GMT-0000,1871.4089999999999,1870.96,0,0.0002
19.03.2014 05:08:14.824 GMT-0000,1871.6270000000002,1871.1779999999999,0.0001,0
19.03.2014 05:08:53.667 GMT-0000,1871.606,1871.16,0.0001,0
19.03.2014 05:08:53.785 GMT-0000,1871.4160000000002,1870.96,0,0.0002
19.03.2014 05:09:10.786 GMT-0000,1871.4370000000001,1870.979,0,0.0001
19.03.2014 05:09:49.161 GMT-0000,1871.411,1870.971,0,0.0001
19.03.2014 05:09:54.272 GMT-0000,1871.4170000000001,1870.969,0,0.0001
19.03.2014 05:10:00.284 GMT-0000,1871.42,1870.9879999999998,0,0.0001
19.03.2014 05:10:00.384 GMT-0000,1871.605,1871.193,0,0
19.03.2014 05:10:10.003 GMT-0000,1871.622,1871.158,0,0
19.03.2014 05:10:15.812 GMT-0000,1871.4320000000002,1870.977,0,0.0001
19.03.2014 05:10:30.430 GMT-0000,1871.628,1871.189,0,0
19.03.2014 05:10:41.344 GMT-0000,1871.6129999999998,1871.1670000000001,0,0
19.03.2014 05:11:05.076 GMT-0000,1871.6070000000002,1871.165,0,0.0001
19.03.2014 05:11:30.209 GMT-0000,1871.6070000000002,1871.183,0,0.0001
19.03.2014 05:11:30.409 GMT-0000,1871.941,1871.461,0,0.0001
19.03.2014 05:11:37.819 GMT-0000,1871.6370000000002,1871.174,0,0.0001
19.03.2014 05:11:43.626 GMT-0000,1871.639,1871.1779999999999,0,0.0001
19.03.2014 05:12:35.293 GMT-0000,1871.639,1871.173,0,0.0001
19.03.2014 05:13:04.831 GMT-0000,1871.605,1871.168,0,0.0001
19.03.2014 05:13:10.239 GMT-0000,1871.4160000000002,1870.9750000000001,0,0.0001
19.03.2014 05:13:19.050 GMT-0000,1871.4260000000002,1870.9750000000001,0,0.0001
19.03.2014 05:13:22.855 GMT-0000,1871.439,1870.967,0,0.0001
19.03.2014 05:13:30.566 GMT-0000,1871.515,1871.0810000000001,0.0001,0.0002
19.03.2014 05:13:34.471 GMT-0000,1871.51,1871.078,0.0001,0.0002
19.03.2014 05:13:37.677 GMT-0000,1871.405,1870.96,0,0.0002
19.03.2014 05:14:36.154 GMT-0000,1871.41,1870.991,0,0.0001
19.03.2014 05:14:41.362 GMT-0000,1871.415,1870.9720000000002,0,0.0001
19.03.2014 05:14:45.067 GMT-0000,1871.435,1870.969,0,0.0001
19.03.2014 05:14:50.174 GMT-0000,1871.405,1870.989,0,0.0001
19.03.2014 05:14:54.580 GMT-0000,1871.4120000000003,1870.974,0,0.0001
19.03.2014 05:15:19.311 GMT-0000,1871.4170000000001,1870.991,0,0.0001
19.03.2014 05:15:41.536 GMT-0000,1871.4420000000002,1870.964,0,0.0001
19.03.2014 05:15:52.950 GMT-0000,1871.4360000000001,1870.9820000000002,0,0.0001
19.03.2014 05:16:12.072 GMT-0000,1871.4120000000003,1870.971,0.0001,0
19.03.2014 05:16:22.584 GMT-0000,1871.4089999999999,1870.9979999999998,0.0002,0
19.03.2014 05:16:36.000 GMT-0000,1871.43,1870.984,0.0001,0
19.03.2014 05:16:45.712 GMT-0000,1871.41,1870.96,0.0001,0
19.03.2014 05:16:50.218 GMT-0000,1871.4279999999999,1870.991,0.0001,0.0001
19.03.2014 05:17:00.532 GMT-0000,1871.4279999999999,1870.984,0.0001,0
19.03.2014 05:17:12.046 GMT-0000,1871.41,1870.9820000000002,0.0001,0
19.03.2014 05:17:19.456 GMT-0000,1871.4370000000001,1870.984,0.0002,0
19.03.2014 05:17:24.262 GMT-0000,1871.439,1870.9820000000002,0.0002,0
19.03.2014 05:17:55.803 GMT-0000,1871.4379999999999,1870.97,0.0002,0
19.03.2014 05:18:25.040 GMT-0000,1871.421,1870.974,0.0002,0
19.03.2014 05:18:32.550 GMT-0000,1871.411,1870.98,0.0002,0
19.03.2014 05:18:46.670 GMT-0000,1871.4220000000003,1870.986,0.0002,0
19.03.2014 05:18:51.376 GMT-0000,1871.129,1870.695,0.0002,0.0001
19.03.2014 05:19:21.517 GMT-0000,1871.135,1870.6820000000002,0.0002,0.0001
19.03.2014 05:19:39.743 GMT-0000,1871.131,1870.658,0.0002,0.0001
19.03.2014 05:20:17.701 GMT-0000,1871.14,1870.661,0.0002,0
19.03.2014 05:20:35.223 GMT-0000,1871.1070000000002,1870.685,0.0002,0
19.03.2014 05:20:41.230 GMT-0000,1871.135,1870.6589999999999,0.0002,0
19.03.2014 05:20:58.650 GMT-0000,1871.14,1870.695,0.0002,0
19.03.2014 05:21:17.574 GMT-0000,1871.124,1870.6870000000001,0.0002,0
19.03.2014 05:21:31.892 GMT-0000,1871.116,1870.693,0.0002,0
19.03.2014 05:21:44.108 GMT-0000,1871.122,1870.665,0.0002,0
19.03.2014 05:22:17.351 GMT-0000,1871.104,1870.685,0.0002,0
19.03.2014 05:22:31.269 GMT-0000,1871.1170000000002,1870.6689999999999,0.0002,0
19.03.2014 05:22:55.801 GMT-0000,1871.1170000000002,1870.6660000000002,0.0002,0
19.03.2014 05:23:15.728 GMT-0000,1871.105,1870.661,0.0002,0
19.03.2014 05:23:18.933 GMT-0000,1871.139,1870.658,0.0002,0
19.03.2014 05:23:36.155 GMT-0000,1871.106,1870.6860000000001,0.0002,0
19.03.2014 05:23:37.958 GMT-0000,1870.923,1870.4650000000001,0,0.0002
19.03.2014 05:24:17.513 GMT-0000,1870.934,1870.4950000000001,0,0.0002
19.03.2014 05:24:27.525 GMT-0000,1870.9120000000003,1870.486,0,0.0002
19.03.2014 05:24:33.531 GMT-0000,1870.913,1870.4660000000001,0,0.0002
19.03.2014 05:24:44.845 GMT-0000,1870.9420000000002,1870.471,0,0.0002
19.03.2014 05:24:51.252 GMT-0000,1870.9260000000002,1870.477,0,0.0002
19.03.2014 05:25:12.180 GMT-0000,1870.913,1870.4879999999998,0,0.0002
19.03.2014 05:25:54.935 GMT-0000,1870.93,1870.484,0.0001,0.0002
19.03.2014 05:25:58.640 GMT-0000,1870.913,1870.469,0.0001,0.0002
19.03.2014 05:26:08.551 GMT-0000,1870.918,1870.474,0.0001,0.0002
19.03.2014 05:26:45.497 GMT-0000,1870.929,1870.4650000000001,0,0.0002
19.03.2014 05:27:04.322 GMT-0000,1870.9370000000001,1870.46,0,0.0002
19.03.2014 05:27:16.137 GMT-0000,1870.933,1870.459,0.0001,0.0002
19.03.2014 05:27:28.752 GMT-0000,1870.908,1870.487,0.0001,0.0002
19.03.2014 05:27:33.458 GMT-0000,1870.9260000000002,1870.484,0.0001,0.0002
19.03.2014 05:27:43.708 GMT-0000,1870.628,1870.1760000000002,0,0.0001
19.03.2014 05:27:45.171 GMT-0000,1870.6129999999998,1870.189,0.0001,0.0001
19.03.2014 05:27:52.680 GMT-0000,1870.4170000000001,1869.976,0,0.0002
19.03.2014 05:27:53.180 GMT-0000,1870.6070000000002,1870.173,0.0001,0
19.03.2014 05:27:56.684 GMT-0000,1870.402,1869.9660000000001,0,0.0002
19.03.2014 05:27:57.185 GMT-0000,1870.6029999999998,1870.1720000000003,0.0001,0
19.03.2014 05:28:04.894 GMT-0000,1870.415,1869.974,0,0.0001
19.03.2014 05:28:09.299 GMT-0000,1870.625,1870.18,0.0001,0
19.03.2014 05:28:11.402 GMT-0000,1870.433,1869.9650000000001,0,0.0001
19.03.2014 05:28:21.414 GMT-0000,1870.609,1870.181,0.0001,0
19.03.2014 05:28:37.833 GMT-0000,1870.6100000000001,1870.16,0.0001,0
19.03.2014 05:28:50.949 GMT-0000,1870.625,1870.17,0.0001,0
19.03.2014 05:28:57.057 GMT-0000,1870.608,1870.194,0.0001,0
19.03.2014 05:29:08.370 GMT-0000,1870.621,1870.189,0.0001,0.0001
19.03.2014 05:29:17.380 GMT-0000,1870.639,1870.1860000000001,0.0001,0
19.03.2014 05:29:40.208 GMT-0000,1870.931,1870.4779999999998,0.0002,0
19.03.2014 05:30:05.141 GMT-0000,1870.918,1870.4820000000002,0.0002,0
19.03.2014 05:30:11.148 GMT-0000,1870.929,1870.4660000000001,0.0002,0
19.03.2014 05:30:21.362 GMT-0000,1870.9189999999999,1870.494,0.0002,0
19.03.2014 05:30:23.064 GMT-0000,1870.618,1870.17,0.0001,0.0001
19.03.2014 05:30:29.273 GMT-0000,1870.4170000000001,1869.974,0.0001,0.0001
19.03.2014 05:30:33.377 GMT-0000,1870.6100000000001,1870.184,0,0.0001
19.03.2014 05:30:47.295 GMT-0000,1870.605,1870.175,0.0001,0.0001
19.03.2014 05:31:18.937 GMT-0000,1870.611,1870.175,0.0001,0.0001
19.03.2014 05:31:27.549 GMT-0000,1870.612,1870.164,0.0001,0
19.03.2014 05:31:29.151 GMT-0000,1870.4089999999999,1869.961,0.0002,0.0001
19.03.2014 05:31:46.473 GMT-0000,1870.4360000000001,1869.9679999999998,0.0001,0.0001
19.03.2014 05:32:59.270 GMT-0000,1870.42,1869.996,0,0.0001
19.03.2014 05:33:06.880 GMT-0000,1870.423,1869.9820000000002,0,0.0001
19.03.2014 05:33:15.492 GMT-0000,1870.138,1869.693,0.0002,0.0002
19.03.2014 05:33:29.317 GMT-0000,1870.1170000000002,1869.6760000000002,0.0002,0.0002
19.03.2014 05:33:33.423 GMT-0000,1869.604,1869.1589999999999,0,0.0001
19.03.2014 05:34:02.063 GMT-0000,1869.621,1869.189,0,0.0001
19.03.2014 05:34:05.768 GMT-0000,1869.6370000000002,1869.1920000000002,0,0.0001
19.03.2014 05:34:37.409 GMT-0000,1869.4360000000001,1868.959,0,0.0002
19.03.2014 05:35:00.443 GMT-0000,1869.424,1868.959,0,0.0002
19.03.2014 05:35:05.252 GMT-0000,1869.42,1868.959,0,0.0002
19.03.2014 05:35:08.455 GMT-0000,1869.5220000000002,1869.0729999999999,0.0001,0.0002
19.03.2014 05:35:08.656 GMT-0000,1869.6200000000001,1869.1960000000001,0,0
19.03.2014 05:35:13.962 GMT-0000,1869.602,1869.195,0,0
19.03.2014 05:35:14.663 GMT-0000,1869.4270000000001,1868.967,0,0.0002
19.03.2014 05:35:16.265 GMT-0000,1869.63,1869.171,0,0
19.03.2014 05:35:37.489 GMT-0000,1869.6170000000002,1869.1670000000001,0,0.0001
19.03.2014 05:36:08.423 GMT-0000,1869.642,1869.1560000000002,0.0001,0
19.03.2014 05:37:06.293 GMT-0000,1869.6260000000002,1869.16,0.0001,0.0002
19.03.2014 05:37:32.931 GMT-0000,1869.6270000000002,1869.171,0.0001,0.0002
19.03.2014 05:37:43.646 GMT-0000,1869.638,1869.181,0.0001,0.0002
19.03.2014 05:37:44.847 GMT-0000,1869.44,1868.99,0,0.0004
19.03.2014 05:38:11.177 GMT-0000,1869.421,1868.99,0,0.0002
19.03.2014 05:38:28.495 GMT-0000,1869.424,1868.996,0,0.0002
19.03.2014 05:38:28.595 GMT-0000,1869.628,1869.174,0.0001,0
19.03.2014 05:38:42.810 GMT-0000,1869.4160000000002,1868.961,0,0.0002
19.03.2014 05:38:48.117 GMT-0000,1869.641,1869.1720000000003,0.0001,0
19.03.2014 05:39:01.331 GMT-0000,1869.604,1869.1670000000001,0.0001,0
19.03.2014 05:39:19.050 GMT-0000,1869.618,1869.1689999999999,0.0001,0.0001
19.03.2014 05:39:29.662 GMT-0000,1869.632,1869.194,0.0001,0.0001
19.03.2014 05:40:02.109 GMT-0000,1869.6170000000002,1869.171,0.0001,0.0001
19.03.2014 05:40:12.423 GMT-0000,1869.615,1869.174,0.0001,0.0001
19.03.2014 05:40:18.431 GMT-0000,1869.63,1869.1720000000003,0,0.0001
19.03.2014 05:40:26.140 GMT-0000,1869.6070000000002,1869.193,0,0.0001
19.03.2014 05:40:33.650 GMT-0000,1869.631,1869.165,0,0.0001
19.03.2014 05:40:41.259 GMT-0000,1869.635,1869.1820000000002,0,0.0001
19.03.2014 05:40:46.567 GMT-0000,1869.615,1869.1870000000001,0,0.0001
19.03.2014 05:41:01.287 GMT-0000,1869.929,1869.474,0.0001,0
19.03.2014 05:41:06.293 GMT-0000,1869.9060000000002,1869.4950000000001,0.0001,0
19.03.2014 05:41:17.408 GMT-0000,1869.9220000000003,1869.496,0.0001,0
19.03.2014 05:41:28.121 GMT-0000,1869.905,1869.4920000000002,0.0001,0
19.03.2014 05:41:46.645 GMT-0000,1870.1200000000001,1869.6879999999999,0.0002,0
19.03.2014 05:41:54.153 GMT-0000,1870.1370000000002,1869.6820000000002,0.0002,0
19.03.2014 05:42:04.566 GMT-0000,1870.129,1869.6760000000002,0.0002,0
19.03.2014 05:42:15.081 GMT-0000,1870.129,1869.681,0.0001,0
19.03.2014 05:42:21.589 GMT-0000,1870.1129999999998,1869.6720000000003,0.0001,0
19.03.2014 05:42:36.807 GMT-0000,1870.132,1869.6920000000002,0.0001,0
19.03.2014 05:42:41.913 GMT-0000,1869.94,1869.477,0,0.0001
19.03.2014 05:43:12.451 GMT-0000,1869.92,1869.4779999999998,0,0.0001
19.03.2014 05:43:16.155 GMT-0000,1869.638,1869.1770000000001,0,0.0002
19.03.2014 05:43:21.963 GMT-0000,1869.632,1869.163,0,0.0001
19.03.2014 05:43:30.173 GMT-0000,1869.6270000000002,1869.1920000000002,0,0.0001
19.03.2014 05:43:43.790 GMT-0000,1869.6370000000002,1869.164,0,0.0001
19.03.2014 05:43:52.302 GMT-0000,1869.93,1869.4720000000002,0.0001,0
19.03.2014 05:44:10.224 GMT-0000,1869.9189999999999,1869.494,0.0001,0
19.03.2014 05:44:32.954 GMT-0000,1869.9060000000002,1869.484,0.0001,0
19.03.2014 05:44:44.269 GMT-0000,1869.91,1869.496,0.0001,0
19.03.2014 05:45:12.006 GMT-0000,1869.933,1869.4820000000002,0.0001,0
19.03.2014 05:45:20.818 GMT-0000,1869.9360000000001,1869.459,0.0001,0
19.03.2014 05:45:29.330 GMT-0000,1869.9220000000003,1869.479,0.0001,0
19.03.2014 05:45:35.537 GMT-0000,1869.908,1869.479,0.0001,0
19.03.2014 05:45:56.164 GMT-0000,1870.129,1869.6870000000001,0.0001,0
19.03.2014 05:46:41.119 GMT-0000,1870.1129999999998,1869.665,0.0001,0
19.03.2014 05:46:46.225 GMT-0000,1870.104,1869.658,0.0001,0
19.03.2014 05:47:02.347 GMT-0000,1870.122,1869.685,0.0001,0
19.03.2014 05:47:16.766 GMT-0000,1870.1229999999998,1869.6870000000001,0.0001,0
19.03.2014 05:47:20.471 GMT-0000,1870.121,1869.6720000000003,0.0001,0
19.03.2014 05:47:50.408 GMT-0000,1870.139,1869.6760000000002,0.0001,0
19.03.2014 05:47:58.519 GMT-0000,1870.128,1869.663,0.0001,0
19.03.2014 05:48:01.823 GMT-0000,1870.134,1869.681,0.0001,0
19.03.2014 05:48:04.827 GMT-0000,1870.122,1869.684,0.0001,0
19.03.2014 05:48:17.043 GMT-0000,1870.1370000000002,1869.6670000000001,0.0001,0
19.03.2014 05:48:46.281 GMT-0000,1870.119,1869.693,0.0001,0
19.03.2014 05:48:52.489 GMT-0000,1869.929,1869.494,0,0.0001
19.03.2014 05:49:10.213 GMT-0000,1869.915,1869.46,0,0.0001
19.03.2014 05:49:13.818 GMT-0000,1869.941,1869.4879999999998,0,0.0001
19.03.2014 05:49:50.162 GMT-0000,1869.904,1869.481,0,0.0001
19.03.2014 05:49:56.770 GMT-0000,1869.9370000000001,1869.481,0,0.0001
19.03.2014 05:50:12.693 GMT-0000,1869.931,1869.464,0,0.0001
19.03.2014 05:50:35.019 GMT-0000,1869.903,1869.471,0,0.0001
19.03.2014 05:50:39.925 GMT-0000,1869.621,1869.1979999999999,0,0.0001
19.03.2014 05:51:17.366 GMT-0000,1869.612,1869.185,0,0.0001
19.03.2014 05:51:19.468 GMT-0000,1869.6370000000002,1869.165,0.0001,0
19.03.2014 05:51:38.891 GMT-0000,1869.611,1869.1660000000002,0.0001,0
19.03.2014 05:51:54.910 GMT-0000,1869.615,1869.1870000000001,0.0001,0
19.03.2014 05:52:08.126 GMT-0000,1869.6070000000002,1869.1879999999999,0.0001,0
19.03.2014 05:52:46.070 GMT-0000,1869.635,1869.1670000000001,0,0
19.03.2014 05:52:50.175 GMT-0000,1869.606,1869.1720000000003,0,0
19.03.2014 05:52:59.787 GMT-0000,1869.605,1869.174,0,0
19.03.2014 05:53:04.994 GMT-0000,1869.929,1869.463,0.0001,0
19.03.2014 05:53:18.812 GMT-0000,1869.931,1869.461,0.0001,0
19.03.2014 05:53:50.953 GMT-0000,1869.911,1869.4950000000001,0.0001,0
19.03.2014 05:53:54.858 GMT-0000,1869.628,1869.16,0,0.0001
19.03.2014 05:54:02.767 GMT-0000,1869.615,1869.1770000000001,0,0.0001
19.03.2014 05:54:11.479 GMT-0000,1869.605,1869.16,0,0.0001
19.03.2014 05:54:15.684 GMT-0000,1869.634,1869.1970000000001,0,0.0001
19.03.2014 05:54:38.912 GMT-0000,1869.625,1869.191,0,0.0001
19.03.2014 05:55:20.062 GMT-0000,1869.606,1869.181,0.0001,0.0001
19.03.2014 05:55:34.880 GMT-0000,1869.615,1869.1879999999999,0,0.0002
19.03.2014 05:55:43.691 GMT-0000,1869.609,1869.1720000000003,0,0.0002
19.03.2014 05:56:15.531 GMT-0000,1869.835,1869.374,0.0001,0.0002
19.03.2014 05:56:16.232 GMT-0000,1869.921,1869.491,0.0002,0
19.03.2014 05:56:27.347 GMT-0000,1869.905,1869.4660000000001,0.0001,0
19.03.2014 05:56:40.963 GMT-0000,1869.913,1869.473,0.0001,0
19.03.2014 05:56:46.471 GMT-0000,1869.9089999999999,1869.463,0.0001,0
19.03.2014 05:57:01.690 GMT-0000,1869.94,1869.489,0.0001,0
19.03.2014 05:57:14.507 GMT-0000,1869.911,1869.464,0.0001,0
19.03.2014 05:58:28.705 GMT-0000,1869.9089999999999,1869.4679999999998,0,0.0001
19.03.2014 05:58:43.124 GMT-0000,1869.941,1869.473,0.0001,0.0001
19.03.2014 05:59:01.747 GMT-0000,1869.913,1869.4720000000002,0.0001,0.0001
19.03.2014 05:59:06.853 GMT-0000,1869.915,1869.476,0.0001,0.0001
19.03.2014 05:59:12.360 GMT-0000,1869.92,1869.4779999999998,0.0001,0.0001
19.03.2014 05:59:26.879 GMT-0000,1869.9189999999999,1869.467,0.0001,0.0001
19.03.2014 05:59:29.583 GMT-0000,1869.6129999999998,1869.195,0,0.0002
19.03.2014 05:59:30.284 GMT-0000,1869.805,1869.395,0.0002,0.0002
19.03.2014 05:59:35.691 GMT-0000,1869.6329999999998,1869.1720000000003,0,0.0002
19.03.2014 05:59:43.802 GMT-0000,1869.6370000000002,1869.1589999999999,0,0.0002
19.03.2014 06:00:00.122 GMT-0000,1869.604,1869.173,0,0.0002
19.03.2014 06:00:10.372 GMT-0000,1869.6070000000002,1869.1589999999999,0,0.0002
19.03.2014 06:00:24.456 GMT-0000,1869.5410000000002,1869.066,0.0002,0.0003
19.03.2014 06:00:25.057 GMT-0000,1869.41,1868.98,0,0.0003
19.03.2014 06:00:50.589 GMT-0000,1869.4060000000002,1868.9679999999998,0.0001,0.0002
19.03.2014 06:01:08.813 GMT-0000,1869.411,1868.983,0.0001,0.0002
19.03.2014 06:01:21.429 GMT-0000,1869.4279999999999,1868.984,0.0001,0.0002
19.03.2014 06:01:40.955 GMT-0000,1869.435,1868.987,0.0001,0.0002
19.03.2014 06:01:54.975 GMT-0000,1869.415,1868.96,0.0001,0.0002
19.03.2014 06:01:58.581 GMT-0000,1869.431,1868.9950000000001,0.0001,0.0002
19.03.2014 06:02:06.092 GMT-0000,1869.6070000000002,1869.17,0.0001,0
19.03.2014 06:02:17.808 GMT-0000,1869.6270000000002,1869.1560000000002,0.0001,0
19.03.2014 06:02:25.618 GMT-0000,1869.6260000000002,1869.189,0,0.0004
19.03.2014 06:02:48.746 GMT-0000,1869.606,1869.1570000000002,0.0002,0
19.03.2014 06:02:51.350 GMT-0000,1869.124,1868.6720000000003,0,0.0002
19.03.2014 06:02:53.652 GMT-0000,1869.44,1868.977,0.0001,0
19.03.2014 06:03:26.894 GMT-0000,1869.403,1868.98,0,0.0001
19.03.2014 06:03:38.307 GMT-0000,1869.413,1868.961,0,0.0002
19.03.2014 06:03:57.431 GMT-0000,1869.423,1868.994,0,0.0001
19.03.2014 06:04:06.443 GMT-0000,1869.423,1868.9750000000001,0,0.0002
19.03.2014 06:04:11.049 GMT-0000,1869.4120000000003,1868.963,0,0.0002
19.03.2014 06:04:14.554 GMT-0000,1869.434,1868.971,0,0.0002
19.03.2014 06:04:35.680 GMT-0000,1869.619,1869.165,0,0.0001
19.03.2014 06:05:01.312 GMT-0000,1869.6070000000002,1869.1720000000003,0,0.0001
19.03.2014 06:05:31.450 GMT-0000,1869.6260000000002,1869.1879999999999,0,0.0001
19.03.2014 06:05:41.862 GMT-0000,1869.641,1869.17,0,0.0001
19.03.2014 06:05:51.073 GMT-0000,1869.615,1869.158,0,0.0001
19.03.2014 06:05:57.880 GMT-0000,1869.618,1869.174,0,0.0001
19.03.2014 06:06:04.087 GMT-0000,1869.629,1869.164,0.0001,0.0001
19.03.2014 06:06:09.695 GMT-0000,1869.9070000000002,1869.496,0.0002,0
19.03.2014 06:06:25.715 GMT-0000,1869.924,1869.484,0.0001,0.0001
19.03.2014 06:06:30.321 GMT-0000,1869.903,1869.497,0.0001,0.0001
19.03.2014 06:07:23.388 GMT-0000,1869.9089999999999,1869.4879999999998,0.0001,0.0001
19.03.2014 06:07:28.094 GMT-0000,1869.91,1869.47,0.0002,0.0001
19.03.2014 06:08:34.779 GMT-0000,1869.9260000000002,1869.483,0,0.0002
19.03.2014 06:08:47.095 GMT-0000,1869.91,1869.463,0,0.0001
19.03.2014 06:08:56.307 GMT-0000,1869.9189999999999,1869.469,0,0.0001
19.03.2014 06:09:07.023 GMT-0000,1869.941,1869.49,0,0.0001
19.03.2014 06:09:37.162 GMT-0000,1870.104,1869.663,0.0002,0
19.03.2014 06:10:00.290 GMT-0000,1870.134,1869.668,0.0001,0.0002
19.03.2014 06:10:13.005 GMT-0000,1870.106,1869.668,0.0001,0.0002
