Local time,Ask,Bid,AskVolume,BidVolume
21.09.2016 07:00:00.188 GMT+0100,2146.231,2145.519,0.0003,0.0002
21.09.2016 07:00:00.294 GMT+0100,2146.179,2145.519,0,0.001
21.09.2016 07:00:01.392 GMT+0100,2146.1510000000003,2145.589,0.0001,0.0002
21.09.2016 07:00:01.493 GMT+0100,2146.179,2145.769,0,0.0002
21.09.2016 07:00:03.487 GMT+0100,2146.376,2145.769,0,0.0002
21.09.2016 07:00:03.706 GMT+0100,2146.481,2145.834,0.0001,0.0008
21.09.2016 07:00:04.036 GMT+0100,2146.481,2145.951,0.0001,0.0008
21.09.2016 07:00:04.366 GMT+0100,2146.481,2145.974,0.0001,0.0008
21.09.2016 07:00:04.586 GMT+0100,2146.481,2145.967,0.0001,0.0008
21.09.2016 07:00:04.919 GMT+0100,2146.481,2145.9770000000003,0.0001,0.0008
21.09.2016 07:00:05.136 GMT+0100,2146.481,2145.964,0.0001,0.0008
21.09.2016 07:00:05.466 GMT+0100,2146.481,2145.9770000000003,0.0001,0.0008
21.09.2016 07:00:06.016 GMT+0100,2146.481,2146.002,0.0001,0.0008
21.09.2016 07:00:06.566 GMT+0100,2146.481,2146.005,0.0001,0.0008
21.09.2016 07:00:09.979 GMT+0100,2146.481,2146.027,0.0001,0.0008
21.09.2016 07:00:10.416 GMT+0100,2146.481,2145.974,0.0001,0.0008
21.09.2016 07:00:11.821 GMT+0100,2146.4010000000003,2145.974,0.0001,0.0008
21.09.2016 07:00:13.526 GMT+0100,2146.647,2146.019,0,0.0002
21.09.2016 07:00:13.717 GMT+0100,2146.669,2146.019,0,0.0002
21.09.2016 07:00:14.046 GMT+0100,2146.731,2146.112,0.0001,0.0008
21.09.2016 07:00:14.596 GMT+0100,2146.731,2146.124,0.0001,0.0008
21.09.2016 07:00:15.046 GMT+0100,2146.731,2146.1420000000003,0.0001,0.0008
21.09.2016 07:00:15.376 GMT+0100,2146.731,2146.139,0.0001,0.0008
21.09.2016 07:00:15.536 GMT+0100,2146.82,2146.27,0,0.0002
21.09.2016 07:00:15.596 GMT+0100,2146.837,2146.27,0,0.0002
21.09.2016 07:00:15.816 GMT+0100,2146.98,2146.331,0.0001,0.0008
21.09.2016 07:00:16.146 GMT+0100,2146.98,2146.341,0.0001,0.0008
21.09.2016 07:00:16.696 GMT+0100,2146.98,2146.376,0.0001,0.0008
21.09.2016 07:00:19.006 GMT+0100,2146.98,2146.393,0.0001,0.0008
21.09.2016 07:00:19.446 GMT+0100,2146.98,2146.409,0.0001,0.0008
21.09.2016 07:00:19.886 GMT+0100,2146.98,2146.415,0.0001,0.0008
21.09.2016 07:00:23.846 GMT+0100,2146.98,2146.4170000000004,0.0001,0.0008
21.09.2016 07:00:24.176 GMT+0100,2146.98,2146.41,0.0001,0.0008
21.09.2016 07:00:25.606 GMT+0100,2146.98,2146.4139999999998,0.0001,0.0008
21.09.2016 07:00:25.935 GMT+0100,2146.98,2146.429,0.0001,0.0008
21.09.2016 07:00:26.376 GMT+0100,2146.9,2146.4320000000002,0.0001,0.0008
21.09.2016 07:00:29.566 GMT+0100,2146.9,2146.425,0.0001,0.0008
21.09.2016 07:00:29.786 GMT+0100,2146.9,2146.4320000000002,0.0001,0.0008
21.09.2016 07:00:30.967 GMT+0100,2147.103,2146.519,0,0.0002
21.09.2016 07:00:33.086 GMT+0100,2147.231,2146.589,0.0001,0.0008
21.09.2016 07:00:33.635 GMT+0100,2147.231,2146.617,0.0001,0.0008
21.09.2016 07:00:34.295 GMT+0100,2147.231,2146.6150000000002,0.0001,0.0008
21.09.2016 07:00:34.626 GMT+0100,2147.231,2146.625,0.0001,0.0008
21.09.2016 07:00:35.285 GMT+0100,2147.231,2146.624,0.0001,0.0008
21.09.2016 07:00:35.616 GMT+0100,2147.231,2146.601,0.0001,0.0008
21.09.2016 07:00:35.835 GMT+0100,2147.231,2146.604,0.0001,0.0008
21.09.2016 07:00:36.078 GMT+0100,2147.285,2146.77,0,0.0002
21.09.2016 07:00:36.385 GMT+0100,2147.48,2146.856,0.0001,0.0008
21.09.2016 07:00:36.936 GMT+0100,2147.48,2146.944,0.0001,0.0008
21.09.2016 07:00:39.685 GMT+0100,2147.48,2146.91,0.0001,0.0008
21.09.2016 07:00:41.005 GMT+0100,2147.48,2146.899,0.0001,0.0008
21.09.2016 07:00:43.536 GMT+0100,2147.48,2146.911,0.0001,0.0008
21.09.2016 07:00:44.086 GMT+0100,2147.48,2146.89,0.0001,0.0008
21.09.2016 07:00:44.415 GMT+0100,2147.48,2146.9010000000003,0.0001,0.0008
21.09.2016 07:00:44.950 GMT+0100,2147.4010000000003,2146.902,0.0001,0.0008
21.09.2016 07:00:45.028 GMT+0100,2147.4010000000003,2146.839,0.001,0.0002
21.09.2016 07:00:45.515 GMT+0100,2147.349,2146.839,0,0.0002
21.09.2016 07:00:46.701 GMT+0100,2147.349,2146.77,0,0.0002
21.09.2016 07:00:46.945 GMT+0100,2147.48,2146.795,0.001,0.0008
21.09.2016 07:00:47.703 GMT+0100,2147.4010000000003,2146.839,0.0001,0.0002
21.09.2016 07:00:51.912 GMT+0100,2147.1510000000003,2146.778,0.0001,0.0008
21.09.2016 07:00:53.766 GMT+0100,2147.1510000000003,2146.7470000000003,0.0001,0.0008
21.09.2016 07:00:54.004 GMT+0100,2147.1510000000003,2146.736,0.0001,0.0008
21.09.2016 07:00:54.315 GMT+0100,2147.1510000000003,2146.748,0.0001,0.0008
21.09.2016 07:00:54.778 GMT+0100,2147.1510000000003,2146.718,0.0001,0.0008
21.09.2016 07:00:55.195 GMT+0100,2147.1510000000003,2146.715,0.0001,0.0008
21.09.2016 07:00:55.325 GMT+0100,2147.031,2146.715,0.0001,0.0008
21.09.2016 07:00:56.076 GMT+0100,2146.9,2146.531,0.0001,0.0008
21.09.2016 07:00:56.534 GMT+0100,2147.031,2146.531,0.0001,0.0008
21.09.2016 07:00:56.735 GMT+0100,2147.031,2146.484,0.0001,0.0008
21.09.2016 07:01:00.035 GMT+0100,2147.031,2146.469,0.0001,0.0002
21.09.2016 07:01:02.139 GMT+0100,2147.085,2146.769,0,0.0002
21.09.2016 07:01:03.335 GMT+0100,2147.481,2146.815,0.0001,0.0008
21.09.2016 07:01:03.665 GMT+0100,2147.481,2146.826,0.0001,0.0008
21.09.2016 07:01:04.434 GMT+0100,2147.481,2146.843,0.0001,0.0008
21.09.2016 07:01:04.655 GMT+0100,2147.481,2146.8360000000002,0.0001,0.0008
21.09.2016 07:01:04.887 GMT+0100,2147.481,2146.856,0.0001,0.0008
21.09.2016 07:01:05.325 GMT+0100,2147.481,2146.911,0.0001,0.0008
21.09.2016 07:01:05.655 GMT+0100,2147.481,2146.928,0.0001,0.0008
21.09.2016 07:01:06.975 GMT+0100,2147.481,2146.916,0.0001,0.0008
21.09.2016 07:01:09.158 GMT+0100,2147.589,2147.02,0,0.0002
21.09.2016 07:01:09.615 GMT+0100,2147.73,2147.0570000000002,0.0001,0.0008
21.09.2016 07:01:10.055 GMT+0100,2147.73,2147.065,0.0001,0.0008
21.09.2016 07:01:12.466 GMT+0100,2147.78,2147.2200000000003,0.001,0.0002
21.09.2016 07:01:13.905 GMT+0100,2147.78,2147.2200000000003,0.0001,0.0002
21.09.2016 07:01:15.445 GMT+0100,2147.78,2147.261,0.0001,0.0008
21.09.2016 07:01:16.077 GMT+0100,2147.831,2147.269,0.0001,0.0002
21.09.2016 07:01:16.215 GMT+0100,2147.831,2147.27,0.0001,0.0008
21.09.2016 07:01:16.545 GMT+0100,2147.831,2147.3650000000002,0.0001,0.0008
21.09.2016 07:01:18.081 GMT+0100,2147.65,2147.386,0.0001,0.0008
21.09.2016 07:01:18.979 GMT+0100,2147.65,2147.25,0.0001,0.0008
21.09.2016 07:01:19.283 GMT+0100,2147.913,2147.27,0,0.0002
21.09.2016 07:01:19.405 GMT+0100,2147.98,2147.31,0.0001,0.0008
21.09.2016 07:01:19.625 GMT+0100,2147.98,2147.3379999999997,0.0001,0.0008
21.09.2016 07:01:20.175 GMT+0100,2147.98,2147.314,0.001,0.0008
21.09.2016 07:01:20.505 GMT+0100,2147.98,2147.37,0.0001,0.0008
21.09.2016 07:01:22.390 GMT+0100,2147.9,2147.37,0.0001,0.0008
21.09.2016 07:01:22.991 GMT+0100,2147.981,2147.37,0.0001,0.0008
21.09.2016 07:01:23.475 GMT+0100,2147.981,2147.383,0.0001,0.0008
21.09.2016 07:01:23.910 GMT+0100,2147.981,2147.507,0.0001,0.0008
21.09.2016 07:01:24.025 GMT+0100,2147.981,2147.494,0.0001,0.0008
21.09.2016 07:01:24.245 GMT+0100,2147.981,2147.5029999999997,0.0001,0.0008
21.09.2016 07:01:24.795 GMT+0100,2147.981,2147.511,0.0001,0.0008
21.09.2016 07:01:25.124 GMT+0100,2147.981,2147.5,0.0001,0.0008
21.09.2016 07:01:25.495 GMT+0100,2148.08,2147.52,0.0001,0.0002
21.09.2016 07:01:25.784 GMT+0100,2148.08,2147.569,0.0001,0.0008
21.09.2016 07:01:25.998 GMT+0100,2148.15,2147.59,0.0001,0.0002
21.09.2016 07:01:27.800 GMT+0100,2148.23,2147.522,0.001,0.0008
21.09.2016 07:01:29.805 GMT+0100,2148.15,2147.59,0.0001,0.0002
21.09.2016 07:01:29.964 GMT+0100,2148.15,2147.679,0.0001,0.0008
21.09.2016 07:01:30.405 GMT+0100,2148.15,2147.681,0.0001,0.0008
21.09.2016 07:01:32.934 GMT+0100,2148.15,2147.695,0.0001,0.0008
21.09.2016 07:01:33.704 GMT+0100,2148.15,2147.683,0.0001,0.0008
21.09.2016 07:01:33.961 GMT+0100,2148.15,2147.686,0.0001,0.0008
21.09.2016 07:01:34.254 GMT+0100,2148.15,2147.6710000000003,0.0001,0.0008
21.09.2016 07:01:34.475 GMT+0100,2148.15,2147.668,0.0001,0.0008
21.09.2016 07:01:34.525 GMT+0100,2148.031,2147.668,0.0001,0.0008
21.09.2016 07:01:34.694 GMT+0100,2148.031,2147.527,0.0001,0.0008
21.09.2016 07:01:35.025 GMT+0100,2148.031,2147.52,0.0001,0.0008
21.09.2016 07:01:35.244 GMT+0100,2148.031,2147.509,0.0001,0.0008
21.09.2016 07:01:35.418 GMT+0100,2147.9010000000003,2147.509,0.0001,0.0008
21.09.2016 07:01:35.795 GMT+0100,2147.9010000000003,2147.527,0.0001,0.0008
21.09.2016 07:01:35.920 GMT+0100,2148.03,2147.527,0.0001,0.0008
21.09.2016 07:01:36.015 GMT+0100,2148.03,2147.513,0.0001,0.0008
21.09.2016 07:01:36.345 GMT+0100,2148.03,2147.521,0.0001,0.0008
21.09.2016 07:01:36.565 GMT+0100,2148.03,2147.512,0.0001,0.0008
21.09.2016 07:01:36.895 GMT+0100,2148.03,2147.5170000000003,0.0001,0.0008
21.09.2016 07:01:39.130 GMT+0100,2147.9,2147.5170000000003,0.0001,0.0008
21.09.2016 07:01:39.755 GMT+0100,2147.9,2147.534,0.0001,0.0008
21.09.2016 07:01:40.304 GMT+0100,2147.9,2147.523,0.0001,0.0008
21.09.2016 07:01:41.434 GMT+0100,2148.23,2147.523,0.001,0.0008
21.09.2016 07:01:41.534 GMT+0100,2148.1510000000003,2147.589,0.0001,0.0002
21.09.2016 07:01:42.336 GMT+0100,2148.231,2147.523,0.001,0.0008
21.09.2016 07:01:43.773 GMT+0100,2148.231,2147.638,0.0001,0.0008
21.09.2016 07:01:44.424 GMT+0100,2148.231,2147.6510000000003,0.0001,0.0008
21.09.2016 07:01:45.194 GMT+0100,2148.231,2147.6620000000003,0.0001,0.0008
21.09.2016 07:01:45.744 GMT+0100,2148.231,2147.6910000000003,0.0001,0.0008
21.09.2016 07:01:46.624 GMT+0100,2148.231,2147.688,0.0001,0.0008
21.09.2016 07:01:46.954 GMT+0100,2148.231,2147.685,0.0001,0.0008
21.09.2016 07:01:49.450 GMT+0100,2148.346,2147.84,0,0.0002
21.09.2016 07:01:49.550 GMT+0100,2148.349,2148.2200000000003,0,0.0002
21.09.2016 07:01:49.651 GMT+0100,2148.349,2148.019,0,0.0002
21.09.2016 07:01:50.144 GMT+0100,2148.731,2148.176,0.0001,0.0008
21.09.2016 07:01:50.254 GMT+0100,2148.731,2148.165,0.0001,0.0008
21.09.2016 07:01:52.660 GMT+0100,2148.6510000000003,2148.165,0.0001,0.0008
21.09.2016 07:01:53.563 GMT+0100,2148.4,2148.165,0.0001,0.0008
21.09.2016 07:01:53.775 GMT+0100,2148.4,2148.027,0.0001,0.0008
21.09.2016 07:01:53.994 GMT+0100,2148.4,2148.022,0.0001,0.0008
21.09.2016 07:01:54.324 GMT+0100,2148.4,2148.027,0.0001,0.0008
21.09.2016 07:01:54.467 GMT+0100,2148.531,2148.027,0.0001,0.0008
21.09.2016 07:01:54.573 GMT+0100,2148.531,2148.0170000000003,0.0001,0.0008
21.09.2016 07:01:54.764 GMT+0100,2148.531,2147.978,0.0001,0.0008
21.09.2016 07:01:54.973 GMT+0100,2148.65,2148.09,0.0001,0.0002
21.09.2016 07:01:55.424 GMT+0100,2148.65,2148.107,0.0001,0.0008
21.09.2016 07:01:55.754 GMT+0100,2148.65,2148.09,0.0001,0.0002
21.09.2016 07:01:56.974 GMT+0100,2148.731,2148.0620000000004,0.0001,0.0008
21.09.2016 07:01:59.604 GMT+0100,2148.731,2148.16,0.0001,0.0008
21.09.2016 07:02:00.045 GMT+0100,2148.731,2148.169,0.0001,0.0008
21.09.2016 07:02:03.125 GMT+0100,2148.731,2148.116,0.0001,0.0008
21.09.2016 07:02:03.487 GMT+0100,2148.531,2148.116,0.0001,0.0008
21.09.2016 07:02:03.784 GMT+0100,2148.531,2148.093,0.0001,0.0008
21.09.2016 07:02:04.005 GMT+0100,2148.531,2147.9970000000003,0.0001,0.0008
21.09.2016 07:02:04.334 GMT+0100,2148.531,2147.992,0.0001,0.0008
21.09.2016 07:02:04.774 GMT+0100,2148.531,2148.005,0.0001,0.0008
21.09.2016 07:02:04.993 GMT+0100,2148.531,2147.969,0.0001,0.0002
21.09.2016 07:02:14.205 GMT+0100,2148.4010000000003,2147.955,0.0001,0.0008
21.09.2016 07:02:14.606 GMT+0100,2148.581,2148.019,0.0001,0.0002
21.09.2016 07:02:15.004 GMT+0100,2148.581,2148.216,0.0001,0.0008
21.09.2016 07:02:15.251 GMT+0100,2148.581,2148.204,0.0001,0.0008
21.09.2016 07:02:15.774 GMT+0100,2148.581,2148.2110000000002,0.0001,0.0008
21.09.2016 07:02:15.994 GMT+0100,2148.581,2148.199,0.0001,0.0008
21.09.2016 07:02:16.654 GMT+0100,2148.581,2148.1929999999998,0.0001,0.0008
21.09.2016 07:02:16.874 GMT+0100,2148.581,2148.206,0.0001,0.0008
21.09.2016 07:02:18.964 GMT+0100,2148.581,2148.204,0.0001,0.0008
21.09.2016 07:02:20.284 GMT+0100,2148.581,2148.203,0.0001,0.0008
21.09.2016 07:02:23.584 GMT+0100,2148.581,2148.165,0.0001,0.0008
21.09.2016 07:02:24.023 GMT+0100,2148.581,2148.163,0.0001,0.0008
21.09.2016 07:02:24.353 GMT+0100,2148.581,2148.152,0.0001,0.0008
21.09.2016 07:02:24.573 GMT+0100,2148.581,2148.163,0.0001,0.0008
21.09.2016 07:02:25.783 GMT+0100,2148.581,2148.165,0.0001,0.0008
21.09.2016 07:02:26.028 GMT+0100,2148.6510000000003,2148.165,0.0001,0.0008
21.09.2016 07:02:26.223 GMT+0100,2148.6510000000003,2148.132,0.0001,0.0008
21.09.2016 07:02:26.553 GMT+0100,2148.6510000000003,2148.136,0.0001,0.0008
21.09.2016 07:02:29.523 GMT+0100,2148.584,2148.089,0,0.0002
21.09.2016 07:02:30.078 GMT+0100,2148.579,2148.089,0,0.0002
21.09.2016 07:02:32.797 GMT+0100,2148.579,2148.09,0,0.0002
21.09.2016 07:02:32.933 GMT+0100,2148.65,2148.09,0.0001,0.0002
21.09.2016 07:02:33.358 GMT+0100,2148.731,2148.06,0,0.0008
21.09.2016 07:02:33.703 GMT+0100,2148.731,2148.134,0.0001,0.0008
21.09.2016 07:02:34.364 GMT+0100,2148.731,2148.126,0.0001,0.0008
21.09.2016 07:02:34.452 GMT+0100,2148.6510000000003,2148.126,0.0001,0.0008
21.09.2016 07:02:34.502 GMT+0100,2148.6510000000003,2148.11,0.0001,0.0008
21.09.2016 07:02:34.553 GMT+0100,2148.53,2148.11,0.0001,0.0008
21.09.2016 07:02:34.803 GMT+0100,2148.53,2148.016,0.0001,0.0008
21.09.2016 07:02:35.023 GMT+0100,2148.53,2148.008,0.0001,0.0008
21.09.2016 07:02:35.463 GMT+0100,2148.53,2147.978,0.0001,0.0008
21.09.2016 07:02:35.683 GMT+0100,2148.53,2147.986,0.0001,0.0008
21.09.2016 07:02:35.903 GMT+0100,2148.53,2147.975,0.0001,0.0008
21.09.2016 07:02:36.453 GMT+0100,2148.53,2147.9700000000003,0.0001,0.001
21.09.2016 07:02:36.893 GMT+0100,2148.53,2147.976,0.0001,0.0008
21.09.2016 07:02:39.093 GMT+0100,2148.53,2147.9700000000003,0.0001,0.0002
21.09.2016 07:02:43.494 GMT+0100,2148.53,2147.992,0.0001,0.0008
21.09.2016 07:02:44.813 GMT+0100,2148.53,2147.979,0.0001,0.0008
21.09.2016 07:02:44.874 GMT+0100,2148.4,2147.979,0.0001,0.0008
21.09.2016 07:02:45.363 GMT+0100,2148.4,2148.002,0.0001,0.0008
21.09.2016 07:02:47.079 GMT+0100,2148.731,2148.019,0.001,0.0002
21.09.2016 07:02:49.482 GMT+0100,2148.53,2148.016,0.0001,0.0008
21.09.2016 07:02:49.983 GMT+0100,2148.53,2147.973,0.0001,0.0008
21.09.2016 07:02:50.248 GMT+0100,2148.53,2147.9970000000003,0.0001,0.0008
21.09.2016 07:02:50.435 GMT+0100,2148.53,2147.9829999999997,0.0001,0.0008
21.09.2016 07:02:50.884 GMT+0100,2148.581,2148.019,0.0001,0.0002
21.09.2016 07:02:54.053 GMT+0100,2148.581,2148.098,0.0001,0.0008
21.09.2016 07:02:54.493 GMT+0100,2148.581,2148.112,0.0001,0.0008
21.09.2016 07:02:54.823 GMT+0100,2148.581,2148.124,0.0001,0.0008
21.09.2016 07:02:55.153 GMT+0100,2148.581,2148.113,0.0001,0.0008
21.09.2016 07:02:55.483 GMT+0100,2148.581,2148.111,0.0001,0.0008
21.09.2016 07:02:56.033 GMT+0100,2148.581,2148.114,0.0001,0.0008
21.09.2016 07:02:56.473 GMT+0100,2148.581,2148.1279999999997,0.0001,0.0008
21.09.2016 07:02:56.693 GMT+0100,2148.581,2148.1150000000002,0.0001,0.0008
21.09.2016 07:02:58.096 GMT+0100,2148.6510000000003,2148.1150000000002,0.0001,0.0008
21.09.2016 07:02:59.554 GMT+0100,2148.6510000000003,2148.089,0.0001,0.0002
21.09.2016 07:02:59.699 GMT+0100,2148.531,2148.084,0.0001,0.0008
21.09.2016 07:02:59.772 GMT+0100,2148.531,2148.092,0.0001,0.0008
21.09.2016 07:03:00.323 GMT+0100,2148.531,2147.9970000000003,0.0001,0.0008
21.09.2016 07:03:03.733 GMT+0100,2148.531,2148.016,0.0001,0.0008
21.09.2016 07:03:04.394 GMT+0100,2148.531,2148.012,0.0001,0.0008
21.09.2016 07:03:04.613 GMT+0100,2148.531,2148.014,0.0001,0.0008
21.09.2016 07:03:04.943 GMT+0100,2148.531,2148.01,0.0001,0.0008
21.09.2016 07:03:09.682 GMT+0100,2148.531,2147.969,0.0001,0.0002
21.09.2016 07:03:12.220 GMT+0100,2148.4010000000003,2147.948,0.0001,0.0008
21.09.2016 07:03:13.093 GMT+0100,2148.4010000000003,2147.9570000000003,0.0001,0.0008
21.09.2016 07:03:13.422 GMT+0100,2148.4010000000003,2147.949,0.0001,0.0008
21.09.2016 07:03:14.302 GMT+0100,2148.4010000000003,2147.954,0.0001,0.0008
21.09.2016 07:03:15.224 GMT+0100,2148.58,2148.02,0.0001,0.0002
21.09.2016 07:03:15.733 GMT+0100,2148.58,2148.152,0.0001,0.0008
21.09.2016 07:03:16.000 GMT+0100,2148.58,2148.15,0.0001,0.0008
21.09.2016 07:03:16.282 GMT+0100,2148.58,2148.152,0.0001,0.0008
21.09.2016 07:03:19.033 GMT+0100,2148.58,2148.075,0.0001,0.0008
21.09.2016 07:03:19.473 GMT+0100,2148.58,2148.1,0.0001,0.0008
21.09.2016 07:03:20.022 GMT+0100,2148.58,2148.1079999999997,0.0001,0.0008
21.09.2016 07:03:22.157 GMT+0100,2148.58,2148.118,0.0001,0.0008
21.09.2016 07:03:23.653 GMT+0100,2148.58,2148.0820000000003,0.0001,0.0008
21.09.2016 07:03:24.092 GMT+0100,2148.58,2148.07,0.0001,0.0008
21.09.2016 07:03:24.312 GMT+0100,2148.58,2148.081,0.0001,0.0008
21.09.2016 07:03:24.753 GMT+0100,2148.58,2148.0860000000002,0.0001,0.0008
21.09.2016 07:03:24.941 GMT+0100,2148.6510000000003,2148.089,0.0001,0.0002
21.09.2016 07:03:25.318 GMT+0100,2148.6510000000003,2148.089,0.001,0.0002
21.09.2016 07:03:28.964 GMT+0100,2148.6510000000003,2148.089,0.0001,0.0002
21.09.2016 07:03:29.950 GMT+0100,2148.657,2148.019,0,0.0002
21.09.2016 07:03:30.143 GMT+0100,2148.731,2148.03,0.001,0.0008
21.09.2016 07:03:30.362 GMT+0100,2148.731,2148.074,0.0001,0.0008
21.09.2016 07:03:33.993 GMT+0100,2148.731,2148.08,0.0001,0.0008
21.09.2016 07:03:34.322 GMT+0100,2148.731,2148.096,0.0001,0.0008
21.09.2016 07:03:34.542 GMT+0100,2148.731,2148.089,0.0001,0.0008
21.09.2016 07:03:34.762 GMT+0100,2148.731,2148.094,0.0001,0.0008
21.09.2016 07:03:35.336 GMT+0100,2148.731,2148.0820000000003,0.0001,0.0008
21.09.2016 07:03:36.083 GMT+0100,2148.731,2148.096,0.0001,0.0008
21.09.2016 07:03:39.267 GMT+0100,2148.531,2148.096,0.0001,0.0008
21.09.2016 07:03:39.602 GMT+0100,2148.531,2147.999,0.0001,0.0008
21.09.2016 07:03:39.822 GMT+0100,2148.531,2148.004,0.0001,0.0008
21.09.2016 07:03:40.560 GMT+0100,2148.531,2148.0029999999997,0.0001,0.0008
21.09.2016 07:03:43.783 GMT+0100,2148.531,2147.969,0.0001,0.0002
21.09.2016 07:03:50.285 GMT+0100,2148.4,2147.966,0.0001,0.0008
21.09.2016 07:03:53.133 GMT+0100,2148.4,2147.999,0.0001,0.0008
21.09.2016 07:03:53.683 GMT+0100,2148.4,2148.051,0.0001,0.0008
21.09.2016 07:03:55.112 GMT+0100,2148.4,2148.029,0.0001,0.0008
21.09.2016 07:03:55.376 GMT+0100,2148.4,2148.013,0.0001,0.0008
21.09.2016 07:03:55.496 GMT+0100,2148.73,2148.02,0.001,0.0002
21.09.2016 07:03:55.882 GMT+0100,2148.73,2148.052,0.001,0.0008
21.09.2016 07:03:56.102 GMT+0100,2148.73,2148.058,0.0001,0.0008
21.09.2016 07:03:58.101 GMT+0100,2148.65,2148.09,0.0001,0.0002
21.09.2016 07:03:58.912 GMT+0100,2148.53,2148.058,0.0001,0.0008
21.09.2016 07:03:59.402 GMT+0100,2148.53,2147.992,0.0001,0.0008
21.09.2016 07:03:59.732 GMT+0100,2148.53,2147.987,0.0001,0.0008
21.09.2016 07:04:00.061 GMT+0100,2148.53,2147.981,0.0001,0.0008
21.09.2016 07:04:00.391 GMT+0100,2148.53,2147.979,0.0001,0.0008
21.09.2016 07:04:03.692 GMT+0100,2148.53,2147.982,0.0001,0.0008
21.09.2016 07:04:04.022 GMT+0100,2148.4010000000003,2148.0260000000003,0.0001,0.0008
21.09.2016 07:04:04.571 GMT+0100,2148.4010000000003,2148.02,0.0001,0.0008
21.09.2016 07:04:05.572 GMT+0100,2148.4010000000003,2148.029,0.0001,0.0008
21.09.2016 07:04:06.314 GMT+0100,2148.53,2148.029,0.0001,0.0008
21.09.2016 07:04:06.364 GMT+0100,2148.53,2148.012,0.0001,0.0008
21.09.2016 07:04:06.671 GMT+0100,2148.53,2147.993,0.0001,0.0008
21.09.2016 07:04:08.982 GMT+0100,2148.53,2147.9700000000003,0.0001,0.0002
21.09.2016 07:04:13.825 GMT+0100,2148.281,2147.867,0.0001,0.0008
21.09.2016 07:04:14.032 GMT+0100,2148.481,2147.867,0.0001,0.0008
21.09.2016 07:04:14.082 GMT+0100,2148.481,2147.808,0.001,0.0008
21.09.2016 07:04:14.262 GMT+0100,2148.481,2147.811,0.0001,0.0008
21.09.2016 07:04:14.425 GMT+0100,2148.4010000000003,2147.839,0.0001,0.0002
21.09.2016 07:04:14.726 GMT+0100,2148.48,2147.8120000000004,0.0001,0.0008
21.09.2016 07:04:14.811 GMT+0100,2148.48,2147.862,0.0001,0.0008
21.09.2016 07:04:15.141 GMT+0100,2148.48,2147.893,0.0001,0.0008
21.09.2016 07:04:15.801 GMT+0100,2148.48,2147.868,0.0001,0.0008
21.09.2016 07:04:19.561 GMT+0100,2148.48,2147.8720000000003,0.0001,0.0008
21.09.2016 07:04:19.871 GMT+0100,2148.48,2147.895,0.0001,0.0008
21.09.2016 07:04:20.311 GMT+0100,2148.48,2147.8720000000003,0.0001,0.0008
21.09.2016 07:04:23.722 GMT+0100,2148.48,2147.877,0.0001,0.0008
21.09.2016 07:04:24.161 GMT+0100,2148.48,2147.863,0.0001,0.0008
21.09.2016 07:04:24.491 GMT+0100,2148.48,2147.848,0.0001,0.0008
21.09.2016 07:04:25.921 GMT+0100,2148.48,2147.8450000000003,0.0001,0.0008
21.09.2016 07:04:26.142 GMT+0100,2148.48,2147.908,0.0001,0.0008
21.09.2016 07:04:26.581 GMT+0100,2148.48,2147.8920000000003,0.0001,0.0008
21.09.2016 07:04:26.692 GMT+0100,2148.48,2147.894,0.0001,0.0008
21.09.2016 07:04:28.143 GMT+0100,2148.4010000000003,2147.894,0.0001,0.0008
21.09.2016 07:04:29.331 GMT+0100,2148.4010000000003,2147.936,0.0001,0.0008
21.09.2016 07:04:32.751 GMT+0100,2148.65,2148.09,0.001,0.0002
21.09.2016 07:04:33.621 GMT+0100,2148.65,2148.09,0.0001,0.0002
21.09.2016 07:04:34.754 GMT+0100,2148.676,2148.02,0,0.0002
21.09.2016 07:04:35.051 GMT+0100,2148.73,2148.072,0.0001,0.0008
21.09.2016 07:04:35.455 GMT+0100,2148.531,2148.072,0.0001,0.0008
21.09.2016 07:04:35.711 GMT+0100,2148.531,2147.998,0.0001,0.0008
21.09.2016 07:04:35.973 GMT+0100,2148.531,2147.981,0.0001,0.0008
21.09.2016 07:04:38.965 GMT+0100,2148.4,2147.981,0.0001,0.0008
21.09.2016 07:04:39.060 GMT+0100,2148.531,2147.981,0.0001,0.0008
21.09.2016 07:04:39.231 GMT+0100,2148.531,2147.9970000000003,0.0001,0.0008
21.09.2016 07:04:39.561 GMT+0100,2148.531,2147.991,0.0001,0.0008
21.09.2016 07:04:43.741 GMT+0100,2148.531,2147.988,0.0001,0.0008
21.09.2016 07:04:44.511 GMT+0100,2148.531,2147.994,0.0001,0.0008
21.09.2016 07:04:44.841 GMT+0100,2148.531,2147.98,0.0001,0.0008
21.09.2016 07:04:45.501 GMT+0100,2148.531,2147.969,0.0001,0.0002
21.09.2016 07:04:50.981 GMT+0100,2148.4010000000003,2147.94,0.0001,0.0008
21.09.2016 07:04:53.201 GMT+0100,2148.4010000000003,2147.935,0.0001,0.0008
21.09.2016 07:04:54.081 GMT+0100,2148.4010000000003,2147.94,0.0001,0.0008
21.09.2016 07:04:54.631 GMT+0100,2148.4010000000003,2147.9629999999997,0.0001,0.0008
21.09.2016 07:04:55.291 GMT+0100,2148.4010000000003,2147.968,0.0001,0.0008
21.09.2016 07:04:55.634 GMT+0100,2148.4010000000003,2147.955,0.0001,0.0008
21.09.2016 07:04:58.968 GMT+0100,2148.4010000000003,2147.945,0.0001,0.0008
21.09.2016 07:05:00.897 GMT+0100,2148.6079999999997,2148.02,0,0.0002
21.09.2016 07:05:03.003 GMT+0100,2148.73,2148.096,0.0001,0.0008
21.09.2016 07:05:03.772 GMT+0100,2148.73,2148.106,0.0001,0.0008
21.09.2016 07:05:04.322 GMT+0100,2148.73,2148.094,0.0001,0.0008
21.09.2016 07:05:05.312 GMT+0100,2148.73,2148.109,0.0001,0.0008
21.09.2016 07:05:05.972 GMT+0100,2148.73,2148.1,0.0001,0.0008
21.09.2016 07:05:08.967 GMT+0100,2148.73,2148.1079999999997,0.0001,0.0008
21.09.2016 07:05:09.712 GMT+0100,2148.73,2148.133,0.0001,0.0008
21.09.2016 07:05:10.081 GMT+0100,2148.73,2148.153,0.0001,0.0008
21.09.2016 07:05:10.261 GMT+0100,2148.73,2148.141,0.0001,0.0008
21.09.2016 07:05:11.321 GMT+0100,2148.6510000000003,2148.141,0.0001,0.0008
21.09.2016 07:05:11.522 GMT+0100,2148.824,2148.27,0,0.0002
21.09.2016 07:05:13.672 GMT+0100,2148.98,2148.403,0.0001,0.0008
21.09.2016 07:05:13.892 GMT+0100,2148.98,2148.382,0.0001,0.0008
21.09.2016 07:05:14.112 GMT+0100,2148.98,2148.3520000000003,0.0001,0.0008
21.09.2016 07:05:14.442 GMT+0100,2148.98,2148.357,0.0001,0.0008
21.09.2016 07:05:15.101 GMT+0100,2148.98,2148.359,0.0001,0.0008
21.09.2016 07:05:15.431 GMT+0100,2148.9010000000003,2148.339,0.001,0.0002
21.09.2016 07:05:18.968 GMT+0100,2148.831,2148.339,0,0.0002
21.09.2016 07:05:19.501 GMT+0100,2148.839,2148.339,0,0.0002
21.09.2016 07:05:20.162 GMT+0100,2148.825,2148.339,0,0.0002
21.09.2016 07:05:23.132 GMT+0100,2148.823,2148.339,0,0.0002
21.09.2016 07:05:23.572 GMT+0100,2148.814,2148.339,0,0.0002
21.09.2016 07:05:24.781 GMT+0100,2148.805,2148.339,0,0.0002
21.09.2016 07:05:25.160 GMT+0100,2148.7870000000003,2148.339,0,0.0002
21.09.2016 07:05:25.848 GMT+0100,2148.6510000000003,2148.124,0.0001,0.0008
21.09.2016 07:05:26.212 GMT+0100,2148.6510000000003,2148.1310000000003,0.0001,0.0008
21.09.2016 07:05:26.450 GMT+0100,2148.6510000000003,2148.1220000000003,0.0001,0.0008
21.09.2016 07:05:26.652 GMT+0100,2148.6510000000003,2148.1310000000003,0.0001,0.0008
21.09.2016 07:05:29.621 GMT+0100,2148.6510000000003,2148.145,0.0001,0.0008
21.09.2016 07:05:33.251 GMT+0100,2148.6510000000003,2148.137,0.0001,0.0008
21.09.2016 07:05:34.571 GMT+0100,2148.6510000000003,2148.139,0.0001,0.0008
21.09.2016 07:05:35.011 GMT+0100,2148.6510000000003,2148.134,0.0001,0.0008
21.09.2016 07:05:36.551 GMT+0100,2148.6510000000003,2148.147,0.0001,0.0008
21.09.2016 07:05:39.118 GMT+0100,2148.6510000000003,2148.145,0.0001,0.0008
21.09.2016 07:05:39.521 GMT+0100,2148.6510000000003,2148.133,0.0001,0.0008
21.09.2016 07:05:43.811 GMT+0100,2148.6510000000003,2148.089,0.0001,0.0002
21.09.2016 07:05:45.681 GMT+0100,2148.6510000000003,2148.089,0.001,0.0002
21.09.2016 07:05:46.231 GMT+0100,2148.6510000000003,2148.089,0.0001,0.0002
21.09.2016 07:05:46.561 GMT+0100,2148.6510000000003,2148.089,0.001,0.0002
21.09.2016 07:05:49.809 GMT+0100,2148.4,2147.976,0.0001,0.0008
21.09.2016 07:05:49.971 GMT+0100,2148.4,2148.029,0.0001,0.0008
21.09.2016 07:05:50.301 GMT+0100,2148.4,2148.0820000000003,0.0001,0.0008
21.09.2016 07:05:53.051 GMT+0100,2148.4,2148.0860000000002,0.0001,0.0008
21.09.2016 07:05:55.251 GMT+0100,2148.4,2148.0879999999997,0.0001,0.0008
21.09.2016 07:05:55.691 GMT+0100,2148.4,2148.111,0.0001,0.0008
21.09.2016 07:05:55.921 GMT+0100,2148.4,2148.1020000000003,0.0001,0.0008
21.09.2016 07:05:56.251 GMT+0100,2148.4,2148.117,0.0001,0.0008
21.09.2016 07:05:56.581 GMT+0100,2148.4,2148.1220000000003,0.0001,0.0008
21.09.2016 07:05:59.221 GMT+0100,2148.4,2148.133,0.0001,0.0008
21.09.2016 07:06:00.100 GMT+0100,2148.4,2148.124,0.0001,0.0008
21.09.2016 07:06:02.520 GMT+0100,2148.6510000000003,2148.124,0.0001,0.0008
21.09.2016 07:06:02.961 GMT+0100,2148.6510000000003,2148.149,0.0001,0.0008
21.09.2016 07:06:04.721 GMT+0100,2148.6510000000003,2148.136,0.0001,0.0008
21.09.2016 07:06:04.941 GMT+0100,2148.6510000000003,2148.127,0.0001,0.0008
21.09.2016 07:06:05.822 GMT+0100,2148.6510000000003,2148.1420000000003,0.0001,0.0008
21.09.2016 07:06:06.371 GMT+0100,2148.6510000000003,2148.13,0.0001,0.0008
21.09.2016 07:06:06.921 GMT+0100,2148.6510000000003,2148.139,0.0001,0.0008
21.09.2016 07:06:09.145 GMT+0100,2148.6510000000003,2148.089,0.0001,0.0002
21.09.2016 07:06:10.155 GMT+0100,2148.53,2148.054,0.0001,0.0008
21.09.2016 07:06:10.962 GMT+0100,2148.4,2148.054,0.0001,0.0008
21.09.2016 07:06:13.741 GMT+0100,2148.4,2148.0029999999997,0.0001,0.0008
21.09.2016 07:06:15.390 GMT+0100,2148.4,2147.995,0.0001,0.0008
21.09.2016 07:06:15.721 GMT+0100,2148.4,2148.041,0.0001,0.0008
21.09.2016 07:06:16.270 GMT+0100,2148.4,2148.048,0.0001,0.0008
21.09.2016 07:06:16.466 GMT+0100,2148.73,2148.048,0.001,0.0008
21.09.2016 07:06:16.711 GMT+0100,2148.73,2148.0679999999998,0.0001,0.0008
21.09.2016 07:06:19.240 GMT+0100,2148.73,2148.08,0.0001,0.0008
21.09.2016 07:06:19.460 GMT+0100,2148.73,2148.06,0.0001,0.0008
21.09.2016 07:06:22.101 GMT+0100,2148.731,2148.269,0,0.0002
21.09.2016 07:06:23.641 GMT+0100,2148.981,2148.343,0.0001,0.0008
21.09.2016 07:06:24.520 GMT+0100,2148.981,2148.374,0.0001,0.0008
21.09.2016 07:06:24.740 GMT+0100,2148.981,2148.37,0.0001,0.0008
21.09.2016 07:06:25.400 GMT+0100,2148.981,2148.3650000000002,0.0001,0.0008
21.09.2016 07:06:25.841 GMT+0100,2148.981,2148.36,0.0001,0.0008
21.09.2016 07:06:26.060 GMT+0100,2148.981,2148.368,0.0001,0.0008
21.09.2016 07:06:26.720 GMT+0100,2148.981,2148.3720000000003,0.0001,0.0008
21.09.2016 07:06:28.510 GMT+0100,2148.9,2148.3720000000003,0.0001,0.0008
21.09.2016 07:06:29.031 GMT+0100,2148.9,2148.37,0.0001,0.0008
21.09.2016 07:06:29.251 GMT+0100,2148.79,2148.34,0,0.0002
21.09.2016 07:06:32.619 GMT+0100,2148.6510000000003,2148.119,0.0001,0.0008
21.09.2016 07:06:33.103 GMT+0100,2148.6510000000003,2148.089,0.0001,0.0002
21.09.2016 07:06:35.625 GMT+0100,2148.68,2148.02,0,0.0002
21.09.2016 07:06:35.831 GMT+0100,2148.6510000000003,2148.089,0.0001,0.0002
21.09.2016 07:06:42.938 GMT+0100,2148.4,2148.007,0.0001,0.0008
21.09.2016 07:06:43.111 GMT+0100,2148.4,2148.038,0.0001,0.0008
21.09.2016 07:06:43.440 GMT+0100,2148.4,2148.032,0.0001,0.0008
21.09.2016 07:06:43.660 GMT+0100,2148.4,2148.02,0.0001,0.0008
21.09.2016 07:06:43.880 GMT+0100,2148.4,2148.024,0.0001,0.0008
21.09.2016 07:06:44.247 GMT+0100,2148.4,2148.019,0.0001,0.0008
21.09.2016 07:06:44.987 GMT+0100,2148.4,2148.018,0.0001,0.0008
21.09.2016 07:06:45.420 GMT+0100,2148.4,2148.012,0.0001,0.0008
21.09.2016 07:06:45.750 GMT+0100,2148.53,2147.998,0.0001,0.0008
21.09.2016 07:06:46.300 GMT+0100,2148.53,2147.996,0.0001,0.0008
21.09.2016 07:06:49.820 GMT+0100,2148.53,2147.991,0.0001,0.0008
21.09.2016 07:06:53.780 GMT+0100,2148.53,2147.9700000000003,0.0001,0.0002
21.09.2016 07:06:54.110 GMT+0100,2148.53,2147.989,0.0001,0.0008
21.09.2016 07:06:54.769 GMT+0100,2148.53,2147.9700000000003,0.0001,0.0002
21.09.2016 07:06:55.860 GMT+0100,2148.4010000000003,2147.956,0.0001,0.0008
21.09.2016 07:06:56.090 GMT+0100,2148.4010000000003,2147.954,0.0001,0.0008
21.09.2016 07:06:56.420 GMT+0100,2148.4010000000003,2147.9570000000003,0.0001,0.0008
21.09.2016 07:06:56.860 GMT+0100,2148.4010000000003,2147.9970000000003,0.0001,0.0008
21.09.2016 07:06:57.462 GMT+0100,2148.668,2148.02,0,0.0002
21.09.2016 07:06:58.380 GMT+0100,2148.65,2148.09,0.0001,0.0002
21.09.2016 07:06:59.484 GMT+0100,2148.73,2148.02,0.001,0.001
21.09.2016 07:06:59.940 GMT+0100,2148.73,2148.028,0.001,0.0008
21.09.2016 07:07:00.050 GMT+0100,2148.73,2148.059,0.0001,0.0008
21.09.2016 07:07:00.587 GMT+0100,2148.65,2148.09,0.0001,0.0002
21.09.2016 07:07:02.090 GMT+0100,2148.4,2148.059,0.0001,0.0008
21.09.2016 07:07:03.131 GMT+0100,2148.4,2147.9570000000003,0.0001,0.0008
21.09.2016 07:07:03.893 GMT+0100,2148.58,2148.02,0.0001,0.0002
21.09.2016 07:07:04.120 GMT+0100,2148.58,2148.059,0.0001,0.0008
21.09.2016 07:07:04.450 GMT+0100,2148.58,2148.106,0.0001,0.0008
21.09.2016 07:07:04.779 GMT+0100,2148.58,2148.112,0.0001,0.0008
21.09.2016 07:07:05.824 GMT+0100,2148.58,2148.125,0.0001,0.0008
21.09.2016 07:07:06.760 GMT+0100,2148.58,2148.137,0.0001,0.0008
21.09.2016 07:07:09.604 GMT+0100,2148.6510000000003,2148.137,0.0001,0.0008
21.09.2016 07:07:09.730 GMT+0100,2148.6510000000003,2148.133,0.0001,0.0008
21.09.2016 07:07:10.060 GMT+0100,2148.6510000000003,2148.089,0.0001,0.0002
21.09.2016 07:07:10.307 GMT+0100,2148.679,2148.02,0,0.0002
21.09.2016 07:07:13.690 GMT+0100,2148.73,2148.084,0.0001,0.0008
21.09.2016 07:07:14.680 GMT+0100,2148.73,2148.0820000000003,0.0001,0.0008
21.09.2016 07:07:14.902 GMT+0100,2148.73,2148.1079999999997,0.0001,0.0008
21.09.2016 07:07:15.779 GMT+0100,2148.73,2148.11,0.0001,0.0008
21.09.2016 07:07:16.109 GMT+0100,2148.73,2148.123,0.0001,0.0008
21.09.2016 07:07:16.329 GMT+0100,2148.73,2148.114,0.0001,0.0008
21.09.2016 07:07:16.549 GMT+0100,2148.73,2148.116,0.0001,0.0008
21.09.2016 07:07:16.769 GMT+0100,2148.73,2148.109,0.0001,0.0008
21.09.2016 07:07:18.972 GMT+0100,2148.73,2148.1220000000003,0.0001,0.0008
21.09.2016 07:07:19.189 GMT+0100,2148.73,2148.112,0.0001,0.0008
21.09.2016 07:07:19.520 GMT+0100,2148.73,2148.123,0.0001,0.0008
21.09.2016 07:07:20.069 GMT+0100,2148.73,2148.125,0.0001,0.0008
21.09.2016 07:07:20.627 GMT+0100,2148.65,2148.125,0.0001,0.0008
21.09.2016 07:07:23.816 GMT+0100,2148.65,2148.117,0.0001,0.0008
21.09.2016 07:07:24.029 GMT+0100,2148.65,2148.109,0.0001,0.0008
21.09.2016 07:07:25.679 GMT+0100,2148.65,2148.112,0.0001,0.0008
21.09.2016 07:07:26.121 GMT+0100,2148.65,2148.1150000000002,0.0001,0.0008
21.09.2016 07:07:29.750 GMT+0100,2148.65,2148.118,0.0001,0.0008
21.09.2016 07:07:33.820 GMT+0100,2148.65,2148.13,0.0001,0.0008
21.09.2016 07:07:34.149 GMT+0100,2148.65,2148.135,0.0001,0.0008
21.09.2016 07:07:34.589 GMT+0100,2148.65,2148.107,0.0001,0.0008
21.09.2016 07:07:34.919 GMT+0100,2148.65,2148.105,0.0001,0.0008
21.09.2016 07:07:39.905 GMT+0100,2148.65,2148.1079999999997,0.0001,0.0008
21.09.2016 07:07:40.578 GMT+0100,2148.65,2148.114,0.0001,0.0008
21.09.2016 07:07:42.368 GMT+0100,2148.7870000000003,2148.34,0,0.0002
21.09.2016 07:07:42.970 GMT+0100,2148.7870000000003,2148.269,0,0.0002
21.09.2016 07:07:43.500 GMT+0100,2148.981,2148.373,0.0001,0.0008
21.09.2016 07:07:43.829 GMT+0100,2148.981,2148.376,0.0001,0.0008
21.09.2016 07:07:44.509 GMT+0100,2148.981,2148.393,0.0001,0.0008
21.09.2016 07:07:44.950 GMT+0100,2148.981,2148.4120000000003,0.0001,0.0008
21.09.2016 07:07:46.269 GMT+0100,2148.981,2148.418,0.0001,0.0008
21.09.2016 07:07:46.714 GMT+0100,2148.981,2148.435,0.0001,0.0008
21.09.2016 07:07:49.020 GMT+0100,2148.981,2148.408,0.0001,0.0008
21.09.2016 07:07:49.239 GMT+0100,2148.981,2148.406,0.0001,0.0008
21.09.2016 07:07:49.569 GMT+0100,2148.981,2148.416,0.0001,0.0008
21.09.2016 07:07:52.979 GMT+0100,2148.981,2148.407,0.0001,0.0008
21.09.2016 07:07:53.920 GMT+0100,2148.981,2148.406,0.0001,0.0008
21.09.2016 07:07:54.408 GMT+0100,2148.981,2148.419,0.0001,0.0008
21.09.2016 07:07:54.629 GMT+0100,2148.981,2148.406,0.0001,0.0008
21.09.2016 07:07:55.289 GMT+0100,2148.981,2148.408,0.0001,0.0008
21.09.2016 07:07:55.619 GMT+0100,2148.981,2148.41,0.0001,0.0008
21.09.2016 07:07:56.059 GMT+0100,2148.981,2148.418,0.0001,0.0008
21.09.2016 07:07:56.719 GMT+0100,2148.981,2148.41,0.0001,0.0008
21.09.2016 07:07:59.249 GMT+0100,2148.981,2148.422,0.0001,0.0008
21.09.2016 07:08:00.129 GMT+0100,2148.981,2148.409,0.0001,0.0008
21.09.2016 07:08:01.201 GMT+0100,2148.9010000000003,2148.409,0.0001,0.0008
21.09.2016 07:08:02.989 GMT+0100,2148.9010000000003,2148.403,0.0001,0.0008
21.09.2016 07:08:03.319 GMT+0100,2148.9010000000003,2148.41,0.0001,0.0008
21.09.2016 07:08:03.649 GMT+0100,2148.9010000000003,2148.4139999999998,0.0001,0.0008
21.09.2016 07:08:03.868 GMT+0100,2148.9010000000003,2148.405,0.0001,0.0008
21.09.2016 07:08:04.198 GMT+0100,2148.9010000000003,2148.422,0.0001,0.0008
21.09.2016 07:08:04.529 GMT+0100,2148.9010000000003,2148.429,0.0001,0.0008
21.09.2016 07:08:04.748 GMT+0100,2148.9010000000003,2148.411,0.0001,0.0008
21.09.2016 07:08:05.079 GMT+0100,2148.9010000000003,2148.407,0.0001,0.0008
21.09.2016 07:08:05.298 GMT+0100,2148.9010000000003,2148.402,0.0001,0.0008
21.09.2016 07:08:06.618 GMT+0100,2148.9010000000003,2148.411,0.0001,0.0008
21.09.2016 07:08:09.589 GMT+0100,2148.9010000000003,2148.366,0.0001,0.0008
21.09.2016 07:08:09.919 GMT+0100,2148.9010000000003,2148.339,0.001,0.0002
21.09.2016 07:08:10.139 GMT+0100,2148.9010000000003,2148.339,0,0.0002
21.09.2016 07:08:10.468 GMT+0100,2148.9010000000003,2148.339,0.001,0.0002
21.09.2016 07:08:16.732 GMT+0100,2148.65,2148.203,0.0001,0.0008
21.09.2016 07:08:16.848 GMT+0100,2148.65,2148.2,0.0001,0.0008
21.09.2016 07:08:17.835 GMT+0100,2148.8810000000003,2148.27,0,0.0002
21.09.2016 07:08:18.336 GMT+0100,2148.9,2148.34,0.001,0.0002
21.09.2016 07:08:19.038 GMT+0100,2148.8810000000003,2148.269,0,0.0002
21.09.2016 07:08:19.088 GMT+0100,2148.981,2148.284,0.001,0.0008
21.09.2016 07:08:19.268 GMT+0100,2148.981,2148.3120000000004,0.001,0.0008
21.09.2016 07:08:19.488 GMT+0100,2148.981,2148.329,0.0001,0.0008
21.09.2016 07:08:19.818 GMT+0100,2148.981,2148.322,0.0001,0.0008
21.09.2016 07:08:24.769 GMT+0100,2148.981,2148.367,0.0001,0.0008
21.09.2016 07:08:25.318 GMT+0100,2148.981,2148.35,0.0001,0.0008
21.09.2016 07:08:25.649 GMT+0100,2148.981,2148.342,0.0001,0.0008
21.09.2016 07:08:25.868 GMT+0100,2148.981,2148.33,0.0001,0.0008
21.09.2016 07:08:26.198 GMT+0100,2148.981,2148.353,0.0001,0.0008
21.09.2016 07:08:26.638 GMT+0100,2148.981,2148.346,0.0001,0.0008
21.09.2016 07:08:29.828 GMT+0100,2148.981,2148.361,0.0001,0.0008
21.09.2016 07:08:31.265 GMT+0100,2148.9010000000003,2148.361,0.0001,0.0008
21.09.2016 07:08:33.018 GMT+0100,2148.9010000000003,2148.362,0.0001,0.0008
21.09.2016 07:08:33.678 GMT+0100,2148.9010000000003,2148.402,0.0001,0.0008
21.09.2016 07:08:34.118 GMT+0100,2148.9010000000003,2148.393,0.0001,0.0008
21.09.2016 07:08:34.558 GMT+0100,2148.9010000000003,2148.377,0.0001,0.0008
21.09.2016 07:08:34.889 GMT+0100,2148.9010000000003,2148.382,0.0001,0.0008
21.09.2016 07:08:35.108 GMT+0100,2148.9010000000003,2148.3720000000003,0.0001,0.0008
21.09.2016 07:08:35.328 GMT+0100,2148.9010000000003,2148.406,0.0001,0.0008
21.09.2016 07:08:36.978 GMT+0100,2148.9010000000003,2148.405,0.0001,0.0008
21.09.2016 07:08:39.068 GMT+0100,2148.9010000000003,2148.402,0.0001,0.0008
21.09.2016 07:08:39.508 GMT+0100,2148.9010000000003,2148.4,0.0001,0.0008
21.09.2016 07:08:39.838 GMT+0100,2148.9010000000003,2148.405,0.0001,0.0008
21.09.2016 07:08:44.019 GMT+0100,2148.9010000000003,2148.399,0.0001,0.0008
21.09.2016 07:08:44.238 GMT+0100,2148.9010000000003,2148.402,0.0001,0.0008
21.09.2016 07:08:45.448 GMT+0100,2148.9010000000003,2148.406,0.0001,0.0008
21.09.2016 07:08:46.218 GMT+0100,2148.9010000000003,2148.405,0.0001,0.0008
21.09.2016 07:08:46.438 GMT+0100,2148.9010000000003,2148.391,0.0001,0.0008
21.09.2016 07:08:48.859 GMT+0100,2148.9010000000003,2148.411,0.0001,0.0008
21.09.2016 07:08:53.258 GMT+0100,2148.9010000000003,2148.406,0.0001,0.0008
21.09.2016 07:08:53.807 GMT+0100,2148.9010000000003,2148.4120000000003,0.0001,0.0008
21.09.2016 07:08:59.318 GMT+0100,2148.9010000000003,2148.416,0.0001,0.0008
21.09.2016 07:08:59.647 GMT+0100,2148.9010000000003,2148.41,0.0001,0.0008
21.09.2016 07:09:03.388 GMT+0100,2148.9010000000003,2148.386,0.0001,0.0008
21.09.2016 07:09:04.048 GMT+0100,2148.9010000000003,2148.395,0.0001,0.0008
21.09.2016 07:09:05.258 GMT+0100,2148.9010000000003,2148.403,0.0001,0.0008
21.09.2016 07:09:05.697 GMT+0100,2148.9010000000003,2148.4139999999998,0.0001,0.0008
21.09.2016 07:09:06.137 GMT+0100,2148.9010000000003,2148.4170000000004,0.0001,0.0008
21.09.2016 07:09:06.710 GMT+0100,2148.9010000000003,2148.425,0.0001,0.0008
21.09.2016 07:09:09.988 GMT+0100,2148.9010000000003,2148.407,0.0001,0.0008
21.09.2016 07:09:13.971 GMT+0100,2148.9010000000003,2148.402,0.0001,0.0008
21.09.2016 07:09:14.498 GMT+0100,2148.9010000000003,2148.403,0.0001,0.0008
21.09.2016 07:09:14.717 GMT+0100,2148.9010000000003,2148.408,0.0001,0.0008
21.09.2016 07:09:15.268 GMT+0100,2148.9010000000003,2148.406,0.0001,0.0008
21.09.2016 07:09:15.597 GMT+0100,2148.9010000000003,2148.368,0.0001,0.0008
21.09.2016 07:09:16.697 GMT+0100,2148.9010000000003,2148.3650000000002,0.0001,0.0008
21.09.2016 07:09:17.149 GMT+0100,2148.781,2148.3650000000002,0.0001,0.0008
21.09.2016 07:09:19.887 GMT+0100,2148.781,2148.236,0.0001,0.0008
21.09.2016 07:09:20.107 GMT+0100,2148.781,2148.225,0.0001,0.0008
21.09.2016 07:09:22.968 GMT+0100,2148.781,2148.229,0.0001,0.0008
21.09.2016 07:09:23.298 GMT+0100,2148.781,2148.226,0.0001,0.0008
21.09.2016 07:09:24.177 GMT+0100,2148.781,2148.2400000000002,0.0001,0.0008
21.09.2016 07:09:24.727 GMT+0100,2148.781,2148.239,0.0001,0.0008
21.09.2016 07:09:24.947 GMT+0100,2148.781,2148.219,0.0001,0.0002
21.09.2016 07:09:29.083 GMT+0100,2148.6510000000003,2148.149,0.0001,0.0008
21.09.2016 07:09:30.007 GMT+0100,2148.6510000000003,2148.118,0.0001,0.0008
21.09.2016 07:09:30.227 GMT+0100,2148.6510000000003,2148.129,0.0001,0.0008
21.09.2016 07:09:33.417 GMT+0100,2148.6510000000003,2148.089,0.0001,0.0002
21.09.2016 07:09:40.027 GMT+0100,2148.6510000000003,2148.09,0.0001,0.0008
21.09.2016 07:09:40.357 GMT+0100,2148.6510000000003,2148.1020000000003,0.0001,0.0008
21.09.2016 07:09:43.877 GMT+0100,2148.6510000000003,2148.098,0.0001,0.0008
21.09.2016 07:09:44.097 GMT+0100,2148.6510000000003,2148.0950000000003,0.0001,0.0008
21.09.2016 07:09:44.867 GMT+0100,2148.6510000000003,2148.1079999999997,0.0001,0.0008
21.09.2016 07:09:46.407 GMT+0100,2148.6510000000003,2148.106,0.0001,0.0008
21.09.2016 07:09:46.627 GMT+0100,2148.6510000000003,2148.089,0.0001,0.0002
21.09.2016 07:10:09.727 GMT+0100,2148.6510000000003,2148.089,0.001,0.0002
21.09.2016 07:10:14.162 GMT+0100,2148.58,2148.02,0.0001,0.0002
21.09.2016 07:10:14.367 GMT+0100,2148.58,2148.163,0.0001,0.0008
21.09.2016 07:10:14.677 GMT+0100,2148.58,2148.176,0.0001,0.0008
21.09.2016 07:10:14.898 GMT+0100,2148.58,2148.166,0.0001,0.0008
21.09.2016 07:10:15.226 GMT+0100,2148.58,2148.176,0.0001,0.0008
21.09.2016 07:10:15.446 GMT+0100,2148.58,2148.1710000000003,0.0001,0.0008
21.09.2016 07:10:16.657 GMT+0100,2148.58,2148.157,0.0001,0.0008
21.09.2016 07:10:19.737 GMT+0100,2148.58,2148.168,0.0001,0.0008
21.09.2016 07:10:20.176 GMT+0100,2148.58,2148.1929999999998,0.0001,0.0008
21.09.2016 07:10:21.599 GMT+0100,2148.9010000000003,2148.339,0.001,0.0002
21.09.2016 07:10:23.257 GMT+0100,2148.9010000000003,2148.385,0.0001,0.0008
21.09.2016 07:10:23.587 GMT+0100,2148.9010000000003,2148.416,0.0001,0.0008
21.09.2016 07:10:23.921 GMT+0100,2148.9010000000003,2148.418,0.0001,0.0008
21.09.2016 07:10:24.357 GMT+0100,2148.781,2148.239,0.0001,0.0008
21.09.2016 07:10:24.592 GMT+0100,2148.902,2148.269,0,0.0002
21.09.2016 07:10:24.686 GMT+0100,2148.891,2148.269,0,0.0002
21.09.2016 07:10:25.016 GMT+0100,2148.909,2148.269,0,0.0002
21.09.2016 07:10:25.236 GMT+0100,2148.981,2148.302,0.001,0.0008
21.09.2016 07:10:25.294 GMT+0100,2148.9010000000003,2148.339,0.0001,0.0002
21.09.2016 07:10:29.166 GMT+0100,2148.98,2148.306,0.001,0.0008
21.09.2016 07:10:29.526 GMT+0100,2148.98,2148.35,0.0001,0.0008
21.09.2016 07:10:33.402 GMT+0100,2148.98,2148.322,0.0001,0.0008
21.09.2016 07:10:34.256 GMT+0100,2148.98,2148.313,0.0001,0.0008
21.09.2016 07:10:34.509 GMT+0100,2148.9010000000003,2148.339,0.0001,0.0002
21.09.2016 07:10:35.612 GMT+0100,2148.981,2148.302,0.001,0.0008
21.09.2016 07:10:36.016 GMT+0100,2148.981,2148.3520000000003,0.0001,0.0008
21.09.2016 07:10:38.717 GMT+0100,2148.981,2148.351,0.0001,0.0008
21.09.2016 07:10:39.866 GMT+0100,2148.981,2148.367,0.0001,0.0008
21.09.2016 07:10:40.196 GMT+0100,2148.981,2148.359,0.0001,0.0008
21.09.2016 07:10:42.946 GMT+0100,2148.981,2148.356,0.0001,0.0008
21.09.2016 07:10:43.496 GMT+0100,2148.981,2148.359,0.0001,0.0008
21.09.2016 07:10:43.606 GMT+0100,2148.981,2148.35,0.0001,0.0008
21.09.2016 07:10:43.974 GMT+0100,2148.981,2148.3450000000003,0.0001,0.0008
21.09.2016 07:10:44.376 GMT+0100,2148.981,2148.317,0.0001,0.0008
21.09.2016 07:10:44.706 GMT+0100,2148.981,2148.327,0.0001,0.0008
21.09.2016 07:10:46.623 GMT+0100,2148.9010000000003,2148.339,0.0001,0.0002
21.09.2016 07:10:48.526 GMT+0100,2148.65,2148.321,0.0001,0.0008
21.09.2016 07:10:49.436 GMT+0100,2148.65,2148.344,0.0001,0.0008
21.09.2016 07:10:53.616 GMT+0100,2148.65,2148.356,0.0001,0.0008
21.09.2016 07:10:54.385 GMT+0100,2148.65,2148.346,0.0001,0.0008
21.09.2016 07:10:55.046 GMT+0100,2148.65,2148.363,0.0001,0.0008
21.09.2016 07:10:55.737 GMT+0100,2148.9,2148.363,0.0001,0.0008
21.09.2016 07:10:55.926 GMT+0100,2148.9,2148.35,0.0001,0.0008
21.09.2016 07:10:56.256 GMT+0100,2148.9,2148.34,0.0001,0.0002
21.09.2016 07:10:58.643 GMT+0100,2148.981,2148.331,0.0001,0.0008
21.09.2016 07:10:59.006 GMT+0100,2148.981,2148.4410000000003,0.0001,0.0008
21.09.2016 07:10:59.556 GMT+0100,2148.981,2148.4320000000002,0.0001,0.0008
21.09.2016 07:11:03.076 GMT+0100,2148.981,2148.422,0.0001,0.0008
21.09.2016 07:11:03.735 GMT+0100,2148.981,2148.4120000000003,0.0001,0.0008
21.09.2016 07:11:09.466 GMT+0100,2148.981,2148.42,0.0001,0.0008
21.09.2016 07:11:10.060 GMT+0100,2148.9010000000003,2148.42,0.0001,0.0008
21.09.2016 07:11:10.456 GMT+0100,2148.9010000000003,2148.424,0.0001,0.0008
21.09.2016 07:11:11.319 GMT+0100,2148.9010000000003,2148.439,0.0001,0.0008
21.09.2016 07:11:14.086 GMT+0100,2148.9010000000003,2148.425,0.0001,0.0008
21.09.2016 07:11:14.305 GMT+0100,2148.9010000000003,2148.4370000000004,0.0001,0.0008
21.09.2016 07:11:14.745 GMT+0100,2148.9010000000003,2148.426,0.0001,0.0008
21.09.2016 07:11:15.674 GMT+0100,2148.9010000000003,2148.433,0.0001,0.0008
21.09.2016 07:11:19.696 GMT+0100,2148.9010000000003,2148.431,0.0001,0.0008
21.09.2016 07:11:23.215 GMT+0100,2148.9010000000003,2148.4320000000002,0.0001,0.0008
21.09.2016 07:11:25.635 GMT+0100,2148.9010000000003,2148.434,0.0001,0.0008
21.09.2016 07:11:29.155 GMT+0100,2148.9010000000003,2148.444,0.0001,0.0008
21.09.2016 07:11:29.595 GMT+0100,2148.9010000000003,2148.4410000000003,0.0001,0.0008
21.09.2016 07:11:30.035 GMT+0100,2148.9010000000003,2148.433,0.0001,0.0008
21.09.2016 07:11:33.005 GMT+0100,2148.9010000000003,2148.447,0.0001,0.0008
21.09.2016 07:11:33.445 GMT+0100,2148.9010000000003,2148.476,0.0001,0.0008
21.09.2016 07:11:34.115 GMT+0100,2148.9010000000003,2148.4770000000003,0.0001,0.0008
21.09.2016 07:11:34.985 GMT+0100,2148.9010000000003,2148.48,0.0001,0.0008
21.09.2016 07:11:39.825 GMT+0100,2148.9010000000003,2148.467,0.0001,0.0008
21.09.2016 07:11:41.128 GMT+0100,2149.1510000000003,2148.589,0.001,0.0002
21.09.2016 07:11:43.015 GMT+0100,2149.1510000000003,2148.591,0.0001,0.0008
21.09.2016 07:11:43.345 GMT+0100,2149.1510000000003,2148.589,0.0001,0.0002
21.09.2016 07:11:44.885 GMT+0100,2149.1510000000003,2148.593,0.0001,0.0008
21.09.2016 07:11:45.104 GMT+0100,2149.1510000000003,2148.589,0.0001,0.0002
21.09.2016 07:11:45.985 GMT+0100,2149.1510000000003,2148.592,0.0001,0.0008
21.09.2016 07:11:49.064 GMT+0100,2149.1510000000003,2148.606,0.0001,0.0008
21.09.2016 07:11:49.394 GMT+0100,2149.1510000000003,2148.6079999999997,0.0001,0.0008
21.09.2016 07:11:50.055 GMT+0100,2149.1510000000003,2148.607,0.0001,0.0008
21.09.2016 07:11:52.915 GMT+0100,2149.1510000000003,2148.589,0.0001,0.001
21.09.2016 07:11:53.794 GMT+0100,2149.1510000000003,2148.598,0.0001,0.0008
21.09.2016 07:11:54.014 GMT+0100,2149.1510000000003,2148.589,0.0001,0.0002
21.09.2016 07:11:54.675 GMT+0100,2149.1510000000003,2148.596,0.0001,0.0008
21.09.2016 07:11:55.114 GMT+0100,2149.1510000000003,2148.591,0.0001,0.0008
21.09.2016 07:11:56.407 GMT+0100,2149.1510000000003,2148.592,0.0001,0.0008
21.09.2016 07:11:56.462 GMT+0100,2149.1510000000003,2148.603,0.0001,0.0008
21.09.2016 07:11:56.654 GMT+0100,2149.1510000000003,2148.598,0.0001,0.0008
21.09.2016 07:11:58.974 GMT+0100,2149.1510000000003,2148.611,0.0001,0.0008
21.09.2016 07:12:03.254 GMT+0100,2149.1510000000003,2148.604,0.0001,0.0008
21.09.2016 07:12:03.914 GMT+0100,2149.1510000000003,2148.606,0.0001,0.0008
21.09.2016 07:12:04.904 GMT+0100,2149.1510000000003,2148.616,0.0001,0.0008
21.09.2016 07:12:06.004 GMT+0100,2149.1510000000003,2148.612,0.0001,0.0008
21.09.2016 07:12:08.923 GMT+0100,2149.1510000000003,2148.613,0.0001,0.0008
21.09.2016 07:12:08.994 GMT+0100,2149.1510000000003,2148.611,0.0001,0.0008
21.09.2016 07:12:13.485 GMT+0100,2149.1510000000003,2148.6220000000003,0.0001,0.0008
21.09.2016 07:12:14.144 GMT+0100,2149.1510000000003,2148.6150000000002,0.0001,0.0008
21.09.2016 07:12:14.584 GMT+0100,2149.1510000000003,2148.618,0.0001,0.0008
21.09.2016 07:12:15.134 GMT+0100,2149.1510000000003,2148.6079999999997,0.0001,0.0008
21.09.2016 07:12:19.974 GMT+0100,2149.1510000000003,2148.61,0.0001,0.0008
21.09.2016 07:12:23.824 GMT+0100,2149.1510000000003,2148.613,0.0001,0.0008
21.09.2016 07:12:25.804 GMT+0100,2149.1510000000003,2148.6279999999997,0.0001,0.0008
21.09.2016 07:12:26.134 GMT+0100,2149.1510000000003,2148.623,0.0001,0.0008
21.09.2016 07:12:29.434 GMT+0100,2149.1510000000003,2148.6150000000002,0.0001,0.0008
21.09.2016 07:12:29.654 GMT+0100,2149.1510000000003,2148.6279999999997,0.0001,0.0008
21.09.2016 07:12:33.834 GMT+0100,2149.1510000000003,2148.612,0.0001,0.0008
21.09.2016 07:12:36.364 GMT+0100,2149.1510000000003,2148.624,0.0001,0.0008
21.09.2016 07:12:38.926 GMT+0100,2149.1510000000003,2148.623,0.0001,0.0008
21.09.2016 07:12:40.104 GMT+0100,2149.1510000000003,2148.639,0.0001,0.0008
21.09.2016 07:12:40.544 GMT+0100,2149.1510000000003,2148.63,0.0001,0.0008
21.09.2016 07:12:41.498 GMT+0100,2149.303,2148.63,0.001,0.001
21.09.2016 07:12:43.844 GMT+0100,2149.31,2148.637,0.001,0.001
21.09.2016 07:12:44.613 GMT+0100,2149.298,2148.625,0.001,0.001
21.09.2016 07:12:45.824 GMT+0100,2149.308,2148.627,0.001,0.001
21.09.2016 07:12:46.374 GMT+0100,2149.301,2148.6279999999997,0.001,0.001
21.09.2016 07:12:46.924 GMT+0100,2149.315,2148.654,0.001,0.001
21.09.2016 07:12:49.014 GMT+0100,2149.33,2148.647,0.001,0.001
21.09.2016 07:12:49.343 GMT+0100,2149.321,2148.66,0.001,0.001
21.09.2016 07:12:49.563 GMT+0100,2149.321,2148.648,0.001,0.001
21.09.2016 07:12:53.414 GMT+0100,2149.3320000000003,2148.659,0.001,0.001
21.09.2016 07:12:54.954 GMT+0100,2149.3320000000003,2148.661,0.001,0.001
21.09.2016 07:12:55.394 GMT+0100,2149.328,2148.657,0.001,0.001
21.09.2016 07:12:55.944 GMT+0100,2149.324,2148.641,0.001,0.001
21.09.2016 07:12:56.164 GMT+0100,2149.329,2148.656,0.001,0.001
21.09.2016 07:12:56.214 GMT+0100,2149.33,2148.77,0.001,0.0002
21.09.2016 07:12:56.384 GMT+0100,2149.33,2148.918,0.0001,0.0008
21.09.2016 07:12:56.713 GMT+0100,2149.33,2148.927,0.0001,0.0008
21.09.2016 07:12:57.369 GMT+0100,2149.598,2149.02,0,0.0002
21.09.2016 07:12:57.770 GMT+0100,2149.598,2149.089,0,0.0002
21.09.2016 07:12:58.692 GMT+0100,2149.598,2149.02,0,0.0002
21.09.2016 07:12:59.824 GMT+0100,2149.73,2149.0460000000003,0.001,0.0008
21.09.2016 07:13:00.153 GMT+0100,2149.73,2149.055,0.001,0.0008
21.09.2016 07:13:00.495 GMT+0100,2149.65,2149.09,0.0001,0.0002
21.09.2016 07:13:04.005 GMT+0100,2149.65,2149.1910000000003,0.0001,0.0008
21.09.2016 07:13:04.223 GMT+0100,2149.65,2149.179,0.0001,0.0008
21.09.2016 07:13:04.305 GMT+0100,2149.831,2149.269,0.0001,0.0002
21.09.2016 07:13:04.773 GMT+0100,2149.831,2149.348,0.0001,0.0008
21.09.2016 07:13:04.993 GMT+0100,2149.831,2149.356,0.0001,0.0008
21.09.2016 07:13:06.533 GMT+0100,2149.831,2149.357,0.0001,0.0008
21.09.2016 07:13:06.973 GMT+0100,2149.831,2149.36,0.0001,0.0008
21.09.2016 07:13:07.514 GMT+0100,2149.78,2149.36,0.0001,0.0008
21.09.2016 07:13:09.724 GMT+0100,2149.78,2149.2200000000003,0.0001,0.0002
21.09.2016 07:13:19.246 GMT+0100,2149.65,2149.149,0.0001,0.0008
21.09.2016 07:13:19.513 GMT+0100,2149.65,2149.13,0.0001,0.0008
21.09.2016 07:13:19.843 GMT+0100,2149.65,2149.11,0.0001,0.0008
21.09.2016 07:13:20.048 GMT+0100,2149.531,2149.11,0.0001,0.0008
21.09.2016 07:13:20.393 GMT+0100,2149.531,2148.969,0.0001,0.0002
21.09.2016 07:13:25.156 GMT+0100,2149.569,2149.02,0,0.0002
21.09.2016 07:13:25.453 GMT+0100,2149.73,2149.0660000000003,0.0001,0.0008
21.09.2016 07:13:25.893 GMT+0100,2149.73,2149.089,0.0001,0.0008
21.09.2016 07:13:26.333 GMT+0100,2149.73,2149.0950000000003,0.0001,0.0008
21.09.2016 07:13:26.663 GMT+0100,2149.73,2149.097,0.0001,0.0008
21.09.2016 07:13:26.883 GMT+0100,2149.73,2149.085,0.0001,0.0008
21.09.2016 07:13:28.975 GMT+0100,2149.73,2149.0820000000003,0.0001,0.0008
21.09.2016 07:13:29.362 GMT+0100,2149.65,2149.09,0.0001,0.0002
21.09.2016 07:13:30.364 GMT+0100,2149.731,2149.0420000000004,0.001,0.0008
21.09.2016 07:13:31.065 GMT+0100,2149.65,2149.09,0.0001,0.0002
21.09.2016 07:13:37.072 GMT+0100,2149.531,2149.054,0.0001,0.0008
21.09.2016 07:13:39.093 GMT+0100,2149.531,2148.969,0.0001,0.0002
21.09.2016 07:13:56.097 GMT+0100,2149.4010000000003,2148.922,0.0001,0.0008
21.09.2016 07:13:56.362 GMT+0100,2149.4010000000003,2148.944,0.0001,0.0008
21.09.2016 07:13:59.662 GMT+0100,2149.4010000000003,2148.9410000000003,0.0001,0.0008
21.09.2016 07:13:59.992 GMT+0100,2149.4010000000003,2148.955,0.0001,0.0008
21.09.2016 07:14:00.542 GMT+0100,2149.4010000000003,2148.9610000000002,0.0001,0.0008
21.09.2016 07:14:02.907 GMT+0100,2149.6420000000003,2149.02,0,0.0002
21.09.2016 07:14:03.733 GMT+0100,2149.6279999999997,2149.02,0,0.0002
21.09.2016 07:14:04.062 GMT+0100,2149.73,2149.093,0.0001,0.0008
21.09.2016 07:14:04.282 GMT+0100,2149.73,2149.091,0.0001,0.0008
21.09.2016 07:14:05.932 GMT+0100,2149.73,2149.08,0.0001,0.0008
21.09.2016 07:14:07.313 GMT+0100,2149.6510000000003,2149.089,0.0001,0.0002
21.09.2016 07:14:09.122 GMT+0100,2149.6510000000003,2149.089,0.001,0.0002
21.09.2016 07:14:13.193 GMT+0100,2149.6510000000003,2149.089,0.0001,0.0002
21.09.2016 07:14:13.852 GMT+0100,2149.6510000000003,2149.089,0.001,0.0002
21.09.2016 07:14:16.382 GMT+0100,2149.6510000000003,2149.089,0.0001,0.0002
21.09.2016 07:14:16.932 GMT+0100,2149.6510000000003,2149.089,0.001,0.0002
21.09.2016 07:14:20.430 GMT+0100,2149.4010000000003,2148.944,0.0001,0.0008
21.09.2016 07:14:23.753 GMT+0100,2149.4010000000003,2148.9120000000003,0.0001,0.0008
21.09.2016 07:14:24.302 GMT+0100,2149.4010000000003,2148.904,0.0001,0.0008
21.09.2016 07:14:24.412 GMT+0100,2149.4010000000003,2148.869,0.0001,0.0008
21.09.2016 07:14:24.742 GMT+0100,2149.4010000000003,2148.839,0.0001,0.0002
21.09.2016 07:14:33.649 GMT+0100,2149.481,2148.8,0.001,0.0008
21.09.2016 07:14:34.366 GMT+0100,2149.481,2148.801,0.001,0.0008
21.09.2016 07:14:34.435 GMT+0100,2149.481,2148.801,0.0001,0.0008
21.09.2016 07:14:34.651 GMT+0100,2149.281,2148.801,0.0001,0.0008
21.09.2016 07:14:34.862 GMT+0100,2149.281,2148.752,0.0001,0.0008
21.09.2016 07:14:35.052 GMT+0100,2149.1510000000003,2148.752,0.0001,0.0008
21.09.2016 07:14:35.522 GMT+0100,2149.1510000000003,2148.7760000000003,0.0001,0.0008
21.09.2016 07:14:35.742 GMT+0100,2149.1510000000003,2148.763,0.0001,0.0008
21.09.2016 07:14:36.182 GMT+0100,2149.1510000000003,2148.7760000000003,0.0001,0.0008
21.09.2016 07:14:36.951 GMT+0100,2149.1510000000003,2148.77,0.0001,0.0008
21.09.2016 07:14:39.041 GMT+0100,2149.1510000000003,2148.7920000000004,0.0001,0.0008
21.09.2016 07:14:39.701 GMT+0100,2149.1510000000003,2148.7960000000003,0.0001,0.0008
21.09.2016 07:14:42.862 GMT+0100,2149.281,2148.7960000000003,0.0001,0.0008
21.09.2016 07:14:43.812 GMT+0100,2149.281,2148.808,0.0001,0.0008
21.09.2016 07:14:44.142 GMT+0100,2149.281,2148.7470000000003,0.0001,0.0008
21.09.2016 07:14:44.801 GMT+0100,2149.281,2148.746,0.0001,0.0008
21.09.2016 07:14:45.461 GMT+0100,2149.281,2148.748,0.0001,0.0008
21.09.2016 07:14:53.051 GMT+0100,2149.281,2148.746,0.0001,0.0008
21.09.2016 07:14:57.985 GMT+0100,2149.15,2148.746,0.0001,0.0008
21.09.2016 07:14:58.084 GMT+0100,2149.419,2148.769,0,0.0002
21.09.2016 07:14:59.891 GMT+0100,2149.481,2148.861,0.0001,0.0008
21.09.2016 07:15:03.853 GMT+0100,2149.481,2148.889,0.0001,0.0008
21.09.2016 07:15:04.293 GMT+0100,2149.481,2148.88,0.0001,0.0008
21.09.2016 07:15:05.283 GMT+0100,2149.481,2148.879,0.0001,0.0008
21.09.2016 07:15:08.203 GMT+0100,2149.4,2148.879,0.0001,0.0008
21.09.2016 07:15:09.903 GMT+0100,2149.4,2148.86,0.0001,0.0008
21.09.2016 07:15:10.232 GMT+0100,2149.4,2148.874,0.0001,0.0008
21.09.2016 07:15:13.532 GMT+0100,2149.4,2148.88,0.0001,0.0008
21.09.2016 07:15:13.862 GMT+0100,2149.4,2148.868,0.0001,0.0008
21.09.2016 07:15:14.192 GMT+0100,2149.4,2148.876,0.0001,0.0008
21.09.2016 07:15:14.742 GMT+0100,2149.4,2148.8650000000002,0.0001,0.0008
21.09.2016 07:15:14.962 GMT+0100,2149.4,2148.863,0.0001,0.0008
21.09.2016 07:15:15.292 GMT+0100,2149.4,2148.894,0.0001,0.0008
21.09.2016 07:15:15.952 GMT+0100,2149.4,2148.902,0.0001,0.0008
21.09.2016 07:15:19.143 GMT+0100,2149.4,2148.915,0.0001,0.0008
21.09.2016 07:15:20.352 GMT+0100,2149.4,2148.923,0.0001,0.0008
21.09.2016 07:15:23.652 GMT+0100,2149.4,2148.928,0.0001,0.0008
21.09.2016 07:15:24.092 GMT+0100,2149.4,2148.942,0.0001,0.0008
21.09.2016 07:15:24.642 GMT+0100,2149.4,2148.947,0.0001,0.0008
21.09.2016 07:15:24.862 GMT+0100,2149.4,2148.94,0.0001,0.0008
21.09.2016 07:15:25.082 GMT+0100,2149.4,2148.947,0.0001,0.0008
21.09.2016 07:15:25.412 GMT+0100,2149.4,2148.959,0.0001,0.0008
21.09.2016 07:15:26.512 GMT+0100,2149.4,2148.951,0.0001,0.0008
21.09.2016 07:15:29.482 GMT+0100,2149.4,2148.933,0.0001,0.0008
21.09.2016 07:15:29.702 GMT+0100,2149.4,2148.94,0.0001,0.0008
21.09.2016 07:15:33.772 GMT+0100,2149.4,2148.935,0.0001,0.0008
21.09.2016 07:15:36.082 GMT+0100,2149.4,2148.947,0.0001,0.0008
21.09.2016 07:15:38.979 GMT+0100,2149.4,2148.945,0.0001,0.0008
21.09.2016 07:15:39.822 GMT+0100,2149.4,2148.935,0.0001,0.0008
21.09.2016 07:15:43.892 GMT+0100,2149.4,2148.946,0.0001,0.0008
21.09.2016 07:15:53.242 GMT+0100,2149.4,2148.96,0.0001,0.0008
21.09.2016 07:15:54.272 GMT+0100,2149.4,2148.964,0.0001,0.0008
21.09.2016 07:15:59.291 GMT+0100,2149.4,2148.966,0.0001,0.0008
21.09.2016 07:16:03.032 GMT+0100,2149.4,2148.962,0.0001,0.0008
21.09.2016 07:16:04.351 GMT+0100,2149.4,2148.972,0.0001,0.0008
21.09.2016 07:16:05.671 GMT+0100,2149.4,2148.969,0.0001,0.0008
21.09.2016 07:16:06.441 GMT+0100,2149.4,2148.968,0.0001,0.0008
21.09.2016 07:16:08.929 GMT+0100,2149.639,2148.968,0.001,0.001
21.09.2016 07:16:09.852 GMT+0100,2149.64,2148.9570000000003,0.001,0.001
21.09.2016 07:16:13.922 GMT+0100,2149.607,2148.934,0.001,0.001
21.09.2016 07:16:14.251 GMT+0100,2149.6150000000002,2148.942,0.001,0.001
21.09.2016 07:16:19.751 GMT+0100,2149.613,2148.94,0.001,0.001
21.09.2016 07:16:21.146 GMT+0100,2149.281,2148.94,0.0001,0.0008
21.09.2016 07:16:23.052 GMT+0100,2149.281,2148.719,0.0001,0.0002
21.09.2016 07:16:23.491 GMT+0100,2149.281,2148.745,0.0001,0.0008
21.09.2016 07:16:23.929 GMT+0100,2149.281,2148.7470000000003,0.0001,0.0008
21.09.2016 07:16:24.006 GMT+0100,2149.281,2148.736,0.0001,0.0008
21.09.2016 07:16:24.260 GMT+0100,2149.281,2148.7329999999997,0.0001,0.0008
21.09.2016 07:16:24.481 GMT+0100,2149.281,2148.73,0.0001,0.0008
21.09.2016 07:16:24.811 GMT+0100,2149.281,2148.737,0.0001,0.0008
21.09.2016 07:16:25.355 GMT+0100,2149.15,2148.737,0.0001,0.0008
21.09.2016 07:16:25.405 GMT+0100,2149.15,2148.7329999999997,0.0001,0.0008
21.09.2016 07:16:25.581 GMT+0100,2149.15,2148.741,0.0001,0.0008
21.09.2016 07:16:26.131 GMT+0100,2149.15,2148.879,0.0001,0.0008
21.09.2016 07:16:26.681 GMT+0100,2149.15,2148.887,0.0001,0.0008
21.09.2016 07:16:29.775 GMT+0100,2149.15,2148.908,0.0001,0.0008
21.09.2016 07:16:33.061 GMT+0100,2149.15,2148.9429999999998,0.0001,0.0008
21.09.2016 07:16:33.391 GMT+0100,2149.15,2148.948,0.0001,0.0008
21.09.2016 07:16:34.161 GMT+0100,2149.15,2148.951,0.0001,0.0008
21.09.2016 07:16:34.213 GMT+0100,2149.53,2148.9700000000003,0.0001,0.0002
21.09.2016 07:16:34.399 GMT+0100,2149.53,2148.994,0.0001,0.0008
21.09.2016 07:16:34.600 GMT+0100,2149.53,2148.971,0.0001,0.0008
21.09.2016 07:16:34.930 GMT+0100,2149.53,2148.9700000000003,0.0001,0.0002
21.09.2016 07:16:42.085 GMT+0100,2149.1510000000003,2148.92,0.0001,0.0008
21.09.2016 07:16:42.961 GMT+0100,2149.1510000000003,2148.748,0.0001,0.0008
21.09.2016 07:16:43.120 GMT+0100,2149.429,2148.77,0,0.0002
21.09.2016 07:16:43.511 GMT+0100,2149.48,2148.778,0.001,0.0008
21.09.2016 07:16:43.984 GMT+0100,2149.48,2148.851,0.0001,0.0008
21.09.2016 07:16:49.011 GMT+0100,2149.48,2148.8160000000003,0.0001,0.0008
21.09.2016 07:16:49.561 GMT+0100,2149.48,2148.853,0.0001,0.0008
21.09.2016 07:16:49.780 GMT+0100,2149.48,2148.843,0.0001,0.0008
21.09.2016 07:16:53.191 GMT+0100,2149.48,2148.841,0.0001,0.0008
21.09.2016 07:16:53.520 GMT+0100,2149.48,2148.846,0.0001,0.0008
21.09.2016 07:16:53.983 GMT+0100,2149.4,2148.846,0.0001,0.0008
21.09.2016 07:16:55.101 GMT+0100,2149.4,2148.873,0.0001,0.0008
21.09.2016 07:16:55.610 GMT+0100,2149.4,2148.87,0.0001,0.0008
21.09.2016 07:16:55.830 GMT+0100,2149.4,2148.8720000000003,0.0001,0.0008
21.09.2016 07:16:56.160 GMT+0100,2149.4,2148.898,0.0001,0.0008
21.09.2016 07:16:56.380 GMT+0100,2149.4,2148.888,0.0001,0.0008
21.09.2016 07:16:56.820 GMT+0100,2149.4,2148.885,0.0001,0.0008
21.09.2016 07:16:58.920 GMT+0100,2149.4,2148.8650000000002,0.0001,0.0008
21.09.2016 07:17:00.281 GMT+0100,2149.4,2148.863,0.0001,0.0008
21.09.2016 07:17:02.015 GMT+0100,2149.4,2148.864,0.0001,0.0008
21.09.2016 07:17:03.761 GMT+0100,2149.4,2148.857,0.0001,0.0008
21.09.2016 07:17:04.640 GMT+0100,2149.4,2148.844,0.0001,0.0008
21.09.2016 07:17:04.860 GMT+0100,2149.4,2148.859,0.0001,0.0008
21.09.2016 07:17:05.190 GMT+0100,2149.4,2148.84,0.0001,0.0002
21.09.2016 07:17:05.790 GMT+0100,2149.28,2148.813,0.0001,0.0008
21.09.2016 07:17:05.961 GMT+0100,2149.28,2148.7200000000003,0.0001,0.0002
21.09.2016 07:17:06.291 GMT+0100,2149.28,2148.724,0.0001,0.0008
21.09.2016 07:17:06.510 GMT+0100,2149.28,2148.7200000000003,0.0001,0.001
21.09.2016 07:17:06.840 GMT+0100,2149.28,2148.7200000000003,0.0001,0.0002
21.09.2016 07:17:13.880 GMT+0100,2149.28,2148.73,0.0001,0.0008
21.09.2016 07:17:14.760 GMT+0100,2149.28,2148.729,0.0001,0.0008
21.09.2016 07:17:14.870 GMT+0100,2149.28,2148.7200000000003,0.0001,0.0002
21.09.2016 07:17:15.750 GMT+0100,2149.28,2148.73,0.0001,0.0008
21.09.2016 07:17:16.850 GMT+0100,2149.28,2148.7200000000003,0.0001,0.0002
21.09.2016 07:17:19.160 GMT+0100,2149.28,2148.7270000000003,0.0001,0.0008
21.09.2016 07:17:20.040 GMT+0100,2149.28,2148.729,0.0001,0.0008
21.09.2016 07:17:20.260 GMT+0100,2149.28,2148.724,0.0001,0.0008
21.09.2016 07:17:23.560 GMT+0100,2149.28,2148.735,0.0001,0.0008
21.09.2016 07:17:25.089 GMT+0100,2149.406,2148.769,0,0.0002
21.09.2016 07:17:25.650 GMT+0100,2149.42,2148.769,0,0.0002
21.09.2016 07:17:25.870 GMT+0100,2149.481,2148.826,0.0001,0.0008
21.09.2016 07:17:26.090 GMT+0100,2149.481,2148.837,0.0001,0.0008
21.09.2016 07:17:26.420 GMT+0100,2149.481,2148.8179999999998,0.0001,0.0008
21.09.2016 07:17:28.975 GMT+0100,2149.481,2148.788,0.001,0.0008
21.09.2016 07:17:30.596 GMT+0100,2149.281,2148.788,0.0001,0.0008
21.09.2016 07:17:33.789 GMT+0100,2149.281,2148.719,0.0001,0.0002
21.09.2016 07:17:36.170 GMT+0100,2149.38,2148.77,0,0.0002
21.09.2016 07:17:36.429 GMT+0100,2149.48,2148.8720000000003,0.0001,0.0008
21.09.2016 07:17:36.650 GMT+0100,2149.48,2148.856,0.0001,0.0008
21.09.2016 07:17:36.870 GMT+0100,2149.48,2148.859,0.0001,0.0008
21.09.2016 07:17:43.140 GMT+0100,2149.48,2148.819,0.0001,0.0008
21.09.2016 07:17:43.799 GMT+0100,2149.48,2148.8120000000004,0.001,0.0008
21.09.2016 07:17:44.129 GMT+0100,2149.48,2148.814,0.0001,0.0008
21.09.2016 07:17:45.119 GMT+0100,2149.48,2148.813,0.0001,0.0008
21.09.2016 07:17:45.669 GMT+0100,2149.48,2148.834,0.0001,0.0008
21.09.2016 07:17:49.925 GMT+0100,2149.281,2148.834,0.0001,0.0008
21.09.2016 07:17:50.079 GMT+0100,2149.281,2148.75,0.0001,0.0008
21.09.2016 07:17:52.939 GMT+0100,2149.281,2148.739,0.0001,0.0008
21.09.2016 07:17:54.149 GMT+0100,2149.281,2148.745,0.0001,0.0008
21.09.2016 07:17:55.799 GMT+0100,2149.281,2148.743,0.0001,0.0008
21.09.2016 07:17:56.789 GMT+0100,2149.281,2148.719,0.0001,0.001
21.09.2016 07:17:58.990 GMT+0100,2149.281,2148.748,0.0001,0.0008
21.09.2016 07:18:00.641 GMT+0100,2149.1510000000003,2148.748,0.0001,0.0008
21.09.2016 07:18:03.499 GMT+0100,2149.1510000000003,2148.704,0.0001,0.0008
21.09.2016 07:18:06.249 GMT+0100,2149.1510000000003,2148.706,0.0001,0.0008
21.09.2016 07:18:06.579 GMT+0100,2149.1510000000003,2148.66,0.0001,0.0008
21.09.2016 07:18:09.989 GMT+0100,2149.1510000000003,2148.658,0.0001,0.0008
21.09.2016 07:18:13.840 GMT+0100,2149.1510000000003,2148.684,0.0001,0.0008
21.09.2016 07:18:15.489 GMT+0100,2149.1510000000003,2148.673,0.0001,0.0008
21.09.2016 07:18:15.709 GMT+0100,2149.1510000000003,2148.661,0.0001,0.0008
21.09.2016 07:18:16.809 GMT+0100,2149.1510000000003,2148.6510000000003,0.0001,0.0008
21.09.2016 07:18:17.268 GMT+0100,2148.9,2148.6510000000003,0.0001,0.0008
21.09.2016 07:18:18.899 GMT+0100,2148.9,2148.455,0.0001,0.0008
21.09.2016 07:18:19.779 GMT+0100,2148.9,2148.465,0.0001,0.0008
21.09.2016 07:18:20.219 GMT+0100,2148.9,2148.4410000000003,0.0001,0.0008
21.09.2016 07:18:20.438 GMT+0100,2148.9,2148.456,0.0001,0.0008
21.09.2016 07:18:23.849 GMT+0100,2148.9,2148.4139999999998,0.0001,0.0008
21.09.2016 07:18:24.838 GMT+0100,2148.9,2148.426,0.0001,0.0008
21.09.2016 07:18:26.598 GMT+0100,2148.9,2148.464,0.0001,0.0008
21.09.2016 07:18:29.019 GMT+0100,2148.9,2148.44,0.0001,0.0008
21.09.2016 07:18:29.348 GMT+0100,2148.9,2148.426,0.0001,0.0008
21.09.2016 07:18:29.568 GMT+0100,2148.9,2148.433,0.0001,0.0008
21.09.2016 07:18:32.979 GMT+0100,2148.9,2148.447,0.0001,0.0008
21.09.2016 07:18:33.309 GMT+0100,2148.9,2148.423,0.0001,0.0008
21.09.2016 07:18:33.528 GMT+0100,2148.9,2148.42,0.0001,0.0008
21.09.2016 07:18:34.408 GMT+0100,2148.9,2148.424,0.0001,0.0008
21.09.2016 07:18:36.059 GMT+0100,2148.9,2148.411,0.0001,0.0008
21.09.2016 07:18:39.908 GMT+0100,2148.9,2148.4,0.0001,0.0008
21.09.2016 07:18:40.128 GMT+0100,2148.9,2148.435,0.0001,0.0008
21.09.2016 07:18:41.409 GMT+0100,2148.981,2148.435,0.0001,0.0008
21.09.2016 07:18:42.989 GMT+0100,2148.981,2148.354,0.0001,0.0008
21.09.2016 07:18:44.199 GMT+0100,2148.981,2148.356,0.0001,0.0008
21.09.2016 07:18:45.628 GMT+0100,2148.981,2148.341,0.0001,0.0008
21.09.2016 07:18:45.959 GMT+0100,2148.981,2148.334,0.0001,0.0008
21.09.2016 07:18:47.818 GMT+0100,2148.78,2148.334,0.0001,0.0008
21.09.2016 07:18:50.258 GMT+0100,2148.78,2148.2470000000003,0.0001,0.0008
21.09.2016 07:18:53.009 GMT+0100,2148.78,2148.2200000000003,0.0001,0.0002
21.09.2016 07:18:59.633 GMT+0100,2148.6510000000003,2148.204,0.0001,0.0008
21.09.2016 07:18:59.938 GMT+0100,2148.6510000000003,2148.168,0.0001,0.0008
21.09.2016 07:19:00.158 GMT+0100,2148.6510000000003,2148.1639999999998,0.0001,0.0008
21.09.2016 07:19:03.899 GMT+0100,2148.6510000000003,2148.148,0.0001,0.0008
21.09.2016 07:19:05.438 GMT+0100,2148.6510000000003,2148.1639999999998,0.0001,0.0008
21.09.2016 07:19:09.398 GMT+0100,2148.6510000000003,2148.157,0.0001,0.0008
21.09.2016 07:19:13.687 GMT+0100,2148.6510000000003,2148.169,0.0001,0.0008
21.09.2016 07:19:14.018 GMT+0100,2148.6510000000003,2148.176,0.0001,0.0008
21.09.2016 07:19:15.888 GMT+0100,2148.6510000000003,2148.1670000000004,0.0001,0.0008
21.09.2016 07:19:16.988 GMT+0100,2148.6510000000003,2148.17,0.0001,0.0008
21.09.2016 07:19:19.748 GMT+0100,2148.6510000000003,2148.147,0.0001,0.0008
21.09.2016 07:19:22.938 GMT+0100,2148.6510000000003,2148.186,0.0001,0.0008
21.09.2016 07:19:23.703 GMT+0100,2148.847,2148.269,0,0.0002
21.09.2016 07:19:23.753 GMT+0100,2148.877,2148.269,0,0.0002
21.09.2016 07:19:23.928 GMT+0100,2148.981,2148.3160000000003,0.0001,0.0008
21.09.2016 07:19:24.258 GMT+0100,2148.981,2148.311,0.0001,0.0008
21.09.2016 07:19:24.478 GMT+0100,2148.981,2148.309,0.0001,0.0008
21.09.2016 07:19:25.247 GMT+0100,2148.981,2148.328,0.0001,0.0008
21.09.2016 07:19:26.348 GMT+0100,2148.981,2148.315,0.0001,0.0008
21.09.2016 07:19:33.388 GMT+0100,2148.981,2148.348,0.0001,0.0008
21.09.2016 07:19:33.985 GMT+0100,2148.981,2148.3120000000004,0.0001,0.0008
21.09.2016 07:19:34.487 GMT+0100,2148.981,2148.3320000000003,0.0001,0.0008
21.09.2016 07:19:35.478 GMT+0100,2148.981,2148.33,0.0001,0.0008
21.09.2016 07:19:40.758 GMT+0100,2148.981,2148.498,0.0001,0.0008
21.09.2016 07:19:41.087 GMT+0100,2148.981,2148.329,0.0001,0.0008
21.09.2016 07:19:43.397 GMT+0100,2148.981,2148.323,0.0001,0.0008
21.09.2016 07:19:43.984 GMT+0100,2148.981,2148.31,0.0001,0.0008
21.09.2016 07:19:44.277 GMT+0100,2148.981,2148.319,0.001,0.0008
21.09.2016 07:19:44.827 GMT+0100,2148.981,2148.321,0.0001,0.0008
21.09.2016 07:19:45.157 GMT+0100,2148.981,2148.337,0.0001,0.0008
21.09.2016 07:19:54.397 GMT+0100,2148.981,2148.335,0.0001,0.0008
21.09.2016 07:19:59.250 GMT+0100,2148.9,2148.34,0.0001,0.0002
21.09.2016 07:19:59.457 GMT+0100,2148.9,2148.344,0.0001,0.0008
21.09.2016 07:19:59.787 GMT+0100,2148.9,2148.342,0.0001,0.0008
21.09.2016 07:20:02.982 GMT+0100,2148.9,2148.343,0.0001,0.0008
21.09.2016 07:20:03.939 GMT+0100,2148.9,2148.342,0.0001,0.0008
21.09.2016 07:20:06.061 GMT+0100,2148.9,2148.34,0.0001,0.0002
21.09.2016 07:20:12.770 GMT+0100,2148.781,2148.324,0.0001,0.0008
21.09.2016 07:20:13.761 GMT+0100,2148.781,2148.241,0.0001,0.0008
21.09.2016 07:20:14.201 GMT+0100,2148.781,2148.239,0.0001,0.0008
21.09.2016 07:20:14.421 GMT+0100,2148.781,2148.236,0.0001,0.0008
21.09.2016 07:20:14.641 GMT+0100,2148.781,2148.219,0.0001,0.0002
21.09.2016 07:20:15.522 GMT+0100,2148.781,2148.242,0.0001,0.0008
21.09.2016 07:20:17.361 GMT+0100,2148.781,2148.241,0.0001,0.0008
21.09.2016 07:20:19.591 GMT+0100,2148.781,2148.243,0.0001,0.0008
21.09.2016 07:20:20.031 GMT+0100,2148.781,2148.241,0.0001,0.0008
21.09.2016 07:20:20.362 GMT+0100,2148.781,2148.226,0.0001,0.0008
21.09.2016 07:20:23.771 GMT+0100,2148.781,2148.219,0.0001,0.0002
21.09.2016 07:20:25.890 GMT+0100,2148.65,2148.217,0.0001,0.0008
21.09.2016 07:20:26.191 GMT+0100,2148.65,2148.183,0.0001,0.0008
21.09.2016 07:20:29.161 GMT+0100,2148.65,2148.169,0.0001,0.0008
21.09.2016 07:20:29.710 GMT+0100,2148.65,2148.163,0.0001,0.0008
21.09.2016 07:20:30.041 GMT+0100,2148.65,2148.161,0.0001,0.0008
21.09.2016 07:20:30.264 GMT+0100,2148.65,2148.148,0.0001,0.0008
21.09.2016 07:20:33.340 GMT+0100,2148.65,2148.166,0.0001,0.0008
21.09.2016 07:20:33.560 GMT+0100,2148.65,2148.157,0.0001,0.0008
21.09.2016 07:20:34.000 GMT+0100,2148.65,2148.169,0.0001,0.0008
21.09.2016 07:20:36.750 GMT+0100,2148.65,2148.18,0.0001,0.0008
21.09.2016 07:20:39.721 GMT+0100,2148.65,2148.234,0.0001,0.0008
21.09.2016 07:20:40.160 GMT+0100,2148.65,2148.246,0.0001,0.0008
21.09.2016 07:20:43.021 GMT+0100,2148.65,2148.37,0.0001,0.0008
21.09.2016 07:20:43.115 GMT+0100,2148.78,2148.37,0.0001,0.0008
21.09.2016 07:20:43.240 GMT+0100,2148.78,2148.384,0.0001,0.0008
21.09.2016 07:20:43.791 GMT+0100,2148.78,2148.33,0.0001,0.0008
21.09.2016 07:20:44.340 GMT+0100,2148.78,2148.319,0.0001,0.0008
21.09.2016 07:20:44.780 GMT+0100,2148.78,2148.314,0.0001,0.0008
21.09.2016 07:20:45.220 GMT+0100,2148.78,2148.306,0.0001,0.0008
21.09.2016 07:20:45.880 GMT+0100,2148.78,2148.313,0.0001,0.0008
21.09.2016 07:20:46.210 GMT+0100,2148.65,2148.3360000000002,0.0001,0.0008
21.09.2016 07:20:46.870 GMT+0100,2148.65,2148.3320000000003,0.0001,0.0008
21.09.2016 07:20:49.400 GMT+0100,2148.65,2148.33,0.0001,0.0008
21.09.2016 07:20:49.623 GMT+0100,2148.781,2148.33,0.0001,0.0008
21.09.2016 07:20:50.060 GMT+0100,2148.781,2148.315,0.0001,0.0008
21.09.2016 07:20:50.390 GMT+0100,2148.781,2148.327,0.0001,0.0008
21.09.2016 07:20:51.725 GMT+0100,2148.65,2148.327,0.0001,0.0008
21.09.2016 07:20:53.031 GMT+0100,2148.65,2148.32,0.0001,0.0008
21.09.2016 07:20:53.250 GMT+0100,2148.65,2148.337,0.0001,0.0008
21.09.2016 07:20:55.230 GMT+0100,2148.65,2148.321,0.0001,0.0008
21.09.2016 07:20:55.450 GMT+0100,2148.65,2148.3520000000003,0.0001,0.0008
21.09.2016 07:20:55.780 GMT+0100,2148.65,2148.354,0.0001,0.0008
21.09.2016 07:20:56.220 GMT+0100,2148.65,2148.363,0.0001,0.0008
21.09.2016 07:20:56.990 GMT+0100,2148.65,2148.344,0.0001,0.0008
21.09.2016 07:20:59.435 GMT+0100,2148.98,2148.344,0.0001,0.0008
21.09.2016 07:20:59.550 GMT+0100,2148.98,2148.324,0.0001,0.0008
21.09.2016 07:20:59.770 GMT+0100,2148.98,2148.3160000000003,0.0001,0.0008
21.09.2016 07:21:01.438 GMT+0100,2148.78,2148.3160000000003,0.0001,0.0008
21.09.2016 07:21:03.180 GMT+0100,2148.78,2148.288,0.0001,0.0008
21.09.2016 07:21:03.941 GMT+0100,2148.78,2148.2870000000003,0.0001,0.0008
21.09.2016 07:21:04.390 GMT+0100,2148.78,2148.304,0.0001,0.0008
21.09.2016 07:21:06.700 GMT+0100,2148.78,2148.258,0.0001,0.0008
21.09.2016 07:21:09.714 GMT+0100,2148.78,2148.2400000000002,0.0001,0.0008
21.09.2016 07:21:10.330 GMT+0100,2148.78,2148.2670000000003,0.0001,0.0008
21.09.2016 07:21:12.053 GMT+0100,2148.65,2148.2670000000003,0.0001,0.0008
21.09.2016 07:21:13.300 GMT+0100,2148.65,2148.243,0.0001,0.0008
21.09.2016 07:21:14.620 GMT+0100,2148.65,2148.252,0.0001,0.0008
21.09.2016 07:21:15.610 GMT+0100,2148.65,2148.251,0.0001,0.0008
21.09.2016 07:21:15.939 GMT+0100,2148.65,2148.239,0.0001,0.0008
21.09.2016 07:21:16.489 GMT+0100,2148.65,2148.237,0.0001,0.0008
21.09.2016 07:21:18.909 GMT+0100,2148.65,2148.246,0.0001,0.0008
21.09.2016 07:21:19.459 GMT+0100,2148.65,2148.235,0.0001,0.0008
21.09.2016 07:21:19.900 GMT+0100,2148.65,2148.09,0.0001,0.0002
21.09.2016 07:21:32.401 GMT+0100,2148.4,2148.009,0.0001,0.0008
21.09.2016 07:21:33.760 GMT+0100,2148.4,2148.008,0.0001,0.0008
21.09.2016 07:21:35.409 GMT+0100,2148.4,2148.0060000000003,0.0001,0.0008
21.09.2016 07:21:36.179 GMT+0100,2148.4,2148.005,0.0001,0.0008
21.09.2016 07:21:39.700 GMT+0100,2148.4,2147.84,0.001,0.0002
21.09.2016 07:21:40.317 GMT+0100,2148.15,2147.7,0.0001,0.0008
21.09.2016 07:21:40.517 GMT+0100,2148.231,2147.7,0.0001,0.0008
21.09.2016 07:21:43.109 GMT+0100,2148.231,2147.6710000000003,0.0001,0.0008
21.09.2016 07:21:43.457 GMT+0100,2148.231,2147.677,0.0001,0.0008
21.09.2016 07:21:43.823 GMT+0100,2148.1510000000003,2147.677,0.0001,0.0008
21.09.2016 07:21:43.990 GMT+0100,2148.1510000000003,2147.644,0.0001,0.0008
21.09.2016 07:21:44.343 GMT+0100,2148.1510000000003,2147.589,0.0001,0.0002
21.09.2016 07:21:44.525 GMT+0100,2148.231,2147.578,0.0001,0.0008
21.09.2016 07:21:44.869 GMT+0100,2148.231,2147.658,0.0001,0.0008
21.09.2016 07:21:45.419 GMT+0100,2148.231,2147.673,0.0001,0.0008
21.09.2016 07:21:46.519 GMT+0100,2148.231,2147.6639999999998,0.0001,0.0008
21.09.2016 07:21:46.739 GMT+0100,2148.231,2147.67,0.0001,0.0008
21.09.2016 07:21:47.653 GMT+0100,2148.15,2147.67,0.0001,0.0008
21.09.2016 07:21:48.940 GMT+0100,2148.15,2147.59,0.0001,0.0002
21.09.2016 07:21:50.637 GMT+0100,2148.231,2147.561,0.0001,0.0008
21.09.2016 07:21:53.009 GMT+0100,2148.231,2147.634,0.0001,0.0008
21.09.2016 07:21:53.779 GMT+0100,2148.231,2147.625,0.0001,0.0008
21.09.2016 07:21:55.319 GMT+0100,2148.231,2147.6420000000003,0.0001,0.0008
21.09.2016 07:21:55.539 GMT+0100,2148.231,2147.634,0.0001,0.0008
21.09.2016 07:21:55.869 GMT+0100,2148.231,2147.6420000000003,0.0001,0.0008
21.09.2016 07:21:56.199 GMT+0100,2148.231,2147.647,0.0001,0.0008
21.09.2016 07:21:56.749 GMT+0100,2148.231,2147.658,0.0001,0.0008
21.09.2016 07:21:59.169 GMT+0100,2148.231,2147.663,0.0001,0.0008
21.09.2016 07:21:59.939 GMT+0100,2148.231,2147.686,0.0001,0.0008
21.09.2016 07:22:00.269 GMT+0100,2148.231,2147.673,0.0001,0.0008
21.09.2016 07:22:03.020 GMT+0100,2148.231,2147.665,0.0001,0.0008
21.09.2016 07:22:03.753 GMT+0100,2148.15,2147.665,0.0001,0.0008
21.09.2016 07:22:04.009 GMT+0100,2148.15,2147.64,0.0001,0.0008
21.09.2016 07:22:05.988 GMT+0100,2148.15,2147.641,0.0001,0.0008
21.09.2016 07:22:06.759 GMT+0100,2148.15,2147.634,0.0001,0.0008
21.09.2016 07:22:09.738 GMT+0100,2148.15,2147.6310000000003,0.0001,0.0008
21.09.2016 07:22:10.069 GMT+0100,2148.15,2147.644,0.0001,0.0008
21.09.2016 07:22:13.149 GMT+0100,2148.15,2147.6510000000003,0.0001,0.0008
21.09.2016 07:22:14.162 GMT+0100,2148.15,2147.654,0.0001,0.0008
21.09.2016 07:22:14.578 GMT+0100,2148.15,2147.6639999999998,0.0001,0.0008
21.09.2016 07:22:15.568 GMT+0100,2148.15,2147.67,0.0001,0.0008
21.09.2016 07:22:16.338 GMT+0100,2148.15,2147.659,0.0001,0.0008
21.09.2016 07:22:19.968 GMT+0100,2148.15,2147.661,0.0001,0.0008
21.09.2016 07:22:23.818 GMT+0100,2148.15,2147.654,0.0001,0.0008
21.09.2016 07:22:33.168 GMT+0100,2148.15,2147.657,0.0001,0.0008
21.09.2016 07:22:33.981 GMT+0100,2148.15,2147.654,0.0001,0.0008
21.09.2016 07:22:36.028 GMT+0100,2148.15,2147.657,0.0001,0.0008
21.09.2016 07:22:44.718 GMT+0100,2148.15,2147.659,0.0001,0.0008
21.09.2016 07:22:45.504 GMT+0100,2148.23,2147.659,0.0001,0.0008
21.09.2016 07:22:49.008 GMT+0100,2148.23,2147.65,0.0001,0.0008
21.09.2016 07:22:49.668 GMT+0100,2148.23,2147.6620000000003,0.0001,0.0008
21.09.2016 07:22:53.849 GMT+0100,2148.23,2147.669,0.0001,0.0008
21.09.2016 07:22:55.167 GMT+0100,2148.23,2147.681,0.0001,0.0008
21.09.2016 07:22:55.387 GMT+0100,2148.23,2147.659,0.0001,0.0008
21.09.2016 07:22:55.828 GMT+0100,2148.23,2147.657,0.0001,0.0008
21.09.2016 07:22:56.158 GMT+0100,2148.23,2147.672,0.0001,0.0008
21.09.2016 07:23:01.822 GMT+0100,2148.1510000000003,2147.672,0.0001,0.0008
21.09.2016 07:23:03.087 GMT+0100,2148.1510000000003,2147.638,0.0001,0.0008
21.09.2016 07:23:03.858 GMT+0100,2148.1510000000003,2147.589,0.0001,0.0002
21.09.2016 07:23:05.397 GMT+0100,2148.1510000000003,2147.589,0.001,0.0002
21.09.2016 07:23:09.028 GMT+0100,2148.094,2147.589,0,0.0002
21.09.2016 07:23:13.098 GMT+0100,2148.1510000000003,2147.589,0.001,0.0002
21.09.2016 07:23:19.807 GMT+0100,2148.094,2147.589,0,0.0002
21.09.2016 07:23:20.247 GMT+0100,2148.1510000000003,2147.589,0.001,0.0002
21.09.2016 07:23:22.855 GMT+0100,2148.104,2147.519,0,0.0002
21.09.2016 07:23:23.878 GMT+0100,2148.231,2147.652,0.0001,0.0008
21.09.2016 07:23:24.757 GMT+0100,2148.231,2147.663,0.0001,0.0008
21.09.2016 07:23:25.417 GMT+0100,2148.231,2147.6639999999998,0.0001,0.0008
21.09.2016 07:23:29.159 GMT+0100,2148.231,2147.654,0.0001,0.0008
21.09.2016 07:23:29.608 GMT+0100,2148.231,2147.661,0.0001,0.0008
21.09.2016 07:23:30.047 GMT+0100,2148.231,2147.7110000000002,0.0001,0.0008
21.09.2016 07:23:30.707 GMT+0100,2148.231,2147.708,0.0001,0.0008
21.09.2016 07:23:33.237 GMT+0100,2148.231,2147.679,0.0001,0.0008
21.09.2016 07:23:33.457 GMT+0100,2148.231,2147.634,0.0001,0.0008
21.09.2016 07:23:33.787 GMT+0100,2148.231,2147.637,0.0001,0.0008
21.09.2016 07:23:36.648 GMT+0100,2148.231,2147.648,0.0001,0.0008
21.09.2016 07:23:37.822 GMT+0100,2148.1510000000003,2147.648,0.0001,0.0008
21.09.2016 07:23:39.617 GMT+0100,2148.1510000000003,2147.63,0.0001,0.0008
21.09.2016 07:23:43.137 GMT+0100,2148.1510000000003,2147.65,0.0001,0.0008
21.09.2016 07:23:43.688 GMT+0100,2148.1510000000003,2147.653,0.0001,0.0008
21.09.2016 07:23:44.237 GMT+0100,2148.1510000000003,2147.665,0.0001,0.0008
21.09.2016 07:23:44.677 GMT+0100,2148.1510000000003,2147.6820000000002,0.0001,0.0008
21.09.2016 07:23:45.447 GMT+0100,2148.1510000000003,2147.705,0.0001,0.0008
21.09.2016 07:23:49.627 GMT+0100,2148.1510000000003,2147.7,0.0001,0.0008
21.09.2016 07:23:53.037 GMT+0100,2148.1510000000003,2147.698,0.0001,0.0008
21.09.2016 07:23:54.137 GMT+0100,2148.1510000000003,2147.681,0.0001,0.0008
21.09.2016 07:23:54.797 GMT+0100,2148.1510000000003,2147.69,0.0001,0.0008
21.09.2016 07:23:55.677 GMT+0100,2148.1510000000003,2147.7110000000002,0.0001,0.0008
21.09.2016 07:23:55.897 GMT+0100,2148.1510000000003,2147.701,0.0001,0.0008
21.09.2016 07:23:56.117 GMT+0100,2148.1510000000003,2147.665,0.0001,0.0008
21.09.2016 07:23:56.667 GMT+0100,2148.1510000000003,2147.663,0.0001,0.0008
21.09.2016 07:23:57.861 GMT+0100,2148.1510000000003,2147.6639999999998,0.0001,0.0008
21.09.2016 07:24:00.077 GMT+0100,2148.1510000000003,2147.665,0.0001,0.0008
21.09.2016 07:24:04.037 GMT+0100,2148.1510000000003,2147.697,0.0001,0.0008
21.09.2016 07:24:05.686 GMT+0100,2148.1510000000003,2147.709,0.0001,0.0008
21.09.2016 07:24:06.786 GMT+0100,2148.1510000000003,2147.716,0.0001,0.0008
21.09.2016 07:24:09.647 GMT+0100,2148.1510000000003,2147.712,0.0001,0.0008
21.09.2016 07:24:10.416 GMT+0100,2148.1510000000003,2147.704,0.0001,0.0008
21.09.2016 07:24:14.047 GMT+0100,2148.1510000000003,2147.709,0.0001,0.0008
21.09.2016 07:24:14.431 GMT+0100,2148.03,2147.709,0.0001,0.0008
21.09.2016 07:24:14.596 GMT+0100,2148.03,2147.668,0.0001,0.0008
21.09.2016 07:24:14.928 GMT+0100,2148.03,2147.527,0.0001,0.0008
21.09.2016 07:24:15.256 GMT+0100,2148.03,2147.536,0.0001,0.0008
21.09.2016 07:24:15.476 GMT+0100,2148.03,2147.534,0.0001,0.0008
21.09.2016 07:24:15.729 GMT+0100,2148.03,2147.522,0.0001,0.0008
21.09.2016 07:24:16.356 GMT+0100,2148.03,2147.518,0.0001,0.0008
21.09.2016 07:24:16.906 GMT+0100,2148.03,2147.528,0.0001,0.0008
21.09.2016 07:24:19.766 GMT+0100,2148.03,2147.53,0.0001,0.0008
21.09.2016 07:24:20.096 GMT+0100,2148.03,2147.5260000000003,0.0001,0.0008
21.09.2016 07:24:23.046 GMT+0100,2148.031,2147.5260000000003,0.0001,0.0008
21.09.2016 07:24:23.506 GMT+0100,2148.031,2147.556,0.0001,0.0008
21.09.2016 07:24:23.995 GMT+0100,2148.031,2147.558,0.0001,0.0008
21.09.2016 07:24:25.749 GMT+0100,2148.23,2147.558,0.0001,0.0008
21.09.2016 07:24:25.840 GMT+0100,2148.23,2147.555,0.001,0.0008
21.09.2016 07:24:26.146 GMT+0100,2148.23,2147.652,0.0001,0.0008
21.09.2016 07:24:29.226 GMT+0100,2148.23,2147.635,0.0001,0.0008
21.09.2016 07:24:29.676 GMT+0100,2148.23,2147.647,0.0001,0.0008
21.09.2016 07:24:31.360 GMT+0100,2148.1510000000003,2147.647,0.0001,0.0008
21.09.2016 07:24:33.637 GMT+0100,2148.1510000000003,2147.629,0.0001,0.0008
21.09.2016 07:24:35.851 GMT+0100,2148.1510000000003,2147.589,0.0001,0.0002
21.09.2016 07:24:35.965 GMT+0100,2148.031,2147.5860000000002,0.0001,0.0008
21.09.2016 07:24:36.168 GMT+0100,2148.031,2147.598,0.0001,0.0008
21.09.2016 07:24:36.386 GMT+0100,2148.031,2147.58,0.0001,0.0008
21.09.2016 07:24:36.606 GMT+0100,2148.031,2147.569,0.0001,0.0008
21.09.2016 07:24:36.936 GMT+0100,2148.031,2147.535,0.0001,0.0008
21.09.2016 07:24:39.027 GMT+0100,2148.031,2147.536,0.0001,0.0008
21.09.2016 07:24:39.796 GMT+0100,2148.031,2147.533,0.0001,0.0008
21.09.2016 07:24:43.096 GMT+0100,2148.031,2147.532,0.0001,0.0008
21.09.2016 07:24:43.536 GMT+0100,2148.031,2147.5420000000004,0.0001,0.0008
21.09.2016 07:24:44.856 GMT+0100,2148.031,2147.531,0.0001,0.0008
21.09.2016 07:24:45.406 GMT+0100,2148.031,2147.593,0.0001,0.0008
21.09.2016 07:24:46.579 GMT+0100,2147.9010000000003,2147.593,0.0001,0.0008
21.09.2016 07:24:47.959 GMT+0100,2147.9010000000003,2147.597,0.0001,0.0008
21.09.2016 07:24:49.181 GMT+0100,2148.031,2147.597,0.0001,0.0008
21.09.2016 07:24:49.916 GMT+0100,2148.031,2147.59,0.0001,0.0008
21.09.2016 07:24:53.436 GMT+0100,2148.031,2147.569,0.0001,0.0008
21.09.2016 07:24:54.425 GMT+0100,2148.031,2147.581,0.0001,0.0008
21.09.2016 07:25:03.557 GMT+0100,2148.031,2147.593,0.0001,0.0008
21.09.2016 07:25:03.887 GMT+0100,2148.031,2147.5950000000003,0.0001,0.0008
21.09.2016 07:25:03.937 GMT+0100,2148.1510000000003,2147.5950000000003,0.0001,0.0008
21.09.2016 07:25:04.107 GMT+0100,2148.1510000000003,2147.604,0.0001,0.0008
21.09.2016 07:25:04.437 GMT+0100,2148.1510000000003,2147.646,0.0001,0.0008
21.09.2016 07:25:04.657 GMT+0100,2148.1510000000003,2147.633,0.0001,0.0008
21.09.2016 07:25:05.426 GMT+0100,2148.1510000000003,2147.644,0.0001,0.0008
21.09.2016 07:25:06.307 GMT+0100,2148.1510000000003,2147.635,0.0001,0.0008
21.09.2016 07:25:08.000 GMT+0100,2148.1510000000003,2147.636,0.0001,0.0008
21.09.2016 07:25:10.047 GMT+0100,2148.1510000000003,2147.624,0.0001,0.0008
21.09.2016 07:25:12.407 GMT+0100,2147.9010000000003,2147.624,0.0001,0.0008
21.09.2016 07:25:13.126 GMT+0100,2147.9010000000003,2147.587,0.0001,0.0008
21.09.2016 07:25:13.676 GMT+0100,2147.9010000000003,2147.573,0.0001,0.0008
21.09.2016 07:25:15.657 GMT+0100,2147.9010000000003,2147.592,0.0001,0.0008
21.09.2016 07:25:16.097 GMT+0100,2147.9010000000003,2147.5860000000002,0.0001,0.0008
21.09.2016 07:25:16.316 GMT+0100,2147.9010000000003,2147.5950000000003,0.0001,0.0008
21.09.2016 07:25:18.113 GMT+0100,2148.03,2147.5950000000003,0.0001,0.0008
21.09.2016 07:25:18.996 GMT+0100,2148.03,2147.65,0.0001,0.0008
21.09.2016 07:25:19.296 GMT+0100,2148.03,2147.625,0.0001,0.0008
21.09.2016 07:25:19.516 GMT+0100,2148.03,2147.6420000000003,0.0001,0.0008
21.09.2016 07:25:20.066 GMT+0100,2148.03,2147.653,0.0001,0.0008
21.09.2016 07:25:23.081 GMT+0100,2148.03,2147.685,0.0001,0.0008
21.09.2016 07:25:28.825 GMT+0100,2148.1510000000003,2147.685,0.0001,0.0008
21.09.2016 07:25:29.526 GMT+0100,2148.1510000000003,2147.641,0.0001,0.0008
21.09.2016 07:25:29.827 GMT+0100,2148.031,2147.641,0.0001,0.0008
21.09.2016 07:25:30.076 GMT+0100,2148.031,2147.621,0.0001,0.0008
21.09.2016 07:25:30.296 GMT+0100,2148.031,2147.584,0.0001,0.0008
21.09.2016 07:25:30.516 GMT+0100,2148.031,2147.5950000000003,0.0001,0.0008
21.09.2016 07:25:33.487 GMT+0100,2148.031,2147.567,0.0001,0.0008
21.09.2016 07:25:33.927 GMT+0100,2148.031,2147.575,0.0001,0.0008
21.09.2016 07:25:35.466 GMT+0100,2148.031,2147.583,0.0001,0.0008
21.09.2016 07:25:36.604 GMT+0100,2148.031,2147.5820000000003,0.0001,0.0008
21.09.2016 07:25:40.115 GMT+0100,2148.031,2147.5660000000003,0.0001,0.0008
21.09.2016 07:25:42.342 GMT+0100,2147.9,2147.5660000000003,0.0001,0.0008
21.09.2016 07:25:43.496 GMT+0100,2147.9,2147.5950000000003,0.0001,0.0008
21.09.2016 07:25:44.706 GMT+0100,2147.9,2147.584,0.0001,0.0008
21.09.2016 07:25:48.996 GMT+0100,2147.9,2147.571,0.0001,0.0008
21.09.2016 07:25:53.966 GMT+0100,2147.9,2147.573,0.0001,0.0008
21.09.2016 07:25:59.886 GMT+0100,2147.9,2147.604,0.0001,0.0008
21.09.2016 07:26:01.464 GMT+0100,2148.23,2147.604,0.0001,0.0008
21.09.2016 07:26:01.564 GMT+0100,2148.15,2147.604,0.0001,0.0008
21.09.2016 07:26:02.967 GMT+0100,2148.23,2147.604,0.0001,0.0008
21.09.2016 07:26:03.068 GMT+0100,2148.1510000000003,2147.604,0.0001,0.0008
21.09.2016 07:26:03.846 GMT+0100,2148.03,2147.5820000000003,0.0001,0.0008
21.09.2016 07:26:06.266 GMT+0100,2148.03,2147.596,0.0001,0.0008
21.09.2016 07:26:09.566 GMT+0100,2148.03,2147.59,0.0001,0.0008
21.09.2016 07:26:09.785 GMT+0100,2148.03,2147.603,0.0001,0.0008
21.09.2016 07:26:10.379 GMT+0100,2147.9010000000003,2147.603,0.0001,0.0008
21.09.2016 07:26:12.822 GMT+0100,2148.031,2147.603,0.0001,0.0008
21.09.2016 07:26:13.086 GMT+0100,2148.031,2147.613,0.0001,0.0008
21.09.2016 07:26:13.416 GMT+0100,2148.031,2147.577,0.0001,0.0008
21.09.2016 07:26:13.635 GMT+0100,2148.031,2147.5860000000002,0.0001,0.0008
21.09.2016 07:26:14.086 GMT+0100,2148.15,2147.59,0.0001,0.0002
21.09.2016 07:26:14.296 GMT+0100,2148.15,2147.6420000000003,0.0001,0.0008
21.09.2016 07:26:14.626 GMT+0100,2148.15,2147.62,0.0001,0.0008
21.09.2016 07:26:14.846 GMT+0100,2148.15,2147.6220000000003,0.0001,0.0008
21.09.2016 07:26:16.789 GMT+0100,2147.9,2147.6220000000003,0.0001,0.0008
21.09.2016 07:26:16.990 GMT+0100,2148.03,2147.6220000000003,0.0001,0.0008
21.09.2016 07:26:17.291 GMT+0100,2148.23,2147.6220000000003,0.0001,0.0008
21.09.2016 07:26:17.391 GMT+0100,2148.15,2147.6220000000003,0.0001,0.0008
21.09.2016 07:26:18.915 GMT+0100,2148.15,2147.621,0.0001,0.0008
21.09.2016 07:26:19.465 GMT+0100,2148.15,2147.617,0.0001,0.0008
21.09.2016 07:26:23.426 GMT+0100,2148.15,2147.61,0.0001,0.0008
21.09.2016 07:26:25.956 GMT+0100,2148.15,2147.604,0.0001,0.0008
21.09.2016 07:26:26.285 GMT+0100,2148.15,2147.609,0.0001,0.0008
21.09.2016 07:26:26.945 GMT+0100,2148.15,2147.598,0.0001,0.0008
21.09.2016 07:26:29.105 GMT+0100,2148.23,2147.598,0.0001,0.0008
21.09.2016 07:26:29.156 GMT+0100,2148.23,2147.607,0.0001,0.0008
21.09.2016 07:26:29.695 GMT+0100,2148.23,2147.634,0.0001,0.0008
21.09.2016 07:26:30.255 GMT+0100,2148.23,2147.654,0.0001,0.0008
21.09.2016 07:26:33.005 GMT+0100,2148.23,2147.657,0.0001,0.0008
21.09.2016 07:26:33.335 GMT+0100,2148.23,2147.692,0.0001,0.0008
21.09.2016 07:26:34.105 GMT+0100,2148.23,2147.695,0.0001,0.0008
21.09.2016 07:26:39.716 GMT+0100,2148.23,2147.715,0.0001,0.0008
21.09.2016 07:26:43.015 GMT+0100,2148.23,2147.716,0.0001,0.0008
21.09.2016 07:26:44.885 GMT+0100,2148.23,2147.712,0.0001,0.0008
21.09.2016 07:26:45.215 GMT+0100,2148.23,2147.702,0.0001,0.0008
21.09.2016 07:26:45.435 GMT+0100,2148.23,2147.7110000000002,0.0001,0.0008
21.09.2016 07:26:46.205 GMT+0100,2148.23,2147.722,0.0001,0.0008
21.09.2016 07:26:46.931 GMT+0100,2148.15,2147.722,0.0001,0.0008
21.09.2016 07:26:49.000 GMT+0100,2148.15,2147.7270000000003,0.0001,0.0008
21.09.2016 07:26:53.943 GMT+0100,2148.15,2147.729,0.0001,0.0008
21.09.2016 07:26:54.785 GMT+0100,2148.15,2147.728,0.0001,0.0008
21.09.2016 07:26:59.075 GMT+0100,2148.15,2147.718,0.0001,0.0008
21.09.2016 07:27:03.035 GMT+0100,2148.15,2147.706,0.0001,0.0008
21.09.2016 07:27:03.585 GMT+0100,2148.15,2147.715,0.0001,0.0008
21.09.2016 07:27:04.684 GMT+0100,2148.15,2147.706,0.0001,0.0008
21.09.2016 07:27:05.455 GMT+0100,2148.15,2147.715,0.0001,0.0008
21.09.2016 07:27:09.085 GMT+0100,2148.15,2147.69,0.0001,0.0008
21.09.2016 07:27:09.306 GMT+0100,2148.15,2147.701,0.0001,0.0008
21.09.2016 07:27:10.063 GMT+0100,2147.9010000000003,2147.701,0.0001,0.0008
21.09.2016 07:27:11.867 GMT+0100,2148.15,2147.701,0.0001,0.0008
21.09.2016 07:27:12.069 GMT+0100,2148.231,2147.701,0.0001,0.0008
21.09.2016 07:27:14.155 GMT+0100,2148.231,2147.6420000000003,0.0001,0.0008
21.09.2016 07:27:16.134 GMT+0100,2148.231,2147.626,0.0001,0.0008
21.09.2016 07:27:16.185 GMT+0100,2148.1510000000003,2147.626,0.0001,0.0008
21.09.2016 07:27:16.464 GMT+0100,2148.1510000000003,2147.62,0.0001,0.0008
21.09.2016 07:27:16.684 GMT+0100,2148.1510000000003,2147.589,0.0001,0.0002
21.09.2016 07:27:31.597 GMT+0100,2147.9,2147.5389999999998,0.0001,0.0008
21.09.2016 07:27:32.990 GMT+0100,2147.9,2147.56,0.0001,0.0008
21.09.2016 07:27:33.514 GMT+0100,2147.9,2147.552,0.0001,0.0008
21.09.2016 07:27:33.844 GMT+0100,2147.9,2147.54,0.0001,0.0008
21.09.2016 07:27:34.504 GMT+0100,2147.9,2147.538,0.0001,0.0008
21.09.2016 07:27:34.724 GMT+0100,2147.9,2147.54,0.0001,0.0008
21.09.2016 07:27:38.298 GMT+0100,2147.9,2147.552,0.0001,0.0008
21.09.2016 07:27:40.004 GMT+0100,2147.9,2147.55,0.0001,0.0008
21.09.2016 07:27:43.744 GMT+0100,2147.9,2147.54,0.0001,0.0008
21.09.2016 07:27:44.074 GMT+0100,2147.9,2147.554,0.0001,0.0008
21.09.2016 07:27:49.134 GMT+0100,2147.9,2147.548,0.0001,0.0008
21.09.2016 07:27:53.864 GMT+0100,2147.9,2147.543,0.0001,0.0008
21.09.2016 07:27:54.303 GMT+0100,2147.9,2147.5370000000003,0.0001,0.0008
21.09.2016 07:27:55.074 GMT+0100,2147.9,2147.592,0.0001,0.0008
21.09.2016 07:27:55.404 GMT+0100,2147.9,2147.575,0.0001,0.0008
21.09.2016 07:27:58.923 GMT+0100,2147.9,2147.5860000000002,0.0001,0.0008
21.09.2016 07:27:59.253 GMT+0100,2147.9,2147.575,0.0001,0.0008
21.09.2016 07:27:59.613 GMT+0100,2147.9,2147.545,0.0001,0.0008
21.09.2016 07:28:03.764 GMT+0100,2147.9,2147.54,0.0001,0.0008
21.09.2016 07:28:04.423 GMT+0100,2147.9,2147.564,0.0001,0.0008
21.09.2016 07:28:06.073 GMT+0100,2147.9,2147.572,0.0001,0.0008
21.09.2016 07:28:09.704 GMT+0100,2147.9,2147.555,0.0001,0.0008
21.09.2016 07:28:09.923 GMT+0100,2147.9,2147.553,0.0001,0.0008
21.09.2016 07:28:10.144 GMT+0100,2147.9,2147.551,0.0001,0.0008
21.09.2016 07:28:13.003 GMT+0100,2147.9,2147.534,0.0001,0.0008
21.09.2016 07:28:13.998 GMT+0100,2147.9,2147.527,0.0001,0.0008
21.09.2016 07:28:15.093 GMT+0100,2147.9,2147.528,0.0001,0.0008
21.09.2016 07:28:15.973 GMT+0100,2147.9,2147.5420000000004,0.0001,0.0008
21.09.2016 07:28:19.823 GMT+0100,2147.9,2147.533,0.0001,0.0008
21.09.2016 07:28:20.043 GMT+0100,2147.9,2147.579,0.0001,0.0008
21.09.2016 07:28:23.015 GMT+0100,2147.9,2147.573,0.0001,0.0008
21.09.2016 07:28:29.001 GMT+0100,2147.9,2147.668,0.0001,0.0008
21.09.2016 07:28:29.393 GMT+0100,2147.9,2147.6639999999998,0.0001,0.0008
21.09.2016 07:28:29.613 GMT+0100,2147.9,2147.677,0.0001,0.0008
21.09.2016 07:28:30.163 GMT+0100,2147.9,2147.674,0.0001,0.0008
21.09.2016 07:28:32.914 GMT+0100,2148.321,2147.658,0.001,0.001
21.09.2016 07:28:33.948 GMT+0100,2148.322,2147.659,0.001,0.001
21.09.2016 07:28:35.883 GMT+0100,2148.328,2147.657,0.001,0.001
21.09.2016 07:28:36.543 GMT+0100,2148.33,2147.657,0.001,0.001
21.09.2016 07:28:39.000 GMT+0100,2148.3379999999997,2147.657,0.001,0.001
21.09.2016 07:28:40.210 GMT+0100,2148.15,2147.657,0.0001,0.0008
21.09.2016 07:28:43.803 GMT+0100,2148.15,2147.69,0.0001,0.0008
21.09.2016 07:28:44.243 GMT+0100,2148.15,2147.702,0.0001,0.0008
21.09.2016 07:28:45.783 GMT+0100,2148.15,2147.697,0.0001,0.0008
21.09.2016 07:28:49.303 GMT+0100,2148.15,2147.685,0.0001,0.0008
21.09.2016 07:28:49.522 GMT+0100,2148.15,2147.697,0.0001,0.0008
21.09.2016 07:28:53.593 GMT+0100,2148.15,2147.683,0.0001,0.0008
21.09.2016 07:28:57.914 GMT+0100,2148.03,2147.683,0.0001,0.0008
21.09.2016 07:28:58.316 GMT+0100,2147.9,2147.683,0.0001,0.0008
21.09.2016 07:28:59.092 GMT+0100,2147.9,2147.632,0.0001,0.0008
21.09.2016 07:29:00.518 GMT+0100,2148.031,2147.632,0.0001,0.0008
21.09.2016 07:29:03.743 GMT+0100,2148.031,2147.552,0.0001,0.0008
21.09.2016 07:29:04.292 GMT+0100,2148.031,2147.561,0.0001,0.0008
21.09.2016 07:29:09.792 GMT+0100,2148.031,2147.551,0.0001,0.0008
21.09.2016 07:29:11.238 GMT+0100,2147.9010000000003,2147.551,0.0001,0.0008
21.09.2016 07:29:12.983 GMT+0100,2147.9010000000003,2147.494,0.0001,0.0008
21.09.2016 07:29:13.863 GMT+0100,2147.9010000000003,2147.4900000000002,0.0001,0.0008
21.09.2016 07:29:14.632 GMT+0100,2147.9010000000003,2147.508,0.0001,0.0008
21.09.2016 07:29:15.512 GMT+0100,2147.9010000000003,2147.509,0.0001,0.0008
21.09.2016 07:29:15.842 GMT+0100,2147.9010000000003,2147.5170000000003,0.0001,0.0008
21.09.2016 07:29:19.142 GMT+0100,2147.9010000000003,2147.541,0.0001,0.0008
21.09.2016 07:29:24.005 GMT+0100,2147.9010000000003,2147.554,0.0001,0.0008
21.09.2016 07:29:24.532 GMT+0100,2147.9010000000003,2147.556,0.0001,0.0008
21.09.2016 07:29:26.292 GMT+0100,2147.9010000000003,2147.544,0.0001,0.0008
21.09.2016 07:29:26.622 GMT+0100,2147.9010000000003,2147.549,0.0001,0.0008
21.09.2016 07:29:26.842 GMT+0100,2147.9010000000003,2147.547,0.0001,0.0008
21.09.2016 07:29:30.142 GMT+0100,2147.9010000000003,2147.561,0.0001,0.0008
21.09.2016 07:29:33.576 GMT+0100,2147.9010000000003,2147.574,0.0001,0.0008
21.09.2016 07:29:35.862 GMT+0100,2147.9010000000003,2147.573,0.0001,0.0008
21.09.2016 07:29:36.769 GMT+0100,2148.23,2147.573,0.0001,0.0008
21.09.2016 07:29:39.712 GMT+0100,2148.23,2147.646,0.0001,0.0008
21.09.2016 07:29:43.122 GMT+0100,2148.23,2147.634,0.0001,0.0008
21.09.2016 07:29:43.176 GMT+0100,2148.15,2147.634,0.0001,0.0008
21.09.2016 07:29:43.546 GMT+0100,2147.9,2147.609,0.0001,0.0008
21.09.2016 07:29:43.892 GMT+0100,2147.9,2147.563,0.0001,0.0008
21.09.2016 07:29:44.112 GMT+0100,2147.9,2147.534,0.0001,0.0008
21.09.2016 07:29:44.442 GMT+0100,2147.9,2147.5679999999998,0.0001,0.0008
21.09.2016 07:29:46.092 GMT+0100,2147.9,2147.554,0.0001,0.0008
21.09.2016 07:29:46.421 GMT+0100,2147.9,2147.56,0.0001,0.0008
21.09.2016 07:29:48.885 GMT+0100,2148.08,2147.56,0.0001,0.0008
21.09.2016 07:29:49.486 GMT+0100,2148.03,2147.56,0.0001,0.0008
21.09.2016 07:29:49.831 GMT+0100,2148.03,2147.5620000000004,0.0001,0.0008
21.09.2016 07:30:01.101 GMT+0100,2147.9010000000003,2147.5620000000004,0.0001,0.0008
21.09.2016 07:30:03.261 GMT+0100,2147.9010000000003,2147.499,0.0001,0.0008
21.09.2016 07:30:03.480 GMT+0100,2147.9010000000003,2147.4900000000002,0.0001,0.0008
21.09.2016 07:30:04.911 GMT+0100,2147.9010000000003,2147.499,0.0001,0.0008
21.09.2016 07:30:05.240 GMT+0100,2147.9010000000003,2147.485,0.0001,0.0008
21.09.2016 07:30:05.570 GMT+0100,2147.9010000000003,2147.482,0.0001,0.0008
21.09.2016 07:30:07.410 GMT+0100,2147.66,2147.482,0.0001,0.0008
21.09.2016 07:30:09.005 GMT+0100,2147.66,2147.429,0.0001,0.0008
21.09.2016 07:30:09.310 GMT+0100,2147.66,2147.3379999999997,0.0001,0.0008
21.09.2016 07:30:10.713 GMT+0100,2147.98,2147.3379999999997,0.0001,0.0008
21.09.2016 07:30:13.160 GMT+0100,2147.98,2147.398,0.0001,0.0008
21.09.2016 07:30:14.118 GMT+0100,2148.081,2147.519,0.001,0.0002
21.09.2016 07:30:14.481 GMT+0100,2148.081,2147.668,0.0001,0.0008
21.09.2016 07:30:15.030 GMT+0100,2148.081,2147.702,0.0001,0.0008
21.09.2016 07:30:15.580 GMT+0100,2148.081,2147.706,0.0001,0.0008
21.09.2016 07:30:16.570 GMT+0100,2148.081,2147.695,0.0001,0.0008
21.09.2016 07:30:16.901 GMT+0100,2148.081,2147.701,0.0001,0.0008
21.09.2016 07:30:19.005 GMT+0100,2148.081,2147.703,0.0001,0.0008
21.09.2016 07:30:21.130 GMT+0100,2148.16,2147.703,0.0001,0.0008
21.09.2016 07:30:23.061 GMT+0100,2148.16,2147.6,0.0001,0.0002
21.09.2016 07:30:33.372 GMT+0100,2148.03,2147.576,0.0001,0.0008
21.09.2016 07:30:33.510 GMT+0100,2148.03,2147.627,0.0001,0.0008
21.09.2016 07:30:34.390 GMT+0100,2148.03,2147.619,0.0001,0.0008
21.09.2016 07:30:35.952 GMT+0100,2148.03,2147.626,0.0001,0.0008
21.09.2016 07:30:36.003 GMT+0100,2148.231,2147.626,0.0001,0.0008
21.09.2016 07:30:36.260 GMT+0100,2148.231,2147.658,0.0001,0.0008
21.09.2016 07:30:36.810 GMT+0100,2148.231,2147.661,0.0001,0.0008
21.09.2016 07:30:39.450 GMT+0100,2148.231,2147.6710000000003,0.0001,0.0008
21.09.2016 07:30:42.970 GMT+0100,2148.231,2147.646,0.0001,0.0008
21.09.2016 07:30:43.185 GMT+0100,2147.91,2147.646,0.0001,0.0008
21.09.2016 07:30:43.300 GMT+0100,2147.91,2147.641,0.0001,0.0008
21.09.2016 07:30:43.520 GMT+0100,2147.91,2147.572,0.0001,0.0008
21.09.2016 07:30:44.290 GMT+0100,2147.91,2147.56,0.0001,0.0008
21.09.2016 07:30:45.170 GMT+0100,2147.91,2147.553,0.0001,0.0008
21.09.2016 07:30:45.500 GMT+0100,2147.91,2147.555,0.0001,0.0008
21.09.2016 07:30:45.830 GMT+0100,2147.91,2147.5420000000004,0.0001,0.0008
21.09.2016 07:30:46.820 GMT+0100,2147.91,2147.555,0.0001,0.0008
21.09.2016 07:30:49.019 GMT+0100,2147.91,2147.65,0.0001,0.0008
21.09.2016 07:30:52.005 GMT+0100,2148.16,2147.65,0.0001,0.0008
21.09.2016 07:30:53.407 GMT+0100,2148.031,2147.65,0.0001,0.0008
21.09.2016 07:30:53.530 GMT+0100,2148.031,2147.612,0.0001,0.0008
21.09.2016 07:30:53.750 GMT+0100,2148.031,2147.551,0.0001,0.0008
21.09.2016 07:30:54.079 GMT+0100,2148.031,2147.559,0.0001,0.0008
21.09.2016 07:30:54.850 GMT+0100,2148.031,2147.482,0.0001,0.0008
21.09.2016 07:30:55.070 GMT+0100,2148.031,2147.469,0.0001,0.0002
21.09.2016 07:31:03.423 GMT+0100,2147.911,2147.452,0.0001,0.0008
21.09.2016 07:31:03.754 GMT+0100,2147.911,2147.482,0.0001,0.0008
21.09.2016 07:31:03.929 GMT+0100,2147.911,2147.474,0.0001,0.0008
21.09.2016 07:31:04.260 GMT+0100,2147.911,2147.488,0.0001,0.0008
21.09.2016 07:31:05.579 GMT+0100,2147.911,2147.4900000000002,0.0001,0.0008
21.09.2016 07:31:06.020 GMT+0100,2147.911,2147.501,0.0001,0.0008
21.09.2016 07:31:09.650 GMT+0100,2147.911,2147.5029999999997,0.0001,0.0008
21.09.2016 07:31:15.039 GMT+0100,2147.911,2147.499,0.0001,0.0008
21.09.2016 07:31:15.369 GMT+0100,2147.911,2147.4770000000003,0.0001,0.0008
21.09.2016 07:31:19.008 GMT+0100,2147.911,2147.488,0.0001,0.0008
21.09.2016 07:31:23.619 GMT+0100,2147.911,2147.492,0.0001,0.0008
21.09.2016 07:31:24.500 GMT+0100,2147.911,2147.4829999999997,0.0001,0.0008
21.09.2016 07:31:25.709 GMT+0100,2147.911,2147.482,0.0001,0.0008
21.09.2016 07:31:26.149 GMT+0100,2147.911,2147.4900000000002,0.0001,0.0008
21.09.2016 07:31:26.479 GMT+0100,2147.911,2147.479,0.0001,0.0008
21.09.2016 07:31:29.999 GMT+0100,2147.911,2147.512,0.0001,0.0008
21.09.2016 07:31:30.329 GMT+0100,2147.911,2147.504,0.0001,0.0008
21.09.2016 07:31:33.849 GMT+0100,2147.911,2147.505,0.0001,0.0008
21.09.2016 07:31:34.070 GMT+0100,2147.911,2147.507,0.0001,0.0008
21.09.2016 07:31:43.089 GMT+0100,2147.911,2147.515,0.0001,0.0008
21.09.2016 07:31:43.309 GMT+0100,2147.911,2147.51,0.0001,0.0008
21.09.2016 07:31:44.105 GMT+0100,2147.911,2147.511,0.0001,0.0008
21.09.2016 07:31:44.739 GMT+0100,2147.911,2147.518,0.0001,0.0008
21.09.2016 07:31:45.619 GMT+0100,2147.911,2147.5260000000003,0.0001,0.0008
21.09.2016 07:31:46.058 GMT+0100,2147.911,2147.5389999999998,0.0001,0.0008
21.09.2016 07:31:46.609 GMT+0100,2147.911,2147.533,0.0001,0.0008
21.09.2016 07:31:47.080 GMT+0100,2148.231,2147.533,0.001,0.0008
21.09.2016 07:31:49.030 GMT+0100,2148.231,2147.672,0.0001,0.0008
21.09.2016 07:31:50.128 GMT+0100,2148.231,2147.6639999999998,0.0001,0.0008
21.09.2016 07:31:50.185 GMT+0100,2148.03,2147.6639999999998,0.0001,0.0008
21.09.2016 07:31:53.869 GMT+0100,2148.03,2147.5260000000003,0.0001,0.0008
21.09.2016 07:31:54.968 GMT+0100,2148.03,2147.527,0.0001,0.0008
21.09.2016 07:31:55.299 GMT+0100,2148.03,2147.516,0.0001,0.0008
21.09.2016 07:31:56.509 GMT+0100,2148.03,2147.501,0.0001,0.0008
21.09.2016 07:31:56.618 GMT+0100,2148.03,2147.51,0.0001,0.0008
21.09.2016 07:31:59.918 GMT+0100,2148.03,2147.504,0.0001,0.0008
21.09.2016 07:32:00.138 GMT+0100,2148.03,2147.528,0.0001,0.0008
21.09.2016 07:32:03.109 GMT+0100,2148.03,2147.577,0.0001,0.0008
21.09.2016 07:32:03.438 GMT+0100,2148.03,2147.572,0.0001,0.0008
21.09.2016 07:32:03.658 GMT+0100,2148.03,2147.565,0.0001,0.0008
21.09.2016 07:32:04.405 GMT+0100,2147.91,2147.565,0.0001,0.0008
21.09.2016 07:32:04.785 GMT+0100,2147.91,2147.572,0.0001,0.0008
21.09.2016 07:32:05.089 GMT+0100,2147.91,2147.57,0.0001,0.0008
21.09.2016 07:32:05.443 GMT+0100,2147.91,2147.577,0.0001,0.0008
21.09.2016 07:32:05.639 GMT+0100,2147.91,2147.549,0.0001,0.0008
21.09.2016 07:32:05.968 GMT+0100,2147.91,2147.547,0.0001,0.0008
21.09.2016 07:32:09.158 GMT+0100,2147.91,2147.545,0.0001,0.0008
21.09.2016 07:32:10.148 GMT+0100,2147.91,2147.5570000000002,0.0001,0.0008
21.09.2016 07:32:10.478 GMT+0100,2147.91,2147.583,0.0001,0.0008
21.09.2016 07:32:10.928 GMT+0100,2147.91,2147.547,0.0001,0.0008
21.09.2016 07:32:13.349 GMT+0100,2147.91,2147.59,0.0001,0.0008
21.09.2016 07:32:13.678 GMT+0100,2147.91,2147.5879999999997,0.0001,0.0008
21.09.2016 07:32:13.946 GMT+0100,2147.91,2147.576,0.0001,0.0008
21.09.2016 07:32:15.658 GMT+0100,2147.91,2147.573,0.0001,0.0008
21.09.2016 07:32:15.988 GMT+0100,2147.91,2147.5620000000004,0.0001,0.0008
21.09.2016 07:32:16.758 GMT+0100,2147.91,2147.5420000000004,0.0001,0.0008
21.09.2016 07:32:19.070 GMT+0100,2147.91,2147.525,0.0001,0.0008
21.09.2016 07:32:19.288 GMT+0100,2147.91,2147.509,0.0001,0.0008
21.09.2016 07:32:19.728 GMT+0100,2147.91,2147.514,0.0001,0.0008
21.09.2016 07:32:23.469 GMT+0100,2147.91,2147.505,0.0001,0.0008
21.09.2016 07:32:25.448 GMT+0100,2147.91,2147.508,0.0001,0.0008
21.09.2016 07:32:25.777 GMT+0100,2147.91,2147.522,0.0001,0.0008
21.09.2016 07:32:26.327 GMT+0100,2147.91,2147.509,0.0001,0.0008
21.09.2016 07:32:26.548 GMT+0100,2147.91,2147.522,0.0001,0.0008
21.09.2016 07:32:27.318 GMT+0100,2147.91,2147.515,0.0001,0.0008
21.09.2016 07:32:29.051 GMT+0100,2147.91,2147.5029999999997,0.0001,0.0008
21.09.2016 07:32:29.959 GMT+0100,2147.781,2147.5029999999997,0.0001,0.0008
21.09.2016 07:32:30.069 GMT+0100,2147.781,2147.465,0.0001,0.0008
21.09.2016 07:32:30.398 GMT+0100,2147.781,2147.2920000000004,0.0001,0.0008
21.09.2016 07:32:33.258 GMT+0100,2147.781,2147.305,0.0001,0.0008
21.09.2016 07:32:33.808 GMT+0100,2147.781,2147.246,0.0001,0.0008
21.09.2016 07:32:34.819 GMT+0100,2147.781,2147.237,0.0001,0.0008
