Local time,Ask,Bid,AskVolume,BidVolume
16.12.2020 00:00:00.623 GMT+0100,3696.661,3695.945,0.0022,0.0042
16.12.2020 00:00:01.264 GMT+0100,3696.7509999999997,3696.242,0.0005,0.0022
16.12.2020 00:00:01.315 GMT+0100,3696.961,3696.236,0.0022,0.0022
16.12.2020 00:00:01.913 GMT+0100,3696.6670000000004,3695.942,0.0022,0.0042
16.12.2020 00:00:01.964 GMT+0100,3696.6459999999997,3695.954,0.0022,0.0022
16.12.2020 00:00:02.235 GMT+0100,3696.6540000000005,3696.051,0.0005,0.0022
16.12.2020 00:00:02.286 GMT+0100,3696.761,3696.054,0.0022,0.0022
16.12.2020 00:00:03.316 GMT+0100,3696.664,3695.9390000000003,0.0022,0.0042
16.12.2020 00:00:03.366 GMT+0100,3696.6490000000003,3695.9990000000003,0.0022,0.0022
16.12.2020 00:00:04.063 GMT+0100,3696.446,3695.733,0.0022,0.0042
16.12.2020 00:00:04.113 GMT+0100,3696.452,3695.733,0.0022,0.0022
16.12.2020 00:00:05.287 GMT+0100,3696.1690000000003,3695.748,0.0005,0.0022
16.12.2020 00:00:05.338 GMT+0100,3696.6670000000004,3695.9359999999997,0.0022,0.0022
16.12.2020 00:00:05.619 GMT+0100,3696.546,3695.8509999999997,0.0022,0.0042
16.12.2020 00:00:05.670 GMT+0100,3696.5640000000003,3695.848,0.0022,0.0022
16.12.2020 00:00:05.881 GMT+0100,3696.554,3695.948,0.0005,0.0022
16.12.2020 00:00:05.932 GMT+0100,3696.6490000000003,3695.933,0.0022,0.0022
16.12.2020 00:00:06.262 GMT+0100,3696.4640000000004,3695.7509999999997,0.0022,0.0042
16.12.2020 00:00:06.312 GMT+0100,3696.401,3695.7540000000004,0.0022,0.0022
16.12.2020 00:00:06.738 GMT+0100,3696.158,3695.433,0.0022,0.0042
16.12.2020 00:00:06.789 GMT+0100,3696.152,3695.445,0.0022,0.0022
16.12.2020 00:00:07.532 GMT+0100,3695.758,3695.0420000000004,0.0022,0.0042
16.12.2020 00:00:07.583 GMT+0100,3695.755,3695.039,0.0022,0.0022
16.12.2020 00:00:08.615 GMT+0100,3695.748,3695.3540000000003,0.0005,0.0022
16.12.2020 00:00:08.665 GMT+0100,3696.052,3695.3509999999997,0.0022,0.0022
16.12.2020 00:00:08.939 GMT+0100,3696.046,3695.3509999999997,0.0022,0.0042
16.12.2020 00:00:08.989 GMT+0100,3696.1670000000004,3695.4359999999997,0.0022,0.0022
16.12.2020 00:00:09.102 GMT+0100,3696.1459999999997,3695.445,0.0022,0.0042
16.12.2020 00:00:09.152 GMT+0100,3696.2670000000003,3695.551,0.0022,0.0022
16.12.2020 00:00:09.262 GMT+0100,3696.1459999999997,3695.4390000000003,0.0022,0.0042
16.12.2020 00:00:09.312 GMT+0100,3696.1670000000004,3695.4359999999997,0.0022,0.0022
16.12.2020 00:00:09.560 GMT+0100,3696.1540000000005,3695.5420000000004,0.0005,0.0022
16.12.2020 00:00:09.610 GMT+0100,3696.2670000000003,3695.5420000000004,0.0022,0.0022
16.12.2020 00:00:10.385 GMT+0100,3696.248,3695.733,0.0005,0.0022
16.12.2020 00:00:10.436 GMT+0100,3696.455,3695.7390000000005,0.0022,0.0022
16.12.2020 00:00:10.869 GMT+0100,3696.201,3695.599,0.0022,0.0042
16.12.2020 00:00:10.919 GMT+0100,3696.2520000000004,3695.539,0.0022,0.0022
16.12.2020 00:00:11.192 GMT+0100,3696.26,3695.833,0.0005,0.0022
16.12.2020 00:00:11.242 GMT+0100,3696.5009999999997,3695.836,0.0022,0.0022
16.12.2020 00:00:11.762 GMT+0100,3696.2670000000003,3695.5420000000004,0.0022,0.0042
16.12.2020 00:00:11.812 GMT+0100,3696.264,3695.5420000000004,0.0022,0.0022
16.12.2020 00:00:12.076 GMT+0100,3696.0570000000002,3695.548,0.0005,0.0022
16.12.2020 00:00:12.126 GMT+0100,3696.067,3695.348,0.0022,0.0022
16.12.2020 00:00:13.122 GMT+0100,3696.048,3695.454,0.0005,0.0022
16.12.2020 00:00:13.173 GMT+0100,3696.152,3695.448,0.0022,0.0022
16.12.2020 00:00:13.281 GMT+0100,3696.151,3695.748,0.0005,0.0022
16.12.2020 00:00:13.332 GMT+0100,3696.461,3695.745,0.0022,0.0022
16.12.2020 00:00:14.876 GMT+0100,3696.264,3695.548,0.0022,0.0042
16.12.2020 00:00:14.926 GMT+0100,3696.2670000000003,3695.554,0.0022,0.0022
16.12.2020 00:00:16.750 GMT+0100,3696.0609999999997,3695.3390000000004,0.0022,0.0042
16.12.2020 00:00:16.801 GMT+0100,3696.0640000000003,3695.3450000000003,0.0022,0.0022
16.12.2020 00:00:18.040 GMT+0100,3696.054,3695.442,0.0005,0.0022
16.12.2020 00:00:18.090 GMT+0100,3696.158,3695.448,0.0022,0.0022
16.12.2020 00:00:18.201 GMT+0100,3696.0640000000003,3695.333,0.0022,0.0042
16.12.2020 00:00:18.251 GMT+0100,3696.0550000000003,3695.348,0.0022,0.0022
16.12.2020 00:00:18.541 GMT+0100,3696.066,3695.7509999999997,0.0005,0.0022
16.12.2020 00:00:18.591 GMT+0100,3696.458,3695.7509999999997,0.0022,0.0022
16.12.2020 00:00:18.699 GMT+0100,3696.4629999999997,3695.833,0.0005,0.0022
16.12.2020 00:00:18.749 GMT+0100,3696.567,3695.8450000000003,0.0022,0.0022
16.12.2020 00:00:20.821 GMT+0100,3696.5570000000002,3695.951,0.0005,0.0022
16.12.2020 00:00:20.871 GMT+0100,3696.6490000000003,3695.9990000000003,0.0022,0.0022
16.12.2020 00:00:21.144 GMT+0100,3696.5640000000003,3695.842,0.0022,0.0042
16.12.2020 00:00:21.194 GMT+0100,3696.558,3695.8540000000003,0.0022,0.0022
16.12.2020 00:00:21.562 GMT+0100,3696.5570000000002,3695.951,0.0005,0.0022
16.12.2020 00:00:21.613 GMT+0100,3696.6009999999997,3695.951,0.0022,0.0022
16.12.2020 00:00:21.723 GMT+0100,3696.446,3695.7509999999997,0.0022,0.0042
16.12.2020 00:00:21.773 GMT+0100,3696.4490000000005,3695.742,0.0022,0.0022
16.12.2020 00:00:21.884 GMT+0100,3696.451,3695.9390000000003,0.0005,0.0022
16.12.2020 00:00:21.935 GMT+0100,3696.661,3695.9390000000003,0.0022,0.0022
16.12.2020 00:00:22.421 GMT+0100,3696.546,3695.833,0.0022,0.0042
16.12.2020 00:00:22.471 GMT+0100,3696.558,3695.833,0.0022,0.0022
16.12.2020 00:00:25.845 GMT+0100,3696.2459999999996,3695.554,0.0022,0.0042
16.12.2020 00:00:25.895 GMT+0100,3696.255,3695.554,0.0022,0.0022
16.12.2020 00:00:30.262 GMT+0100,3696.2540000000004,3695.8990000000003,0.0005,0.0022
16.12.2020 00:00:30.313 GMT+0100,3696.546,3695.8390000000004,0.0022,0.0022
16.12.2020 00:00:31.657 GMT+0100,3696.5570000000002,3696.0420000000004,0.0005,0.0022
16.12.2020 00:00:31.707 GMT+0100,3696.764,3696.036,0.0022,0.0022
16.12.2020 00:00:34.273 GMT+0100,3696.546,3695.833,0.0022,0.0042
16.12.2020 00:00:34.323 GMT+0100,3696.5609999999997,3695.8390000000004,0.0022,0.0022
16.12.2020 00:00:34.432 GMT+0100,3696.461,3695.7990000000004,0.0022,0.0042
16.12.2020 00:00:34.482 GMT+0100,3696.461,3695.745,0.0022,0.0022
16.12.2020 00:00:35.433 GMT+0100,3696.458,3695.748,0.0022,0.0042
16.12.2020 00:00:35.484 GMT+0100,3696.5009999999997,3695.8450000000003,0.0022,0.0022
16.12.2020 00:00:36.831 GMT+0100,3696.566,3695.945,0.0005,0.0022
16.12.2020 00:00:36.882 GMT+0100,3696.6670000000004,3695.9390000000003,0.0022,0.0022
16.12.2020 00:00:37.240 GMT+0100,3696.66,3696.039,0.0005,0.0022
16.12.2020 00:00:37.291 GMT+0100,3696.758,3696.045,0.0022,0.0022
16.12.2020 00:00:43.425 GMT+0100,3696.7509999999997,3696.342,0.0005,0.0022
16.12.2020 00:00:43.476 GMT+0100,3697.058,3696.348,0.0022,0.0022
16.12.2020 00:00:44.698 GMT+0100,3697.054,3696.545,0.0005,0.0022
16.12.2020 00:00:44.748 GMT+0100,3697.201,3696.5420000000004,0.0022,0.0022
16.12.2020 00:00:45.739 GMT+0100,3697.161,3696.454,0.0022,0.0042
16.12.2020 00:00:45.789 GMT+0100,3697.1670000000004,3696.442,0.0022,0.0022
16.12.2020 00:00:46.428 GMT+0100,3697.0609999999997,3696.3390000000004,0.0022,0.0042
16.12.2020 00:00:46.478 GMT+0100,3697.0009999999997,3696.3540000000003,0.0022,0.0022
16.12.2020 00:00:47.193 GMT+0100,3697.051,3696.451,0.0005,0.0022
16.12.2020 00:00:47.244 GMT+0100,3697.161,3696.433,0.0022,0.0022
16.12.2020 00:00:50.776 GMT+0100,3697.1690000000003,3696.599,0.0005,0.0022
16.12.2020 00:00:50.826 GMT+0100,3697.264,3696.5420000000004,0.0022,0.0022
16.12.2020 00:00:50.936 GMT+0100,3696.96,3696.551,0.0005,0.0022
16.12.2020 00:00:50.986 GMT+0100,3696.958,3696.245,0.0022,0.0022
16.12.2020 00:00:51.907 GMT+0100,3696.7459999999996,3696.0420000000004,0.0022,0.0042
16.12.2020 00:00:51.958 GMT+0100,3696.7490000000003,3696.048,0.0022,0.0022
16.12.2020 00:00:52.726 GMT+0100,3696.546,3695.848,0.0022,0.0042
16.12.2020 00:00:52.777 GMT+0100,3696.5550000000003,3695.8390000000004,0.0022,0.0022
16.12.2020 00:00:52.885 GMT+0100,3696.455,3695.742,0.0022,0.0042
16.12.2020 00:00:52.935 GMT+0100,3696.446,3695.7540000000004,0.0022,0.0022
16.12.2020 00:00:57.340 GMT+0100,3696.448,3695.848,0.0005,0.0022
16.12.2020 00:00:57.390 GMT+0100,3696.546,3695.8509999999997,0.0022,0.0022
16.12.2020 00:01:00.106 GMT+0100,3696.4640000000004,3695.7390000000005,0.0022,0.0042
16.12.2020 00:01:00.157 GMT+0100,3696.467,3695.7990000000004,0.0022,0.0022
16.12.2020 00:01:00.267 GMT+0100,3696.448,3695.848,0.0005,0.0022
16.12.2020 00:01:00.317 GMT+0100,3696.5609999999997,3695.8990000000003,0.0022,0.0022
16.12.2020 00:01:00.750 GMT+0100,3696.56,3695.9390000000003,0.0005,0.0022
16.12.2020 00:01:00.801 GMT+0100,3696.655,3695.942,0.0022,0.0022
16.12.2020 00:01:01.282 GMT+0100,3696.603,3696.033,0.0005,0.0022
16.12.2020 00:01:01.332 GMT+0100,3696.764,3696.036,0.0022,0.0022
16.12.2020 00:01:01.444 GMT+0100,3696.655,3695.945,0.0022,0.0042
16.12.2020 00:01:01.495 GMT+0100,3696.652,3695.954,0.0022,0.0022
16.12.2020 00:01:03.127 GMT+0100,3696.6659999999997,3696.045,0.0005,0.0022
16.12.2020 00:01:03.177 GMT+0100,3696.755,3696.048,0.0022,0.0022
16.12.2020 00:01:07.085 GMT+0100,3696.558,3695.8540000000003,0.0022,0.0042
16.12.2020 00:01:07.135 GMT+0100,3696.5609999999997,3695.8990000000003,0.0022,0.0022
16.12.2020 00:01:13.553 GMT+0100,3696.2490000000003,3695.539,0.0022,0.0042
16.12.2020 00:01:13.603 GMT+0100,3696.2520000000004,3695.5420000000004,0.0022,0.0022
16.12.2020 00:01:13.715 GMT+0100,3696.26,3695.748,0.0005,0.0022
16.12.2020 00:01:13.765 GMT+0100,3696.4490000000005,3695.748,0.0022,0.0022
16.12.2020 00:01:13.875 GMT+0100,3696.258,3695.599,0.0022,0.0042
16.12.2020 00:01:13.925 GMT+0100,3696.2670000000003,3695.551,0.0022,0.0022
16.12.2020 00:01:14.577 GMT+0100,3696.248,3695.842,0.0005,0.0022
16.12.2020 00:01:14.628 GMT+0100,3696.5490000000004,3695.8990000000003,0.0022,0.0022
16.12.2020 00:01:14.738 GMT+0100,3696.4490000000005,3695.7390000000005,0.0022,0.0042
16.12.2020 00:01:14.789 GMT+0100,3696.458,3695.7990000000004,0.0022,0.0022
16.12.2020 00:01:15.410 GMT+0100,3696.2490000000003,3695.599,0.0022,0.0042
16.12.2020 00:01:15.460 GMT+0100,3696.264,3695.545,0.0022,0.0022
16.12.2020 00:01:15.573 GMT+0100,3696.058,3695.348,0.0022,0.0042
16.12.2020 00:01:15.624 GMT+0100,3696.058,3695.3450000000003,0.0022,0.0022
16.12.2020 00:01:20.870 GMT+0100,3695.764,3695.0420000000004,0.0022,0.0042
16.12.2020 00:01:20.920 GMT+0100,3695.761,3695.048,0.0022,0.0022
16.12.2020 00:01:29.273 GMT+0100,3695.5550000000003,3694.8540000000003,0.0022,0.0042
16.12.2020 00:01:29.323 GMT+0100,3695.5550000000003,3694.8540000000003,0.0022,0.0022
16.12.2020 00:01:29.432 GMT+0100,3695.551,3695.045,0.0005,0.0022
16.12.2020 00:01:29.483 GMT+0100,3695.7520000000004,3695.039,0.0022,0.0022
16.12.2020 00:01:31.350 GMT+0100,3695.703,3695.454,0.0005,0.0022
16.12.2020 00:01:31.400 GMT+0100,3696.1459999999997,3695.448,0.0022,0.0022
16.12.2020 00:01:31.675 GMT+0100,3696.148,3695.5420000000004,0.0005,0.0022
16.12.2020 00:01:31.725 GMT+0100,3696.261,3695.533,0.0022,0.0022
16.12.2020 00:01:32.227 GMT+0100,3696.152,3695.4990000000003,0.0022,0.0042
16.12.2020 00:01:32.277 GMT+0100,3696.1459999999997,3695.4359999999997,0.0022,0.0022
16.12.2020 00:01:32.507 GMT+0100,3696.1659999999997,3695.554,0.0005,0.0022
16.12.2020 00:01:32.558 GMT+0100,3696.2459999999996,3695.545,0.0022,0.0022
16.12.2020 00:01:33.042 GMT+0100,3696.158,3695.445,0.0022,0.0042
16.12.2020 00:01:33.092 GMT+0100,3696.1490000000003,3695.4390000000003,0.0022,0.0022
16.12.2020 00:01:33.201 GMT+0100,3696.163,3695.554,0.0005,0.0022
16.12.2020 00:01:33.251 GMT+0100,3696.255,3695.539,0.0022,0.0022
16.12.2020 00:01:33.546 GMT+0100,3696.1670000000004,3695.454,0.0022,0.0042
16.12.2020 00:01:33.596 GMT+0100,3696.1670000000004,3695.454,0.0022,0.0022
16.12.2020 00:01:34.042 GMT+0100,3696.103,3695.533,0.0005,0.0022
16.12.2020 00:01:34.092 GMT+0100,3696.258,3695.536,0.0022,0.0022
16.12.2020 00:01:34.688 GMT+0100,3696.158,3695.442,0.0022,0.0042
16.12.2020 00:01:34.739 GMT+0100,3696.161,3695.445,0.0022,0.0022
16.12.2020 00:01:34.849 GMT+0100,3696.1690000000003,3695.551,0.0005,0.0022
16.12.2020 00:01:34.900 GMT+0100,3696.2520000000004,3695.548,0.0022,0.0022
16.12.2020 00:01:37.967 GMT+0100,3696.248,3695.733,0.0005,0.0022
16.12.2020 00:01:38.017 GMT+0100,3696.4640000000004,3695.7540000000004,0.0022,0.0022
16.12.2020 00:01:39.014 GMT+0100,3696.2490000000003,3695.599,0.0022,0.0042
16.12.2020 00:01:39.064 GMT+0100,3696.261,3695.533,0.0022,0.0022
16.12.2020 00:01:40.087 GMT+0100,3696.1670000000004,3695.4990000000003,0.0022,0.0042
16.12.2020 00:01:40.138 GMT+0100,3696.152,3695.4390000000003,0.0022,0.0022
16.12.2020 00:01:40.587 GMT+0100,3696.1659999999997,3695.545,0.0005,0.0022
16.12.2020 00:01:40.638 GMT+0100,3696.761,3696.045,0.0022,0.0022
16.12.2020 00:01:41.082 GMT+0100,3696.652,3695.942,0.0022,0.0042
16.12.2020 00:01:41.133 GMT+0100,3696.6670000000004,3695.945,0.0022,0.0022
16.12.2020 00:01:41.602 GMT+0100,3696.648,3696.045,0.0005,0.0022
16.12.2020 00:01:41.653 GMT+0100,3696.7670000000003,3696.036,0.0022,0.0022
16.12.2020 00:01:41.944 GMT+0100,3696.5009999999997,3695.836,0.0022,0.0042
16.12.2020 00:01:41.995 GMT+0100,3696.5640000000003,3695.8450000000003,0.0022,0.0022
16.12.2020 00:01:42.889 GMT+0100,3696.563,3695.9359999999997,0.0005,0.0022
16.12.2020 00:01:42.940 GMT+0100,3696.6490000000003,3695.951,0.0022,0.0022
16.12.2020 00:01:44.086 GMT+0100,3696.5550000000003,3695.842,0.0022,0.0042
16.12.2020 00:01:44.136 GMT+0100,3696.5550000000003,3695.8390000000004,0.0022,0.0022
16.12.2020 00:01:45.229 GMT+0100,3696.258,3695.536,0.0022,0.0042
16.12.2020 00:01:45.279 GMT+0100,3696.2670000000003,3695.533,0.0022,0.0022
16.12.2020 00:01:50.459 GMT+0100,3696.0550000000003,3695.3990000000003,0.0022,0.0042
16.12.2020 00:01:50.509 GMT+0100,3696.046,3695.3540000000003,0.0022,0.0022
16.12.2020 00:01:54.092 GMT+0100,3696.0690000000004,3695.5420000000004,0.0005,0.0022
16.12.2020 00:01:54.142 GMT+0100,3696.264,3695.545,0.0022,0.0022
16.12.2020 00:01:54.667 GMT+0100,3696.0570000000002,3695.536,0.0005,0.0022
16.12.2020 00:01:54.717 GMT+0100,3696.0640000000003,3695.336,0.0022,0.0022
16.12.2020 00:01:55.208 GMT+0100,3696.066,3695.5420000000004,0.0005,0.0022
16.12.2020 00:01:55.258 GMT+0100,3696.2520000000004,3695.533,0.0022,0.0022
16.12.2020 00:01:56.382 GMT+0100,3696.058,3695.3390000000004,0.0022,0.0042
16.12.2020 00:01:56.432 GMT+0100,3696.0550000000003,3695.3540000000003,0.0022,0.0022
16.12.2020 00:01:56.710 GMT+0100,3696.048,3695.554,0.0005,0.0022
16.12.2020 00:01:56.760 GMT+0100,3696.261,3695.548,0.0022,0.0022
16.12.2020 00:02:00.703 GMT+0100,3696.2690000000002,3695.7990000000004,0.0005,0.0022
16.12.2020 00:02:00.754 GMT+0100,3696.4490000000005,3695.733,0.0022,0.0022
16.12.2020 00:02:01.197 GMT+0100,3696.454,3695.8990000000003,0.0005,0.0022
16.12.2020 00:02:01.247 GMT+0100,3696.552,3695.8509999999997,0.0022,0.0022
16.12.2020 00:02:03.264 GMT+0100,3696.2520000000004,3695.533,0.0022,0.0042
16.12.2020 00:02:03.314 GMT+0100,3696.264,3695.554,0.0022,0.0022
16.12.2020 00:02:04.080 GMT+0100,3696.257,3695.8990000000003,0.0005,0.0022
16.12.2020 00:02:04.130 GMT+0100,3696.5609999999997,3695.8509999999997,0.0022,0.0022
16.12.2020 00:02:04.575 GMT+0100,3696.446,3695.7509999999997,0.0022,0.0042
16.12.2020 00:02:04.626 GMT+0100,3696.4490000000005,3695.736,0.0022,0.0022
16.12.2020 00:02:04.734 GMT+0100,3696.466,3695.8540000000003,0.0005,0.0022
16.12.2020 00:02:04.785 GMT+0100,3696.546,3695.8540000000003,0.0022,0.0022
16.12.2020 00:02:11.870 GMT+0100,3696.7670000000003,3696.054,0.0022,0.0022
16.12.2020 00:02:14.718 GMT+0100,3696.5690000000004,3696.048,0.0005,0.0022
16.12.2020 00:02:14.769 GMT+0100,3696.5009999999997,3695.8390000000004,0.0022,0.0022
16.12.2020 00:02:15.087 GMT+0100,3696.5570000000002,3695.942,0.0005,0.0022
16.12.2020 00:02:15.138 GMT+0100,3696.655,3695.945,0.0022,0.0022
16.12.2020 00:02:17.380 GMT+0100,3696.5640000000003,3695.833,0.0022,0.0042
16.12.2020 00:02:17.430 GMT+0100,3696.5009999999997,3695.8990000000003,0.0022,0.0022
16.12.2020 00:02:20.755 GMT+0100,3696.258,3695.5420000000004,0.0022,0.0042
16.12.2020 00:02:20.805 GMT+0100,3696.2670000000003,3695.599,0.0022,0.0022
16.12.2020 00:02:23.071 GMT+0100,3696.046,3695.348,0.0022,0.0042
16.12.2020 00:02:23.121 GMT+0100,3696.0009999999997,3695.333,0.0022,0.0022
16.12.2020 00:02:23.510 GMT+0100,3696.054,3695.451,0.0005,0.0022
16.12.2020 00:02:23.560 GMT+0100,3696.1490000000003,3695.442,0.0022,0.0022
16.12.2020 00:02:24.417 GMT+0100,3696.157,3695.599,0.0005,0.0022
16.12.2020 00:02:24.468 GMT+0100,3696.258,3695.548,0.0022,0.0022
16.12.2020 00:02:24.579 GMT+0100,3696.058,3695.3509999999997,0.0022,0.0042
16.12.2020 00:02:24.629 GMT+0100,3696.0550000000003,3695.3450000000003,0.0022,0.0022
16.12.2020 00:02:25.621 GMT+0100,3696.06,3695.454,0.0005,0.0022
16.12.2020 00:02:25.672 GMT+0100,3696.161,3695.445,0.0022,0.0022
16.12.2020 00:02:29.732 GMT+0100,3696.052,3695.3509999999997,0.0022,0.0042
16.12.2020 00:02:29.782 GMT+0100,3696.0550000000003,3695.3390000000004,0.0022,0.0022
16.12.2020 00:02:29.897 GMT+0100,3696.06,3695.451,0.0005,0.0022
16.12.2020 00:02:29.947 GMT+0100,3696.1670000000004,3695.445,0.0022,0.0022
16.12.2020 00:02:31.736 GMT+0100,3696.0009999999997,3695.333,0.0022,0.0042
16.12.2020 00:02:31.786 GMT+0100,3696.0550000000003,3695.3450000000003,0.0022,0.0022
16.12.2020 00:02:32.218 GMT+0100,3696.0690000000004,3695.454,0.0005,0.0022
16.12.2020 00:02:32.269 GMT+0100,3696.158,3695.442,0.0022,0.0022
16.12.2020 00:02:32.539 GMT+0100,3696.16,3695.536,0.0005,0.0022
16.12.2020 00:02:32.590 GMT+0100,3696.264,3695.599,0.0022,0.0022
16.12.2020 00:02:33.085 GMT+0100,3696.1009999999997,3695.4359999999997,0.0022,0.0042
16.12.2020 00:02:33.136 GMT+0100,3696.161,3695.448,0.0022,0.0022
16.12.2020 00:02:33.697 GMT+0100,3696.163,3695.545,0.0005,0.0022
16.12.2020 00:02:33.747 GMT+0100,3696.2490000000003,3695.539,0.0022,0.0022
16.12.2020 00:02:41.353 GMT+0100,3696.2540000000004,3695.848,0.0005,0.0022
16.12.2020 00:02:41.403 GMT+0100,3696.5640000000003,3695.8990000000003,0.0022,0.0022
16.12.2020 00:02:42.946 GMT+0100,3696.446,3695.745,0.0022,0.0042
16.12.2020 00:02:42.996 GMT+0100,3696.452,3695.7390000000005,0.0022,0.0022
16.12.2020 00:02:44.253 GMT+0100,3696.258,3695.5420000000004,0.0022,0.0042
16.12.2020 00:02:44.303 GMT+0100,3696.261,3695.5420000000004,0.0022,0.0022
16.12.2020 00:02:50.318 GMT+0100,3696.164,3695.445,0.0022,0.0042
16.12.2020 00:02:50.368 GMT+0100,3696.155,3695.4990000000003,0.0022,0.0022
16.12.2020 00:02:50.499 GMT+0100,3696.052,3695.333,0.0022,0.0042
16.12.2020 00:02:50.550 GMT+0100,3696.0640000000003,3695.336,0.0022,0.0022
16.12.2020 00:02:52.896 GMT+0100,3695.7670000000003,3695.048,0.0022,0.0042
16.12.2020 00:02:52.950 GMT+0100,3695.758,3695.099,0.0022,0.0022
16.12.2020 00:02:53.058 GMT+0100,3695.763,3695.3540000000003,0.0005,0.0022
16.12.2020 00:02:53.108 GMT+0100,3696.0609999999997,3695.3990000000003,0.0022,0.0022
16.12.2020 00:02:55.843 GMT+0100,3696.051,3695.599,0.0005,0.0022
16.12.2020 00:02:55.893 GMT+0100,3696.2490000000003,3695.539,0.0022,0.0022
16.12.2020 00:02:59.018 GMT+0100,3696.164,3695.454,0.0022,0.0042
16.12.2020 00:02:59.068 GMT+0100,3696.1459999999997,3695.4390000000003,0.0022,0.0022
16.12.2020 00:02:59.258 GMT+0100,3696.103,3695.548,0.0005,0.0022
16.12.2020 00:02:59.308 GMT+0100,3696.2520000000004,3695.5420000000004,0.0022,0.0022
16.12.2020 00:03:00.929 GMT+0100,3696.161,3695.4990000000003,0.0022,0.0022
16.12.2020 00:03:01.879 GMT+0100,3696.06,3695.445,0.0005,0.0022
16.12.2020 00:03:01.929 GMT+0100,3696.0490000000004,3695.336,0.0022,0.0022
16.12.2020 00:03:02.042 GMT+0100,3696.155,3695.4390000000003,0.0022,0.0022
16.12.2020 00:03:03.001 GMT+0100,3696.0640000000003,3695.348,0.0022,0.0042
16.12.2020 00:03:03.051 GMT+0100,3696.0609999999997,3695.333,0.0022,0.0022
16.12.2020 00:03:03.628 GMT+0100,3696.063,3695.448,0.0005,0.0022
16.12.2020 00:03:03.679 GMT+0100,3696.1009999999997,3695.4359999999997,0.0022,0.0022
16.12.2020 00:03:03.883 GMT+0100,3696.0009999999997,3695.342,0.0022,0.0042
16.12.2020 00:03:03.933 GMT+0100,3696.0609999999997,3695.3450000000003,0.0022,0.0022
16.12.2020 00:03:05.859 GMT+0100,3696.003,3695.451,0.0005,0.0022
16.12.2020 00:03:05.909 GMT+0100,3696.1009999999997,3695.4390000000003,0.0022,0.0022
16.12.2020 00:03:06.180 GMT+0100,3696.067,3695.3450000000003,0.0022,0.0042
16.12.2020 00:03:06.230 GMT+0100,3696.058,3695.348,0.0022,0.0022
16.12.2020 00:03:07.194 GMT+0100,3695.9640000000004,3695.236,0.0022,0.0042
16.12.2020 00:03:07.244 GMT+0100,3695.9490000000005,3695.242,0.0022,0.0022
16.12.2020 00:03:07.361 GMT+0100,3695.966,3695.3540000000003,0.0005,0.0022
16.12.2020 00:03:07.411 GMT+0100,3696.067,3695.3509999999997,0.0022,0.0022
16.12.2020 00:03:09.299 GMT+0100,3695.7520000000004,3695.054,0.0022,0.0042
16.12.2020 00:03:09.349 GMT+0100,3695.761,3695.036,0.0022,0.0022
16.12.2020 00:03:23.765 GMT+0100,3695.6459999999997,3694.948,0.0022,0.0042
16.12.2020 00:03:23.816 GMT+0100,3695.6670000000004,3694.933,0.0022,0.0022
16.12.2020 00:03:24.075 GMT+0100,3695.567,3694.833,0.0022,0.0042
16.12.2020 00:03:24.125 GMT+0100,3695.552,3694.842,0.0022,0.0022
16.12.2020 00:03:24.780 GMT+0100,3695.5570000000002,3695.039,0.0005,0.0022
16.12.2020 00:03:24.831 GMT+0100,3695.701,3695.099,0.0022,0.0022
16.12.2020 00:03:25.718 GMT+0100,3695.552,3694.8509999999997,0.0022,0.0042
16.12.2020 00:03:25.768 GMT+0100,3695.567,3694.848,0.0022,0.0022
16.12.2020 00:03:29.292 GMT+0100,3695.56,3695.045,0.0005,0.0022
16.12.2020 00:03:29.342 GMT+0100,3695.755,3695.048,0.0022,0.0022
16.12.2020 00:03:56.219 GMT+0100,3695.558,3694.8450000000003,0.0022,0.0042
16.12.2020 00:03:56.269 GMT+0100,3695.5550000000003,3694.833,0.0022,0.0022
16.12.2020 00:03:56.380 GMT+0100,3695.503,3695.048,0.0005,0.0022
16.12.2020 00:03:56.431 GMT+0100,3695.7459999999996,3695.048,0.0022,0.0022
16.12.2020 00:03:57.367 GMT+0100,3695.558,3694.836,0.0022,0.0042
16.12.2020 00:03:57.417 GMT+0100,3695.567,3694.8540000000003,0.0022,0.0022
16.12.2020 00:04:00.079 GMT+0100,3695.5570000000002,3694.9390000000003,0.0005,0.0022
16.12.2020 00:04:00.130 GMT+0100,3695.661,3694.942,0.0022,0.0022
16.12.2020 00:04:01.191 GMT+0100,3695.567,3694.8540000000003,0.0022,0.0042
16.12.2020 00:04:01.242 GMT+0100,3695.5609999999997,3694.8450000000003,0.0022,0.0022
16.12.2020 00:04:11.403 GMT+0100,3695.548,3695.048,0.0005,0.0022
16.12.2020 00:04:11.453 GMT+0100,3695.7490000000003,3695.054,0.0022,0.0022
16.12.2020 00:04:11.724 GMT+0100,3695.652,3694.948,0.0022,0.0042
16.12.2020 00:04:11.774 GMT+0100,3695.661,3694.942,0.0022,0.0022
16.12.2020 00:04:12.237 GMT+0100,3695.5640000000003,3694.8540000000003,0.0022,0.0042
16.12.2020 00:04:12.288 GMT+0100,3695.552,3694.8990000000003,0.0022,0.0022
16.12.2020 00:04:19.808 GMT+0100,3695.551,3694.942,0.0005,0.0022
16.12.2020 00:04:19.858 GMT+0100,3695.655,3694.948,0.0022,0.0022
16.12.2020 00:04:21.285 GMT+0100,3695.657,3695.048,0.0005,0.0022
16.12.2020 00:04:21.335 GMT+0100,3695.758,3695.048,0.0022,0.0022
16.12.2020 00:04:22.349 GMT+0100,3695.567,3694.8540000000003,0.0022,0.0042
16.12.2020 00:04:22.399 GMT+0100,3695.5609999999997,3694.836,0.0022,0.0022
16.12.2020 00:04:27.001 GMT+0100,3695.554,3694.945,0.0005,0.0022
16.12.2020 00:04:27.051 GMT+0100,3695.655,3694.954,0.0022,0.0022
16.12.2020 00:04:27.817 GMT+0100,3695.5609999999997,3694.842,0.0022,0.0042
16.12.2020 00:04:27.868 GMT+0100,3695.558,3694.836,0.0022,0.0022
16.12.2020 00:04:28.478 GMT+0100,3695.563,3695.051,0.0005,0.0022
16.12.2020 00:04:28.528 GMT+0100,3695.764,3695.051,0.0022,0.0022
16.12.2020 00:04:29.226 GMT+0100,3695.661,3694.945,0.0022,0.0042
16.12.2020 00:04:29.277 GMT+0100,3695.6670000000004,3694.954,0.0022,0.0022
16.12.2020 00:04:29.935 GMT+0100,3695.5009999999997,3694.833,0.0022,0.0042
16.12.2020 00:04:29.986 GMT+0100,3695.5490000000004,3694.833,0.0022,0.0022
16.12.2020 00:04:32.726 GMT+0100,3695.461,3694.733,0.0022,0.0042
16.12.2020 00:04:32.776 GMT+0100,3695.4490000000005,3694.733,0.0022,0.0022
16.12.2020 00:04:36.433 GMT+0100,3695.454,3694.848,0.0005,0.0022
16.12.2020 00:04:36.483 GMT+0100,3695.5640000000003,3694.8540000000003,0.0022,0.0022
16.12.2020 00:04:36.593 GMT+0100,3695.467,3694.748,0.0022,0.0042
16.12.2020 00:04:36.644 GMT+0100,3695.401,3694.733,0.0022,0.0022
16.12.2020 00:04:38.380 GMT+0100,3695.255,3694.551,0.0022,0.0042
16.12.2020 00:04:38.431 GMT+0100,3695.2490000000003,3694.536,0.0022,0.0022
16.12.2020 00:04:55.558 GMT+0100,3695.263,3694.8509999999997,0.0005,0.0022
16.12.2020 00:04:55.609 GMT+0100,3695.5609999999997,3694.8450000000003,0.0022,0.0022
16.12.2020 00:04:58.513 GMT+0100,3695.452,3694.736,0.0022,0.0042
16.12.2020 00:04:58.563 GMT+0100,3695.461,3694.742,0.0022,0.0022
16.12.2020 00:04:59.525 GMT+0100,3695.448,3694.8540000000003,0.0005,0.0022
16.12.2020 00:04:59.575 GMT+0100,3695.5009999999997,3694.848,0.0022,0.0022
16.12.2020 00:05:00.545 GMT+0100,3695.503,3695.099,0.0005,0.0022
16.12.2020 00:05:00.595 GMT+0100,3695.7490000000003,3695.054,0.0022,0.0022
16.12.2020 00:05:02.660 GMT+0100,3695.7540000000004,3695.336,0.0005,0.0022
16.12.2020 00:05:02.711 GMT+0100,3696.052,3695.336,0.0022,0.0022
16.12.2020 00:05:04.163 GMT+0100,3696.0690000000004,3695.554,0.0005,0.0022
16.12.2020 00:05:04.213 GMT+0100,3696.2459999999996,3695.533,0.0022,0.0022
16.12.2020 00:05:04.322 GMT+0100,3696.158,3695.4390000000003,0.0022,0.0042
16.12.2020 00:05:04.372 GMT+0100,3696.152,3695.4990000000003,0.0022,0.0022
16.12.2020 00:05:10.131 GMT+0100,3696.0640000000003,3695.3509999999997,0.0022,0.0042
16.12.2020 00:05:10.181 GMT+0100,3696.0550000000003,3695.336,0.0022,0.0022
16.12.2020 00:05:10.293 GMT+0100,3696.06,3695.448,0.0005,0.0022
16.12.2020 00:05:10.343 GMT+0100,3696.164,3695.4990000000003,0.0022,0.0022
16.12.2020 00:05:20.048 GMT+0100,3696.058,3695.3509999999997,0.0022,0.0042
16.12.2020 00:05:20.098 GMT+0100,3696.0490000000004,3695.3990000000003,0.0022,0.0022
16.12.2020 00:05:20.206 GMT+0100,3696.06,3695.554,0.0005,0.0022
16.12.2020 00:05:20.257 GMT+0100,3696.2520000000004,3695.539,0.0022,0.0022
16.12.2020 00:05:23.340 GMT+0100,3696.0550000000003,3695.348,0.0022,0.0042
16.12.2020 00:05:23.390 GMT+0100,3696.052,3695.342,0.0022,0.0022
16.12.2020 00:05:24.339 GMT+0100,3696.003,3695.4390000000003,0.0005,0.0022
16.12.2020 00:05:24.389 GMT+0100,3696.158,3695.445,0.0022,0.0022
16.12.2020 00:05:25.433 GMT+0100,3696.0550000000003,3695.3450000000003,0.0022,0.0042
16.12.2020 00:05:25.483 GMT+0100,3696.067,3695.336,0.0022,0.0022
16.12.2020 00:05:25.595 GMT+0100,3695.958,3695.245,0.0022,0.0042
16.12.2020 00:05:25.645 GMT+0100,3695.946,3695.2509999999997,0.0022,0.0022
16.12.2020 00:05:25.755 GMT+0100,3695.658,3694.9990000000003,0.0022,0.0042
16.12.2020 00:05:25.805 GMT+0100,3695.6490000000003,3694.933,0.0022,0.0022
16.12.2020 00:05:27.300 GMT+0100,3695.6659999999997,3695.248,0.0005,0.0022
16.12.2020 00:05:27.350 GMT+0100,3695.958,3695.245,0.0022,0.0022
16.12.2020 00:05:27.460 GMT+0100,3695.7690000000002,3695.245,0.0005,0.0022
16.12.2020 00:05:27.511 GMT+0100,3695.701,3695.051,0.0022,0.0022
16.12.2020 00:05:28.123 GMT+0100,3695.7659999999996,3695.3990000000003,0.0005,0.0022
16.12.2020 00:05:28.173 GMT+0100,3696.067,3695.348,0.0022,0.0022
16.12.2020 00:05:32.192 GMT+0100,3696.066,3695.536,0.0005,0.0022
16.12.2020 00:05:32.242 GMT+0100,3696.2459999999996,3695.539,0.0022,0.0022
16.12.2020 00:05:33.383 GMT+0100,3696.1459999999997,3695.451,0.0022,0.0042
16.12.2020 00:05:33.433 GMT+0100,3696.161,3695.445,0.0022,0.0022
16.12.2020 00:05:33.543 GMT+0100,3696.16,3695.536,0.0005,0.0022
16.12.2020 00:05:33.593 GMT+0100,3696.2520000000004,3695.545,0.0022,0.0022
16.12.2020 00:05:34.934 GMT+0100,3696.152,3695.454,0.0022,0.0042
16.12.2020 00:05:34.984 GMT+0100,3696.1459999999997,3695.433,0.0022,0.0022
16.12.2020 00:05:36.262 GMT+0100,3696.163,3695.5420000000004,0.0005,0.0022
16.12.2020 00:05:36.312 GMT+0100,3696.261,3695.5420000000004,0.0022,0.0022
16.12.2020 00:05:38.442 GMT+0100,3696.155,3695.4390000000003,0.0022,0.0042
16.12.2020 00:05:38.493 GMT+0100,3696.1009999999997,3695.448,0.0022,0.0022
16.12.2020 00:05:42.509 GMT+0100,3696.067,3695.342,0.0022,0.0042
16.12.2020 00:05:42.559 GMT+0100,3696.0550000000003,3695.3450000000003,0.0022,0.0022
16.12.2020 00:05:42.665 GMT+0100,3696.003,3695.4990000000003,0.0005,0.0022
16.12.2020 00:05:42.715 GMT+0100,3696.152,3695.454,0.0022,0.0022
16.12.2020 00:05:45.629 GMT+0100,3696.052,3695.333,0.0022,0.0042
16.12.2020 00:05:45.679 GMT+0100,3696.0640000000003,3695.3509999999997,0.0022,0.0022
16.12.2020 00:05:50.037 GMT+0100,3696.0690000000004,3695.442,0.0005,0.0022
16.12.2020 00:05:50.088 GMT+0100,3696.152,3695.433,0.0022,0.0022
16.12.2020 00:05:50.207 GMT+0100,3696.157,3695.548,0.0005,0.0022
16.12.2020 00:05:50.257 GMT+0100,3696.2670000000003,3695.536,0.0022,0.0022
16.12.2020 00:05:55.276 GMT+0100,3696.1459999999997,3695.451,0.0022,0.0042
16.12.2020 00:05:55.326 GMT+0100,3696.1670000000004,3695.433,0.0022,0.0022
16.12.2020 00:05:57.254 GMT+0100,3696.058,3695.348,0.0022,0.0042
16.12.2020 00:05:57.305 GMT+0100,3696.0490000000004,3695.333,0.0022,0.0022
16.12.2020 00:05:58.874 GMT+0100,3696.054,3695.4359999999997,0.0005,0.0022
16.12.2020 00:05:58.924 GMT+0100,3696.161,3695.451,0.0022,0.0022
16.12.2020 00:06:04.183 GMT+0100,3696.058,3695.342,0.0022,0.0042
16.12.2020 00:06:04.233 GMT+0100,3696.058,3695.336,0.0022,0.0022
16.12.2020 00:06:05.181 GMT+0100,3696.003,3695.445,0.0005,0.0022
16.12.2020 00:06:05.231 GMT+0100,3696.1670000000004,3695.4359999999997,0.0022,0.0022
16.12.2020 00:06:19.655 GMT+0100,3696.1690000000003,3695.536,0.0005,0.0022
16.12.2020 00:06:19.705 GMT+0100,3696.2520000000004,3695.539,0.0022,0.0022
16.12.2020 00:06:26.130 GMT+0100,3696.163,3695.545,0.0005,0.0022
16.12.2020 00:06:26.181 GMT+0100,3696.1670000000004,3695.4359999999997,0.0022,0.0022
16.12.2020 00:06:31.249 GMT+0100,3696.163,3695.533,0.0005,0.0022
16.12.2020 00:06:31.299 GMT+0100,3696.258,3695.539,0.0022,0.0022
16.12.2020 00:06:40.091 GMT+0100,3696.2690000000002,3695.7509999999997,0.0005,0.0022
16.12.2020 00:06:40.142 GMT+0100,3696.458,3695.748,0.0022,0.0022
16.12.2020 00:06:40.937 GMT+0100,3696.4570000000003,3695.848,0.0005,0.0022
16.12.2020 00:06:40.987 GMT+0100,3696.546,3695.842,0.0022,0.0022
16.12.2020 00:06:51.680 GMT+0100,3696.451,3695.833,0.0005,0.0022
16.12.2020 00:06:51.731 GMT+0100,3696.461,3695.7390000000005,0.0022,0.0022
16.12.2020 00:06:54.160 GMT+0100,3696.4570000000003,3695.836,0.0005,0.0022
16.12.2020 00:06:54.210 GMT+0100,3696.5640000000003,3695.848,0.0022,0.0022
16.12.2020 00:07:00.136 GMT+0100,3696.551,3695.933,0.0005,0.0022
16.12.2020 00:07:00.186 GMT+0100,3696.6009999999997,3695.945,0.0022,0.0022
16.12.2020 00:07:00.297 GMT+0100,3696.6659999999997,3696.036,0.0005,0.0022
16.12.2020 00:07:00.347 GMT+0100,3696.761,3696.048,0.0022,0.0022
16.12.2020 00:07:02.530 GMT+0100,3696.763,3696.2990000000004,0.0005,0.0022
16.12.2020 00:07:02.581 GMT+0100,3696.952,3696.236,0.0022,0.0022
16.12.2020 00:07:02.812 GMT+0100,3696.758,3696.054,0.0022,0.0042
16.12.2020 00:07:02.862 GMT+0100,3696.7670000000003,3696.045,0.0022,0.0022
16.12.2020 00:07:04.526 GMT+0100,3696.7509999999997,3696.2509999999997,0.0005,0.0022
16.12.2020 00:07:04.577 GMT+0100,3696.955,3696.2509999999997,0.0022,0.0022
16.12.2020 00:07:05.045 GMT+0100,3696.758,3696.045,0.0022,0.0042
16.12.2020 00:07:05.095 GMT+0100,3696.7670000000003,3696.048,0.0022,0.0022
16.12.2020 00:07:05.626 GMT+0100,3696.7520000000004,3696.048,0.0022,0.0042
16.12.2020 00:07:05.677 GMT+0100,3696.901,3696.2990000000004,0.0022,0.0022
16.12.2020 00:07:05.727 GMT+0100,3696.264,3695.545,0.0022,0.0022
16.12.2020 00:07:05.878 GMT+0100,3696.257,3695.848,0.0005,0.0022
16.12.2020 00:07:05.929 GMT+0100,3696.5550000000003,3695.8509999999997,0.0022,0.0022
16.12.2020 00:07:11.884 GMT+0100,3696.4640000000004,3695.742,0.0022,0.0042
16.12.2020 00:07:11.934 GMT+0100,3696.4490000000005,3695.736,0.0022,0.0022
16.12.2020 00:07:12.046 GMT+0100,3696.4690000000005,3695.8509999999997,0.0005,0.0022
16.12.2020 00:07:12.097 GMT+0100,3696.558,3695.842,0.0022,0.0022
16.12.2020 00:07:12.207 GMT+0100,3696.2670000000003,3695.533,0.0022,0.0042
16.12.2020 00:07:12.258 GMT+0100,3696.261,3695.539,0.0022,0.0022
16.12.2020 00:07:14.027 GMT+0100,3696.067,3695.342,0.0022,0.0042
16.12.2020 00:07:14.077 GMT+0100,3696.052,3695.3540000000003,0.0022,0.0022
16.12.2020 00:07:17.255 GMT+0100,3695.901,3695.2990000000004,0.0022,0.0042
16.12.2020 00:07:17.305 GMT+0100,3695.967,3695.242,0.0022,0.0022
16.12.2020 00:07:17.621 GMT+0100,3695.948,3695.3509999999997,0.0005,0.0022
16.12.2020 00:07:17.671 GMT+0100,3696.046,3695.3509999999997,0.0022,0.0022
16.12.2020 00:07:17.980 GMT+0100,3695.701,3695.033,0.0022,0.0042
16.12.2020 00:07:18.035 GMT+0100,3695.758,3695.0420000000004,0.0022,0.0022
16.12.2020 00:07:27.709 GMT+0100,3695.7690000000002,3695.333,0.0005,0.0022
16.12.2020 00:07:27.759 GMT+0100,3696.067,3695.333,0.0022,0.0022
16.12.2020 00:07:30.640 GMT+0100,3695.758,3695.051,0.0022,0.0042
16.12.2020 00:07:30.690 GMT+0100,3695.7490000000003,3695.033,0.0022,0.0022
16.12.2020 00:07:36.637 GMT+0100,3695.7690000000002,3695.3990000000003,0.0005,0.0022
16.12.2020 00:07:36.687 GMT+0100,3696.0640000000003,3695.3509999999997,0.0022,0.0022
16.12.2020 00:08:17.664 GMT+0100,3695.9640000000004,3695.248,0.0022,0.0042
16.12.2020 00:08:17.715 GMT+0100,3695.958,3695.2990000000004,0.0022,0.0022
16.12.2020 00:08:23.966 GMT+0100,3695.966,3695.342,0.0005,0.0022
16.12.2020 00:08:24.016 GMT+0100,3696.0009999999997,3695.3540000000003,0.0022,0.0022
16.12.2020 00:08:27.559 GMT+0100,3695.7459999999996,3695.051,0.0022,0.0042
16.12.2020 00:08:27.609 GMT+0100,3695.7670000000003,3695.045,0.0022,0.0022
16.12.2020 00:08:27.718 GMT+0100,3695.76,3695.3390000000004,0.0005,0.0022
16.12.2020 00:08:27.769 GMT+0100,3696.046,3695.3390000000004,0.0022,0.0022
16.12.2020 00:08:29.873 GMT+0100,3695.946,3695.248,0.0022,0.0042
16.12.2020 00:08:29.924 GMT+0100,3695.901,3695.2990000000004,0.0022,0.0022
16.12.2020 00:08:34.312 GMT+0100,3695.9690000000005,3695.3509999999997,0.0005,0.0022
16.12.2020 00:08:34.363 GMT+0100,3696.067,3695.3509999999997,0.0022,0.0022
16.12.2020 00:08:34.635 GMT+0100,3695.961,3695.245,0.0022,0.0042
16.12.2020 00:08:34.686 GMT+0100,3695.9640000000004,3695.236,0.0022,0.0022
16.12.2020 00:08:35.299 GMT+0100,3695.952,3695.245,0.0022,0.0042
16.12.2020 00:08:35.350 GMT+0100,3696.0490000000004,3695.3390000000004,0.0022,0.0022
16.12.2020 00:08:47.773 GMT+0100,3696.054,3695.599,0.0005,0.0022
16.12.2020 00:08:47.823 GMT+0100,3696.2520000000004,3695.533,0.0022,0.0022
16.12.2020 00:09:02.140 GMT+0100,3696.2520000000004,3695.536,0.0022,0.0042
16.12.2020 00:09:02.190 GMT+0100,3696.5490000000004,3695.848,0.0022,0.0022
16.12.2020 00:09:03.032 GMT+0100,3696.458,3695.733,0.0022,0.0042
16.12.2020 00:09:03.082 GMT+0100,3696.4490000000005,3695.7990000000004,0.0022,0.0022
16.12.2020 00:09:03.688 GMT+0100,3696.264,3695.551,0.0022,0.0042
16.12.2020 00:09:03.738 GMT+0100,3696.201,3695.539,0.0022,0.0022
16.12.2020 00:09:05.175 GMT+0100,3696.2659999999996,3695.7509999999997,0.0005,0.0022
16.12.2020 00:09:05.226 GMT+0100,3696.4490000000005,3695.745,0.0022,0.0022
16.12.2020 00:09:08.491 GMT+0100,3696.258,3695.599,0.0022,0.0042
16.12.2020 00:09:08.541 GMT+0100,3696.201,3695.545,0.0022,0.0022
16.12.2020 00:09:20.137 GMT+0100,3696.2690000000002,3695.733,0.0005,0.0022
16.12.2020 00:09:20.188 GMT+0100,3696.452,3695.736,0.0022,0.0022
16.12.2020 00:09:22.730 GMT+0100,3696.4629999999997,3695.8390000000004,0.0005,0.0022
16.12.2020 00:09:22.780 GMT+0100,3696.558,3695.8990000000003,0.0022,0.0022
16.12.2020 00:09:23.582 GMT+0100,3696.461,3695.742,0.0022,0.0042
16.12.2020 00:09:23.633 GMT+0100,3696.401,3695.7390000000005,0.0022,0.0022
16.12.2020 00:09:24.394 GMT+0100,3696.258,3695.551,0.0022,0.0042
16.12.2020 00:09:24.444 GMT+0100,3696.261,3695.536,0.0022,0.0022
16.12.2020 00:09:36.759 GMT+0100,3696.0550000000003,3695.333,0.0022,0.0042
16.12.2020 00:09:36.810 GMT+0100,3696.0009999999997,3695.3990000000003,0.0022,0.0022
16.12.2020 00:09:50.660 GMT+0100,3695.9490000000005,3695.233,0.0022,0.0042
16.12.2020 00:09:50.710 GMT+0100,3695.958,3695.248,0.0022,0.0022
16.12.2020 00:09:51.046 GMT+0100,3695.96,3695.333,0.0005,0.0022
16.12.2020 00:09:51.096 GMT+0100,3696.067,3695.3390000000004,0.0022,0.0022
16.12.2020 00:09:52.205 GMT+0100,3695.7490000000003,3695.054,0.0022,0.0042
16.12.2020 00:09:52.256 GMT+0100,3695.7670000000003,3695.036,0.0022,0.0022
16.12.2020 00:09:52.830 GMT+0100,3695.7690000000002,3695.233,0.0005,0.0022
16.12.2020 00:09:52.880 GMT+0100,3695.9640000000004,3695.236,0.0022,0.0022
16.12.2020 00:09:54.019 GMT+0100,3695.758,3695.045,0.0022,0.0042
16.12.2020 00:09:54.070 GMT+0100,3695.7490000000003,3695.033,0.0022,0.0022
16.12.2020 00:09:55.472 GMT+0100,3695.7659999999996,3695.3390000000004,0.0005,0.0022
16.12.2020 00:09:55.522 GMT+0100,3696.0550000000003,3695.3450000000003,0.0022,0.0022
16.12.2020 00:10:01.196 GMT+0100,3696.06,3695.533,0.0005,0.0022
16.12.2020 00:10:01.247 GMT+0100,3696.2520000000004,3695.599,0.0022,0.0022
16.12.2020 00:10:07.206 GMT+0100,3696.1490000000003,3695.4390000000003,0.0022,0.0042
16.12.2020 00:10:07.256 GMT+0100,3696.1490000000003,3695.442,0.0022,0.0022
16.12.2020 00:10:10.821 GMT+0100,3696.046,3695.348,0.0022,0.0042
16.12.2020 00:10:10.871 GMT+0100,3696.0609999999997,3695.3509999999997,0.0022,0.0022
16.12.2020 00:10:10.982 GMT+0100,3696.048,3695.433,0.0005,0.0022
16.12.2020 00:10:11.032 GMT+0100,3696.1670000000004,3695.451,0.0022,0.0022
16.12.2020 00:10:13.060 GMT+0100,3696.103,3695.548,0.0005,0.0022
16.12.2020 00:10:13.110 GMT+0100,3696.255,3695.533,0.0022,0.0022
16.12.2020 00:10:13.221 GMT+0100,3696.1490000000003,3695.4359999999997,0.0022,0.0042
16.12.2020 00:10:13.271 GMT+0100,3696.1490000000003,3695.445,0.0022,0.0022
16.12.2020 00:10:15.855 GMT+0100,3696.157,3695.599,0.0005,0.0022
16.12.2020 00:10:15.905 GMT+0100,3696.2459999999996,3695.533,0.0022,0.0022
16.12.2020 00:10:17.759 GMT+0100,3696.0640000000003,3695.3990000000003,0.0022,0.0042
16.12.2020 00:10:17.809 GMT+0100,3696.067,3695.342,0.0022,0.0022
16.12.2020 00:10:24.667 GMT+0100,3696.054,3695.442,0.0005,0.0022
16.12.2020 00:10:24.717 GMT+0100,3696.158,3695.445,0.0022,0.0022
16.12.2020 00:10:24.827 GMT+0100,3696.067,3695.348,0.0022,0.0042
16.12.2020 00:10:24.877 GMT+0100,3696.0609999999997,3695.336,0.0022,0.0022
16.12.2020 00:10:49.984 GMT+0100,3695.764,3695.039,0.0022,0.0042
16.12.2020 00:10:50.035 GMT+0100,3695.7520000000004,3695.048,0.0022,0.0022
16.12.2020 00:11:32.597 GMT+0100,3695.5550000000003,3694.848,0.0022,0.0042
16.12.2020 00:11:32.647 GMT+0100,3695.5490000000004,3694.833,0.0022,0.0022
16.12.2020 00:11:35.830 GMT+0100,3695.5690000000004,3695.033,0.0005,0.0022
16.12.2020 00:11:35.881 GMT+0100,3695.755,3695.099,0.0022,0.0022
16.12.2020 00:11:36.001 GMT+0100,3695.554,3695.099,0.0005,0.0022
16.12.2020 00:11:36.051 GMT+0100,3695.5009999999997,3694.842,0.0022,0.0022
16.12.2020 00:11:36.829 GMT+0100,3695.5570000000002,3694.933,0.0005,0.0022
16.12.2020 00:11:36.879 GMT+0100,3695.655,3694.948,0.0022,0.0022
16.12.2020 00:11:38.059 GMT+0100,3695.567,3694.8540000000003,0.0022,0.0042
16.12.2020 00:11:38.109 GMT+0100,3695.5550000000003,3694.8390000000004,0.0022,0.0022
16.12.2020 00:11:41.848 GMT+0100,3695.503,3695.099,0.0005,0.0022
16.12.2020 00:11:41.898 GMT+0100,3695.755,3695.039,0.0022,0.0022
16.12.2020 00:11:42.008 GMT+0100,3695.6490000000003,3694.942,0.0022,0.0042
16.12.2020 00:11:42.058 GMT+0100,3695.6459999999997,3694.942,0.0022,0.0022
16.12.2020 00:11:42.436 GMT+0100,3695.5609999999997,3694.848,0.0022,0.0042
16.12.2020 00:11:42.486 GMT+0100,3695.567,3694.8509999999997,0.0022,0.0022
16.12.2020 00:11:42.600 GMT+0100,3695.503,3694.9990000000003,0.0005,0.0022
16.12.2020 00:11:42.650 GMT+0100,3695.652,3694.945,0.0022,0.0022
16.12.2020 00:11:44.011 GMT+0100,3695.5550000000003,3694.8509999999997,0.0022,0.0042
16.12.2020 00:11:44.061 GMT+0100,3695.5609999999997,3694.8540000000003,0.0022,0.0022
16.12.2020 00:11:45.489 GMT+0100,3695.554,3695.045,0.0005,0.0022
16.12.2020 00:11:45.540 GMT+0100,3695.701,3695.0420000000004,0.0022,0.0022
16.12.2020 00:11:55.851 GMT+0100,3695.657,3695.0420000000004,0.0005,0.0022
16.12.2020 00:11:55.901 GMT+0100,3695.652,3694.933,0.0022,0.0022
16.12.2020 00:11:59.718 GMT+0100,3695.663,3695.0420000000004,0.0005,0.0022
16.12.2020 00:11:59.769 GMT+0100,3695.7670000000003,3695.033,0.0022,0.0022
16.12.2020 00:12:02.574 GMT+0100,3695.5009999999997,3694.833,0.0022,0.0042
16.12.2020 00:12:02.624 GMT+0100,3695.5490000000004,3694.8540000000003,0.0022,0.0022
16.12.2020 00:12:17.976 GMT+0100,3695.5490000000004,3694.842,0.0022,0.0042
16.12.2020 00:12:18.030 GMT+0100,3695.758,3695.036,0.0022,0.0022
16.12.2020 00:12:18.296 GMT+0100,3695.558,3694.8509999999997,0.0022,0.0042
16.12.2020 00:12:18.346 GMT+0100,3695.5640000000003,3694.8509999999997,0.0022,0.0022
16.12.2020 00:12:29.013 GMT+0100,3695.5570000000002,3695.039,0.0005,0.0022
16.12.2020 00:12:29.063 GMT+0100,3695.7670000000003,3695.054,0.0022,0.0022
16.12.2020 00:13:10.674 GMT+0100,3695.5009999999997,3694.836,0.0022,0.0042
16.12.2020 00:13:10.724 GMT+0100,3695.546,3694.8990000000003,0.0022,0.0022
16.12.2020 00:13:19.394 GMT+0100,3695.5690000000004,3695.036,0.0005,0.0022
16.12.2020 00:13:19.444 GMT+0100,3695.7459999999996,3695.054,0.0022,0.0022
16.12.2020 00:13:26.443 GMT+0100,3695.567,3694.836,0.0022,0.0042
16.12.2020 00:13:26.493 GMT+0100,3695.5640000000003,3694.8990000000003,0.0022,0.0022
16.12.2020 00:13:31.582 GMT+0100,3695.563,3695.039,0.0005,0.0022
16.12.2020 00:13:31.632 GMT+0100,3695.7520000000004,3695.048,0.0022,0.0022
16.12.2020 00:14:02.270 GMT+0100,3695.76,3695.333,0.0005,0.0022
16.12.2020 00:14:02.320 GMT+0100,3696.052,3695.342,0.0022,0.0022
16.12.2020 00:14:27.671 GMT+0100,3695.901,3695.248,0.0022,0.0042
16.12.2020 00:14:27.722 GMT+0100,3695.958,3695.2509999999997,0.0022,0.0022
16.12.2020 00:14:29.603 GMT+0100,3695.7520000000004,3695.054,0.0022,0.0042
16.12.2020 00:14:29.653 GMT+0100,3695.758,3695.045,0.0022,0.0022
16.12.2020 00:14:29.762 GMT+0100,3695.763,3695.2390000000005,0.0005,0.0022
16.12.2020 00:14:29.812 GMT+0100,3695.901,3695.245,0.0022,0.0022
16.12.2020 00:14:36.039 GMT+0100,3695.9629999999997,3695.3990000000003,0.0005,0.0022
16.12.2020 00:14:36.089 GMT+0100,3696.046,3695.3450000000003,0.0022,0.0022
16.12.2020 00:14:40.910 GMT+0100,3695.967,3695.2540000000004,0.0022,0.0042
16.12.2020 00:14:40.961 GMT+0100,3695.967,3695.2509999999997,0.0022,0.0022
16.12.2020 00:14:49.522 GMT+0100,3695.764,3695.045,0.0022,0.0042
16.12.2020 00:14:49.572 GMT+0100,3695.755,3695.054,0.0022,0.0022
16.12.2020 00:15:06.966 GMT+0100,3695.7540000000004,3695.3450000000003,0.0005,0.0022
16.12.2020 00:15:07.017 GMT+0100,3696.0640000000003,3695.3450000000003,0.0022,0.0022
16.12.2020 00:15:14.489 GMT+0100,3695.758,3695.033,0.0022,0.0042
16.12.2020 00:15:14.539 GMT+0100,3695.761,3695.036,0.0022,0.0022
16.12.2020 00:15:14.648 GMT+0100,3695.703,3695.3990000000003,0.0005,0.0022
16.12.2020 00:15:14.699 GMT+0100,3696.0550000000003,3695.3509999999997,0.0022,0.0022
16.12.2020 00:15:58.188 GMT+0100,3696.046,3695.3990000000003,0.0022,0.0042
16.12.2020 00:15:58.238 GMT+0100,3696.255,3695.599,0.0022,0.0022
16.12.2020 00:16:02.773 GMT+0100,3696.203,3695.7509999999997,0.0005,0.0022
16.12.2020 00:16:02.823 GMT+0100,3696.4640000000004,3695.733,0.0022,0.0022
16.12.2020 00:16:04.593 GMT+0100,3696.451,3695.8509999999997,0.0005,0.0022
16.12.2020 00:16:04.644 GMT+0100,3696.5640000000003,3695.842,0.0022,0.0022
16.12.2020 00:16:11.450 GMT+0100,3696.261,3695.536,0.0022,0.0042
16.12.2020 00:16:11.500 GMT+0100,3696.258,3695.539,0.0022,0.0022
16.12.2020 00:16:25.990 GMT+0100,3696.0640000000003,3695.333,0.0022,0.0042
16.12.2020 00:16:26.041 GMT+0100,3696.0009999999997,3695.336,0.0022,0.0022
16.12.2020 00:16:30.374 GMT+0100,3695.958,3695.2390000000005,0.0022,0.0042
16.12.2020 00:16:30.425 GMT+0100,3695.955,3695.233,0.0022,0.0022
16.12.2020 00:16:30.535 GMT+0100,3695.7690000000002,3695.233,0.0005,0.0022
16.12.2020 00:16:30.585 GMT+0100,3695.764,3695.048,0.0022,0.0022
16.12.2020 00:16:42.633 GMT+0100,3695.558,3694.8450000000003,0.0022,0.0042
16.12.2020 00:16:42.683 GMT+0100,3695.546,3694.833,0.0022,0.0022
16.12.2020 00:17:35.719 GMT+0100,3695.56,3695.054,0.0005,0.0022
16.12.2020 00:17:35.769 GMT+0100,3695.758,3695.0420000000004,0.0022,0.0022
16.12.2020 00:17:38.992 GMT+0100,3695.558,3694.848,0.0022,0.0042
16.12.2020 00:17:39.043 GMT+0100,3695.5550000000003,3694.8509999999997,0.0022,0.0022
16.12.2020 00:18:51.763 GMT+0100,3695.201,3694.533,0.0022,0.0022
16.12.2020 00:18:52.536 GMT+0100,3695.2540000000004,3694.8990000000003,0.0005,0.0022
16.12.2020 00:18:52.586 GMT+0100,3695.5640000000003,3694.8450000000003,0.0022,0.0022
16.12.2020 00:18:53.765 GMT+0100,3695.255,3694.599,0.0022,0.0042
16.12.2020 00:18:53.816 GMT+0100,3695.255,3694.5420000000004,0.0022,0.0022
16.12.2020 00:19:43.903 GMT+0100,3695.0009999999997,3694.3990000000003,0.0022,0.0042
16.12.2020 00:19:43.954 GMT+0100,3695.0550000000003,3694.3509999999997,0.0022,0.0022
16.12.2020 00:19:44.064 GMT+0100,3695.066,3694.536,0.0005,0.0022
16.12.2020 00:19:44.114 GMT+0100,3695.2459999999996,3694.551,0.0022,0.0022
16.12.2020 00:19:57.745 GMT+0100,3695.0640000000003,3694.3990000000003,0.0022,0.0042
16.12.2020 00:19:57.796 GMT+0100,3695.0640000000003,3694.342,0.0022,0.0022
16.12.2020 00:20:13.411 GMT+0100,3694.7459999999996,3694.036,0.0022,0.0042
16.12.2020 00:20:13.461 GMT+0100,3694.7459999999996,3694.048,0.0022,0.0022
16.12.2020 00:20:13.572 GMT+0100,3694.757,3694.3450000000003,0.0005,0.0022
16.12.2020 00:20:13.623 GMT+0100,3695.0550000000003,3694.342,0.0022,0.0022
16.12.2020 00:20:14.785 GMT+0100,3694.901,3694.236,0.0022,0.0042
16.12.2020 00:20:14.836 GMT+0100,3694.967,3694.233,0.0022,0.0022
16.12.2020 00:20:15.233 GMT+0100,3694.903,3694.342,0.0005,0.0022
16.12.2020 00:20:15.284 GMT+0100,3695.0550000000003,3694.333,0.0022,0.0022
16.12.2020 00:20:15.816 GMT+0100,3694.755,3694.048,0.0022,0.0042
16.12.2020 00:20:15.866 GMT+0100,3694.7670000000003,3694.039,0.0022,0.0022
16.12.2020 00:20:40.225 GMT+0100,3694.76,3694.348,0.0005,0.0022
16.12.2020 00:20:40.275 GMT+0100,3695.067,3694.3990000000003,0.0022,0.0022
16.12.2020 00:20:42.241 GMT+0100,3694.76,3694.3509999999997,0.0005,0.0022
16.12.2020 00:20:42.291 GMT+0100,3694.758,3694.033,0.0022,0.0022
16.12.2020 00:21:46.568 GMT+0100,3694.5640000000003,3693.833,0.0022,0.0042
16.12.2020 00:21:46.618 GMT+0100,3694.5640000000003,3693.833,0.0022,0.0022
16.12.2020 00:22:16.641 GMT+0100,3694.201,3693.533,0.0022,0.0042
16.12.2020 00:22:16.691 GMT+0100,3694.2459999999996,3693.545,0.0022,0.0022
16.12.2020 00:22:19.555 GMT+0100,3694.164,3693.4359999999997,0.0022,0.0042
16.12.2020 00:22:19.605 GMT+0100,3694.161,3693.454,0.0022,0.0022
16.12.2020 00:22:19.715 GMT+0100,3694.046,3693.3990000000003,0.0022,0.0042
16.12.2020 00:22:19.766 GMT+0100,3694.046,3693.348,0.0022,0.0022
16.12.2020 00:22:29.140 GMT+0100,3694.0690000000004,3693.4990000000003,0.0005,0.0022
16.12.2020 00:22:29.191 GMT+0100,3694.152,3693.433,0.0022,0.0022
16.12.2020 00:22:29.301 GMT+0100,3694.063,3693.4390000000003,0.0005,0.0022
16.12.2020 00:22:29.351 GMT+0100,3694.058,3693.3990000000003,0.0022,0.0022
16.12.2020 00:22:40.127 GMT+0100,3693.7670000000003,3693.054,0.0022,0.0042
16.12.2020 00:22:40.177 GMT+0100,3693.7490000000003,3693.048,0.0022,0.0022
16.12.2020 00:22:40.814 GMT+0100,3693.7540000000004,3693.3540000000003,0.0005,0.0022
16.12.2020 00:22:40.864 GMT+0100,3694.0490000000004,3693.336,0.0022,0.0022
16.12.2020 00:23:00.278 GMT+0100,3694.066,3693.533,0.0005,0.0022
16.12.2020 00:23:00.328 GMT+0100,3694.255,3693.539,0.0022,0.0022
16.12.2020 00:23:01.631 GMT+0100,3693.761,3693.039,0.0022,0.0042
16.12.2020 00:23:01.681 GMT+0100,3693.764,3693.048,0.0022,0.0022
16.12.2020 00:23:40.968 GMT+0100,3693.552,3692.842,0.0022,0.0022
16.12.2020 00:23:41.155 GMT+0100,3693.054,3692.533,0.0005,0.0022
16.12.2020 00:23:41.206 GMT+0100,3693.258,3692.539,0.0022,0.0022
16.12.2020 00:23:47.678 GMT+0100,3693.2659999999996,3692.8509999999997,0.0005,0.0022
16.12.2020 00:23:47.729 GMT+0100,3693.567,3692.8509999999997,0.0022,0.0022
16.12.2020 00:23:53.283 GMT+0100,3693.4570000000003,3692.836,0.0005,0.0022
16.12.2020 00:23:53.333 GMT+0100,3693.4640000000004,3692.7990000000004,0.0022,0.0022
16.12.2020 00:23:53.698 GMT+0100,3693.4629999999997,3692.836,0.0005,0.0022
16.12.2020 00:23:53.749 GMT+0100,3693.5490000000004,3692.842,0.0022,0.0022
16.12.2020 00:24:13.041 GMT+0100,3693.5690000000004,3693.051,0.0005,0.0022
16.12.2020 00:24:13.091 GMT+0100,3693.701,3693.0420000000004,0.0022,0.0022
16.12.2020 00:24:16.806 GMT+0100,3693.7659999999996,3693.348,0.0005,0.0022
16.12.2020 00:24:16.856 GMT+0100,3694.058,3693.3540000000003,0.0022,0.0022
16.12.2020 00:24:19.596 GMT+0100,3694.0690000000004,3693.545,0.0005,0.0022
16.12.2020 00:24:19.646 GMT+0100,3694.255,3693.551,0.0022,0.0022
16.12.2020 00:24:24.234 GMT+0100,3694.058,3693.3390000000004,0.0022,0.0042
16.12.2020 00:24:24.285 GMT+0100,3694.058,3693.348,0.0022,0.0022
16.12.2020 00:24:29.494 GMT+0100,3693.5490000000004,3692.848,0.0022,0.0042
16.12.2020 00:24:29.544 GMT+0100,3693.5490000000004,3692.848,0.0022,0.0022
16.12.2020 00:24:38.862 GMT+0100,3693.203,3692.8390000000004,0.0005,0.0022
16.12.2020 00:24:38.912 GMT+0100,3693.258,3692.554,0.0022,0.0022
16.12.2020 00:24:39.180 GMT+0100,3693.26,3692.848,0.0005,0.0022
16.12.2020 00:24:39.231 GMT+0100,3693.5550000000003,3692.833,0.0022,0.0022
16.12.2020 00:24:41.577 GMT+0100,3693.563,3693.0420000000004,0.0005,0.0022
16.12.2020 00:24:41.628 GMT+0100,3693.755,3693.048,0.0022,0.0022
16.12.2020 00:24:42.387 GMT+0100,3693.5609999999997,3692.8540000000003,0.0022,0.0042
16.12.2020 00:24:42.438 GMT+0100,3693.5490000000004,3692.836,0.0022,0.0022
16.12.2020 00:25:10.655 GMT+0100,3693.5690000000004,3693.0420000000004,0.0005,0.0022
16.12.2020 00:25:10.705 GMT+0100,3693.755,3693.051,0.0022,0.0022
16.12.2020 00:25:12.842 GMT+0100,3693.7459999999996,3693.048,0.0022,0.0042
16.12.2020 00:25:12.893 GMT+0100,3694.0490000000004,3693.336,0.0022,0.0022
16.12.2020 00:25:13.001 GMT+0100,3693.761,3693.045,0.0022,0.0042
16.12.2020 00:25:13.052 GMT+0100,3693.761,3693.045,0.0022,0.0022
16.12.2020 00:25:14.919 GMT+0100,3693.748,3693.236,0.0005,0.0022
16.12.2020 00:25:14.969 GMT+0100,3693.967,3693.233,0.0022,0.0022
16.12.2020 00:25:15.251 GMT+0100,3693.7670000000003,3693.033,0.0022,0.0042
16.12.2020 00:25:15.302 GMT+0100,3693.758,3693.048,0.0022,0.0022
16.12.2020 00:25:15.410 GMT+0100,3693.763,3693.236,0.0005,0.0022
16.12.2020 00:25:15.461 GMT+0100,3693.958,3693.2509999999997,0.0022,0.0022
16.12.2020 00:25:21.546 GMT+0100,3693.6459999999997,3692.9390000000003,0.0022,0.0042
16.12.2020 00:25:21.597 GMT+0100,3693.6459999999997,3692.945,0.0022,0.0022
16.12.2020 00:25:24.963 GMT+0100,3693.558,3692.848,0.0022,0.0042
16.12.2020 00:25:25.014 GMT+0100,3693.5609999999997,3692.8540000000003,0.0022,0.0022
16.12.2020 00:25:25.125 GMT+0100,3693.5570000000002,3693.099,0.0005,0.0022
16.12.2020 00:25:25.175 GMT+0100,3693.758,3693.099,0.0022,0.0022
16.12.2020 00:25:31.281 GMT+0100,3693.6670000000004,3692.9359999999997,0.0022,0.0042
16.12.2020 00:25:31.331 GMT+0100,3693.664,3692.9359999999997,0.0022,0.0022
16.12.2020 00:25:32.100 GMT+0100,3693.558,3692.8450000000003,0.0022,0.0042
16.12.2020 00:25:32.150 GMT+0100,3693.558,3692.848,0.0022,0.0022
16.12.2020 00:25:32.258 GMT+0100,3693.563,3692.942,0.0005,0.0022
16.12.2020 00:25:32.308 GMT+0100,3693.652,3692.948,0.0022,0.0022
16.12.2020 00:25:34.415 GMT+0100,3693.5550000000003,3692.8450000000003,0.0022,0.0042
16.12.2020 00:25:34.465 GMT+0100,3693.567,3692.833,0.0022,0.0022
16.12.2020 00:25:39.550 GMT+0100,3693.2670000000003,3692.536,0.0022,0.0042
16.12.2020 00:25:39.600 GMT+0100,3693.2490000000003,3692.548,0.0022,0.0022
16.12.2020 00:25:47.454 GMT+0100,3693.155,3692.448,0.0022,0.0042
16.12.2020 00:25:47.504 GMT+0100,3693.1670000000004,3692.442,0.0022,0.0022
16.12.2020 00:25:48.533 GMT+0100,3693.0490000000004,3692.3990000000003,0.0022,0.0042
16.12.2020 00:25:48.583 GMT+0100,3693.0009999999997,3692.3390000000004,0.0022,0.0022
16.12.2020 00:25:48.694 GMT+0100,3693.0570000000002,3692.554,0.0005,0.0022
16.12.2020 00:25:48.744 GMT+0100,3693.201,3692.545,0.0022,0.0022
16.12.2020 00:25:48.855 GMT+0100,3693.067,3692.342,0.0022,0.0042
16.12.2020 00:25:48.905 GMT+0100,3693.0490000000004,3692.3509999999997,0.0022,0.0022
16.12.2020 00:26:09.092 GMT+0100,3692.761,3692.039,0.0022,0.0042
16.12.2020 00:26:09.142 GMT+0100,3692.7520000000004,3692.036,0.0022,0.0022
16.12.2020 00:26:10.541 GMT+0100,3692.7540000000004,3692.2540000000004,0.0005,0.0022
16.12.2020 00:26:10.592 GMT+0100,3692.901,3692.2990000000004,0.0022,0.0022
16.12.2020 00:26:11.828 GMT+0100,3692.951,3692.3509999999997,0.0005,0.0022
16.12.2020 00:26:11.878 GMT+0100,3693.046,3692.342,0.0022,0.0022
16.12.2020 00:26:11.990 GMT+0100,3692.701,3692.054,0.0022,0.0042
16.12.2020 00:26:12.040 GMT+0100,3692.7520000000004,3692.051,0.0022,0.0022
16.12.2020 00:26:12.492 GMT+0100,3692.7509999999997,3692.245,0.0005,0.0022
16.12.2020 00:26:12.542 GMT+0100,3692.961,3692.2540000000004,0.0022,0.0022
16.12.2020 00:26:12.654 GMT+0100,3693.0550000000003,3692.348,0.0022,0.0022
16.12.2020 00:26:15.366 GMT+0100,3692.758,3692.033,0.0022,0.0042
16.12.2020 00:26:15.417 GMT+0100,3692.7459999999996,3692.051,0.0022,0.0022
16.12.2020 00:26:15.527 GMT+0100,3692.701,3692.051,0.0022,0.0042
16.12.2020 00:26:15.577 GMT+0100,3693.0640000000003,3692.342,0.0022,0.0022
16.12.2020 00:26:18.831 GMT+0100,3692.7670000000003,3692.0420000000004,0.0022,0.0042
16.12.2020 00:26:18.881 GMT+0100,3692.7459999999996,3692.048,0.0022,0.0022
16.12.2020 00:26:19.818 GMT+0100,3692.703,3692.3390000000004,0.0005,0.0022
16.12.2020 00:26:19.869 GMT+0100,3693.0609999999997,3692.3509999999997,0.0022,0.0022
16.12.2020 00:26:20.921 GMT+0100,3693.0570000000002,3692.548,0.0005,0.0022
16.12.2020 00:26:20.971 GMT+0100,3693.255,3692.554,0.0022,0.0022
16.12.2020 00:26:26.813 GMT+0100,3693.0609999999997,3692.333,0.0022,0.0042
16.12.2020 00:26:26.864 GMT+0100,3693.0490000000004,3692.3990000000003,0.0022,0.0022
16.12.2020 00:26:40.033 GMT+0100,3693.054,3692.548,0.0005,0.0022
16.12.2020 00:26:40.083 GMT+0100,3693.264,3692.539,0.0022,0.0022
16.12.2020 00:26:41.264 GMT+0100,3693.046,3692.3990000000003,0.0022,0.0042
16.12.2020 00:26:41.314 GMT+0100,3693.052,3692.342,0.0022,0.0022
16.12.2020 00:26:46.240 GMT+0100,3693.048,3692.533,0.0005,0.0022
16.12.2020 00:26:46.290 GMT+0100,3693.2670000000003,3692.5420000000004,0.0022,0.0022
16.12.2020 00:26:47.294 GMT+0100,3693.046,3692.348,0.0022,0.0022
16.12.2020 00:27:06.168 GMT+0100,3692.758,3692.099,0.0022,0.0042
16.12.2020 00:27:06.218 GMT+0100,3692.7490000000003,3692.048,0.0022,0.0022
16.12.2020 00:27:10.201 GMT+0100,3692.7540000000004,3692.3450000000003,0.0005,0.0022
16.12.2020 00:27:10.252 GMT+0100,3693.052,3692.3990000000003,0.0022,0.0022
16.12.2020 00:27:11.510 GMT+0100,3693.003,3692.539,0.0005,0.0022
16.12.2020 00:27:11.561 GMT+0100,3693.264,3692.539,0.0022,0.0022
16.12.2020 00:27:27.149 GMT+0100,3693.2690000000002,3692.8509999999997,0.0005,0.0022
16.12.2020 00:27:27.199 GMT+0100,3693.5609999999997,3692.833,0.0022,0.0022
16.12.2020 00:28:09.267 GMT+0100,3693.2540000000004,3692.8509999999997,0.0005,0.0022
16.12.2020 00:28:09.318 GMT+0100,3693.255,3692.599,0.0022,0.0022
16.12.2020 00:28:20.766 GMT+0100,3693.2490000000003,3692.5420000000004,0.0022,0.0042
16.12.2020 00:28:20.817 GMT+0100,3693.5550000000003,3692.8540000000003,0.0022,0.0022
16.12.2020 00:28:34.252 GMT+0100,3693.264,3692.5420000000004,0.0022,0.0042
16.12.2020 00:28:34.302 GMT+0100,3693.2459999999996,3692.548,0.0022,0.0022
16.12.2020 00:28:34.415 GMT+0100,3693.257,3692.848,0.0005,0.0022
16.12.2020 00:28:34.465 GMT+0100,3693.5609999999997,3692.8990000000003,0.0022,0.0022
16.12.2020 00:28:44.383 GMT+0100,3693.2520000000004,3692.554,0.0022,0.0042
16.12.2020 00:28:44.434 GMT+0100,3693.255,3692.554,0.0022,0.0022
16.12.2020 00:29:03.110 GMT+0100,3693.067,3692.342,0.0022,0.0042
16.12.2020 00:29:03.161 GMT+0100,3693.058,3692.3390000000004,0.0022,0.0022
16.12.2020 00:29:09.989 GMT+0100,3692.7670000000003,3692.099,0.0022,0.0042
16.12.2020 00:29:10.040 GMT+0100,3692.7670000000003,3692.051,0.0022,0.0022
16.12.2020 00:29:13.253 GMT+0100,3692.5640000000003,3691.8390000000004,0.0022,0.0042
16.12.2020 00:29:13.303 GMT+0100,3692.5009999999997,3691.8990000000003,0.0022,0.0022
16.12.2020 00:29:13.417 GMT+0100,3692.5690000000004,3692.048,0.0005,0.0022
16.12.2020 00:29:13.467 GMT+0100,3692.758,3692.039,0.0022,0.0022
16.12.2020 00:29:25.619 GMT+0100,3692.5550000000003,3691.836,0.0022,0.0042
16.12.2020 00:29:25.669 GMT+0100,3692.567,3691.8390000000004,0.0022,0.0022
16.12.2020 00:29:33.811 GMT+0100,3692.5690000000004,3692.048,0.0005,0.0022
16.12.2020 00:29:33.861 GMT+0100,3692.701,3692.048,0.0022,0.0022
16.12.2020 00:29:43.136 GMT+0100,3692.7509999999997,3692.336,0.0005,0.0022
16.12.2020 00:29:43.186 GMT+0100,3693.058,3692.348,0.0022,0.0022
16.12.2020 00:29:48.221 GMT+0100,3692.7520000000004,3692.036,0.0022,0.0042
16.12.2020 00:29:48.271 GMT+0100,3692.7459999999996,3692.033,0.0022,0.0022
16.12.2020 00:30:12.676 GMT+0100,3692.7690000000002,3692.348,0.0005,0.0022
16.12.2020 00:30:12.726 GMT+0100,3693.0490000000004,3692.342,0.0022,0.0022
16.12.2020 00:30:13.662 GMT+0100,3693.054,3692.551,0.0005,0.0022
16.12.2020 00:30:13.712 GMT+0100,3693.2670000000003,3692.533,0.0022,0.0022
16.12.2020 00:30:17.802 GMT+0100,3693.1670000000004,3692.445,0.0022,0.0042
16.12.2020 00:30:17.852 GMT+0100,3693.1459999999997,3692.445,0.0022,0.0022
16.12.2020 00:30:17.962 GMT+0100,3693.163,3692.599,0.0005,0.0022
16.12.2020 00:30:18.012 GMT+0100,3693.2670000000003,3692.533,0.0022,0.0022
16.12.2020 00:30:19.654 GMT+0100,3693.0009999999997,3692.3990000000003,0.0022,0.0042
16.12.2020 00:30:19.705 GMT+0100,3693.0609999999997,3692.3509999999997,0.0022,0.0022
16.12.2020 00:30:31.809 GMT+0100,3692.7659999999996,3692.348,0.0005,0.0022
16.12.2020 00:30:31.859 GMT+0100,3692.755,3692.039,0.0022,0.0022
16.12.2020 00:30:38.127 GMT+0100,3692.5550000000003,3691.8390000000004,0.0022,0.0042
16.12.2020 00:30:38.178 GMT+0100,3692.5609999999997,3691.8990000000003,0.0022,0.0022
16.12.2020 00:30:51.375 GMT+0100,3692.551,3692.048,0.0005,0.0022
16.12.2020 00:30:51.426 GMT+0100,3692.7490000000003,3692.048,0.0022,0.0022
16.12.2020 00:30:52.364 GMT+0100,3692.763,3692.2509999999997,0.0005,0.0022
16.12.2020 00:30:52.415 GMT+0100,3692.961,3692.2990000000004,0.0022,0.0022
16.12.2020 00:30:52.524 GMT+0100,3692.966,3692.3990000000003,0.0005,0.0022
16.12.2020 00:30:52.574 GMT+0100,3693.0640000000003,3692.333,0.0022,0.0022
16.12.2020 00:30:53.235 GMT+0100,3692.764,3692.036,0.0022,0.0042
16.12.2020 00:30:53.286 GMT+0100,3692.7520000000004,3692.045,0.0022,0.0022
16.12.2020 00:30:53.396 GMT+0100,3692.7540000000004,3692.2390000000005,0.0005,0.0022
16.12.2020 00:30:53.446 GMT+0100,3692.961,3692.233,0.0022,0.0022
16.12.2020 00:30:55.736 GMT+0100,3692.966,3692.336,0.0005,0.0022
16.12.2020 00:30:55.786 GMT+0100,3693.058,3692.3540000000003,0.0022,0.0022
16.12.2020 00:31:05.812 GMT+0100,3692.946,3692.248,0.0022,0.0042
16.12.2020 00:31:05.862 GMT+0100,3692.952,3692.2540000000004,0.0022,0.0022
16.12.2020 00:31:10.125 GMT+0100,3692.9690000000005,3692.3509999999997,0.0005,0.0022
16.12.2020 00:31:10.175 GMT+0100,3693.067,3692.3390000000004,0.0022,0.0022
16.12.2020 00:31:18.026 GMT+0100,3692.7459999999996,3692.033,0.0022,0.0042
16.12.2020 00:31:18.077 GMT+0100,3692.701,3692.036,0.0022,0.0022
16.12.2020 00:31:21.252 GMT+0100,3692.748,3692.3390000000004,0.0005,0.0022
16.12.2020 00:31:21.302 GMT+0100,3693.067,3692.3390000000004,0.0022,0.0022
16.12.2020 00:31:23.791 GMT+0100,3693.003,3692.4990000000003,0.0005,0.0022
16.12.2020 00:31:23.841 GMT+0100,3693.1670000000004,3692.4390000000003,0.0022,0.0022
16.12.2020 00:31:23.951 GMT+0100,3693.157,3692.548,0.0005,0.0022
16.12.2020 00:31:24.001 GMT+0100,3693.264,3692.533,0.0022,0.0022
16.12.2020 00:31:37.882 GMT+0100,3693.2540000000004,3692.8390000000004,0.0005,0.0022
16.12.2020 00:31:37.932 GMT+0100,3693.5490000000004,3692.8990000000003,0.0022,0.0022
16.12.2020 00:32:00.236 GMT+0100,3693.261,3692.545,0.0022,0.0042
16.12.2020 00:32:00.286 GMT+0100,3693.2459999999996,3692.545,0.0022,0.0022
16.12.2020 00:32:32.925 GMT+0100,3693.158,3692.448,0.0022,0.0042
16.12.2020 00:32:32.976 GMT+0100,3693.1009999999997,3692.4390000000003,0.0022,0.0022
16.12.2020 00:32:36.534 GMT+0100,3693.103,3692.536,0.0005,0.0022
16.12.2020 00:32:36.584 GMT+0100,3693.201,3692.551,0.0022,0.0022
16.12.2020 00:32:37.298 GMT+0100,3693.158,3692.451,0.0022,0.0042
16.12.2020 00:32:37.349 GMT+0100,3693.161,3692.4390000000003,0.0022,0.0022
16.12.2020 00:32:37.475 GMT+0100,3693.163,3692.536,0.0005,0.0022
16.12.2020 00:32:37.526 GMT+0100,3693.264,3692.545,0.0022,0.0022
16.12.2020 00:33:14.267 GMT+0100,3693.2540000000004,3692.8390000000004,0.0005,0.0022
16.12.2020 00:33:14.318 GMT+0100,3693.552,3692.842,0.0022,0.0022
16.12.2020 00:33:18.358 GMT+0100,3693.255,3692.548,0.0022,0.0042
16.12.2020 00:33:18.409 GMT+0100,3693.255,3692.599,0.0022,0.0022
16.12.2020 00:33:18.519 GMT+0100,3693.2540000000004,3692.742,0.0005,0.0022
16.12.2020 00:33:18.569 GMT+0100,3693.401,3692.7509999999997,0.0022,0.0022
16.12.2020 00:33:21.706 GMT+0100,3693.466,3692.842,0.0005,0.0022
16.12.2020 00:33:21.756 GMT+0100,3693.567,3692.8450000000003,0.0022,0.0022
16.12.2020 00:33:27.009 GMT+0100,3693.248,3692.848,0.0005,0.0022
16.12.2020 00:33:27.059 GMT+0100,3693.264,3692.545,0.0022,0.0022
16.12.2020 00:34:08.918 GMT+0100,3693.2459999999996,3692.545,0.0022,0.0042
16.12.2020 00:34:08.968 GMT+0100,3693.5609999999997,3692.8990000000003,0.0022,0.0022
16.12.2020 00:34:09.074 GMT+0100,3693.258,3692.5420000000004,0.0022,0.0042
16.12.2020 00:34:09.124 GMT+0100,3693.201,3692.545,0.0022,0.0022
16.12.2020 00:34:11.070 GMT+0100,3693.26,3692.748,0.0005,0.0022
16.12.2020 00:34:11.121 GMT+0100,3693.401,3692.7509999999997,0.0022,0.0022
16.12.2020 00:34:13.458 GMT+0100,3693.466,3692.833,0.0005,0.0022
16.12.2020 00:34:13.508 GMT+0100,3693.567,3692.8990000000003,0.0022,0.0022
16.12.2020 00:34:13.617 GMT+0100,3693.458,3692.745,0.0022,0.0042
16.12.2020 00:34:13.667 GMT+0100,3693.446,3692.748,0.0022,0.0022
16.12.2020 00:34:21.962 GMT+0100,3693.258,3692.548,0.0022,0.0042
16.12.2020 00:34:22.012 GMT+0100,3693.2490000000003,3692.548,0.0022,0.0022
16.12.2020 00:34:26.640 GMT+0100,3693.058,3692.333,0.0022,0.0042
16.12.2020 00:34:26.691 GMT+0100,3693.067,3692.3509999999997,0.0022,0.0022
16.12.2020 00:34:40.134 GMT+0100,3692.701,3692.048,0.0022,0.0042
16.12.2020 00:34:40.185 GMT+0100,3692.7459999999996,3692.045,0.0022,0.0022
16.12.2020 00:35:01.617 GMT+0100,3692.703,3692.3390000000004,0.0005,0.0022
16.12.2020 00:35:01.667 GMT+0100,3693.0640000000003,3692.3509999999997,0.0022,0.0022
16.12.2020 00:35:19.428 GMT+0100,3693.0570000000002,3692.539,0.0005,0.0022
16.12.2020 00:35:19.478 GMT+0100,3693.264,3692.5420000000004,0.0022,0.0022
16.12.2020 00:35:35.455 GMT+0100,3693.2690000000002,3692.8990000000003,0.0005,0.0022
16.12.2020 00:35:35.505 GMT+0100,3693.5009999999997,3692.8540000000003,0.0022,0.0022
16.12.2020 00:35:35.622 GMT+0100,3693.458,3692.7990000000004,0.0022,0.0042
16.12.2020 00:35:35.672 GMT+0100,3693.455,3692.742,0.0022,0.0022
16.12.2020 00:35:37.742 GMT+0100,3693.2459999999996,3692.548,0.0022,0.0042
16.12.2020 00:35:37.792 GMT+0100,3693.258,3692.536,0.0022,0.0022
16.12.2020 00:35:41.115 GMT+0100,3693.255,3692.554,0.0022,0.0042
16.12.2020 00:35:41.166 GMT+0100,3693.558,3692.848,0.0022,0.0022
16.12.2020 00:36:05.846 GMT+0100,3693.203,3692.8390000000004,0.0005,0.0022
16.12.2020 00:36:05.896 GMT+0100,3693.2459999999996,3692.539,0.0022,0.0022
16.12.2020 00:36:17.490 GMT+0100,3693.2540000000004,3692.8540000000003,0.0005,0.0022
16.12.2020 00:36:17.540 GMT+0100,3693.5609999999997,3692.836,0.0022,0.0022
16.12.2020 00:36:56.299 GMT+0100,3693.255,3692.551,0.0022,0.0042
16.12.2020 00:36:56.349 GMT+0100,3693.2670000000003,3692.533,0.0022,0.0022
16.12.2020 00:36:58.582 GMT+0100,3693.0490000000004,3692.3990000000003,0.0022,0.0042
16.12.2020 00:36:58.632 GMT+0100,3693.0490000000004,3692.3450000000003,0.0022,0.0022
16.12.2020 00:37:35.644 GMT+0100,3693.06,3692.433,0.0005,0.0022
16.12.2020 00:37:35.695 GMT+0100,3693.164,3692.445,0.0022,0.0022
16.12.2020 00:37:35.804 GMT+0100,3693.0490000000004,3692.342,0.0022,0.0042
16.12.2020 00:37:35.855 GMT+0100,3693.067,3692.3509999999997,0.0022,0.0022
16.12.2020 00:38:02.437 GMT+0100,3692.764,3692.048,0.0022,0.0042
16.12.2020 00:38:02.488 GMT+0100,3692.701,3692.048,0.0022,0.0022
16.12.2020 00:38:23.142 GMT+0100,3692.7690000000002,3692.342,0.0005,0.0022
16.12.2020 00:38:23.193 GMT+0100,3693.0490000000004,3692.333,0.0022,0.0022
16.12.2020 00:38:23.717 GMT+0100,3692.764,3692.036,0.0022,0.0042
16.12.2020 00:38:23.768 GMT+0100,3692.764,3692.039,0.0022,0.0022
16.12.2020 00:38:26.086 GMT+0100,3692.757,3692.3540000000003,0.0005,0.0022
16.12.2020 00:38:26.137 GMT+0100,3693.0550000000003,3692.3390000000004,0.0022,0.0022
16.12.2020 00:39:30.858 GMT+0100,3692.761,3692.0420000000004,0.0022,0.0042
16.12.2020 00:39:30.908 GMT+0100,3692.7520000000004,3692.051,0.0022,0.0022
16.12.2020 00:39:31.024 GMT+0100,3692.5490000000004,3691.842,0.0022,0.0042
16.12.2020 00:39:31.074 GMT+0100,3692.5609999999997,3691.8540000000003,0.0022,0.0022
16.12.2020 00:39:52.665 GMT+0100,3692.5640000000003,3691.836,0.0022,0.0042
16.12.2020 00:39:52.716 GMT+0100,3692.7520000000004,3692.099,0.0022,0.0022
16.12.2020 00:39:54.157 GMT+0100,3692.6670000000004,3691.954,0.0022,0.0042
16.12.2020 00:39:54.207 GMT+0100,3692.661,3691.9359999999997,0.0022,0.0022
16.12.2020 00:39:55.661 GMT+0100,3692.657,3692.099,0.0005,0.0022
16.12.2020 00:39:55.711 GMT+0100,3692.761,3692.0420000000004,0.0022,0.0022
16.12.2020 00:40:04.099 GMT+0100,3692.763,3692.342,0.0005,0.0022
16.12.2020 00:40:04.150 GMT+0100,3693.0609999999997,3692.336,0.0022,0.0022
16.12.2020 00:40:29.398 GMT+0100,3693.048,3692.548,0.0005,0.0022
16.12.2020 00:40:29.448 GMT+0100,3693.264,3692.548,0.0022,0.0022
16.12.2020 00:40:37.431 GMT+0100,3693.0609999999997,3692.3509999999997,0.0022,0.0042
16.12.2020 00:40:37.482 GMT+0100,3693.0609999999997,3692.348,0.0022,0.0022
16.12.2020 00:40:38.138 GMT+0100,3693.048,3692.451,0.0005,0.0022
16.12.2020 00:40:38.189 GMT+0100,3693.152,3692.4990000000003,0.0022,0.0022
16.12.2020 00:40:47.350 GMT+0100,3693.058,3692.3450000000003,0.0022,0.0042
16.12.2020 00:40:47.401 GMT+0100,3693.0640000000003,3692.3390000000004,0.0022,0.0022
16.12.2020 00:41:04.192 GMT+0100,3692.755,3692.054,0.0022,0.0042
16.12.2020 00:41:04.243 GMT+0100,3692.764,3692.099,0.0022,0.0022
16.12.2020 00:41:21.046 GMT+0100,3692.255,3691.533,0.0022,0.0042
16.12.2020 00:41:21.097 GMT+0100,3692.2520000000004,3691.548,0.0022,0.0022
16.12.2020 00:41:21.369 GMT+0100,3692.2659999999996,3691.8990000000003,0.0005,0.0022
16.12.2020 00:41:21.419 GMT+0100,3692.5490000000004,3691.833,0.0022,0.0022
16.12.2020 00:44:28.084 GMT+0100,3692.2520000000004,3691.551,0.0022,0.0042
16.12.2020 00:44:28.134 GMT+0100,3692.258,3691.536,0.0022,0.0022
16.12.2020 00:44:37.557 GMT+0100,3692.0570000000002,3691.5420000000004,0.0005,0.0022
16.12.2020 00:44:37.607 GMT+0100,3692.067,3691.336,0.0022,0.0022
16.12.2020 00:45:01.889 GMT+0100,3692.048,3691.554,0.0005,0.0022
16.12.2020 00:45:01.940 GMT+0100,3692.261,3691.545,0.0022,0.0022
16.12.2020 00:45:03.055 GMT+0100,3692.0490000000004,3691.3540000000003,0.0022,0.0042
16.12.2020 00:45:03.105 GMT+0100,3692.052,3691.3990000000003,0.0022,0.0022
16.12.2020 00:45:15.227 GMT+0100,3692.066,3691.4359999999997,0.0005,0.0022
16.12.2020 00:45:15.277 GMT+0100,3692.161,3691.448,0.0022,0.0022
16.12.2020 00:45:31.639 GMT+0100,3692.103,3691.536,0.0005,0.0022
16.12.2020 00:45:31.689 GMT+0100,3692.2520000000004,3691.533,0.0022,0.0022
16.12.2020 00:45:45.857 GMT+0100,3692.2690000000002,3692.045,0.0005,0.0022
16.12.2020 00:45:45.907 GMT+0100,3692.764,3692.0420000000004,0.0022,0.0022
16.12.2020 00:45:56.761 GMT+0100,3692.567,3691.8990000000003,0.0022,0.0042
16.12.2020 00:45:56.811 GMT+0100,3692.546,3691.8450000000003,0.0022,0.0022
16.12.2020 00:46:00.308 GMT+0100,3692.566,3692.054,0.0005,0.0022
16.12.2020 00:46:00.359 GMT+0100,3692.761,3692.099,0.0022,0.0022
16.12.2020 00:46:11.203 GMT+0100,3692.5609999999997,3691.842,0.0022,0.0042
16.12.2020 00:46:11.253 GMT+0100,3692.5609999999997,3691.8990000000003,0.0022,0.0022
16.12.2020 00:46:31.322 GMT+0100,3692.5690000000004,3692.099,0.0005,0.0022
16.12.2020 00:46:31.373 GMT+0100,3692.758,3692.039,0.0022,0.0022
16.12.2020 00:46:46.138 GMT+0100,3692.757,3692.3509999999997,0.0005,0.0022
16.12.2020 00:46:46.188 GMT+0100,3693.067,3692.348,0.0022,0.0022
16.12.2020 00:46:48.336 GMT+0100,3692.758,3692.036,0.0022,0.0042
16.12.2020 00:46:48.386 GMT+0100,3692.7670000000003,3692.054,0.0022,0.0022
16.12.2020 00:46:51.511 GMT+0100,3692.757,3692.336,0.0005,0.0022
16.12.2020 00:46:51.562 GMT+0100,3693.052,3692.3509999999997,0.0022,0.0022
16.12.2020 00:46:52.579 GMT+0100,3692.755,3692.045,0.0022,0.0042
16.12.2020 00:46:52.630 GMT+0100,3692.7670000000003,3692.099,0.0022,0.0022
16.12.2020 00:47:14.125 GMT+0100,3692.567,3691.8540000000003,0.0022,0.0042
16.12.2020 00:47:14.175 GMT+0100,3692.5609999999997,3691.8540000000003,0.0022,0.0022
16.12.2020 00:47:25.559 GMT+0100,3692.2490000000003,3691.5420000000004,0.0022,0.0042
16.12.2020 00:47:25.610 GMT+0100,3692.2490000000003,3691.533,0.0022,0.0022
16.12.2020 00:47:26.724 GMT+0100,3692.248,3691.8990000000003,0.0005,0.0022
16.12.2020 00:47:26.774 GMT+0100,3692.5550000000003,3691.8450000000003,0.0022,0.0022
16.12.2020 00:47:29.300 GMT+0100,3692.452,3691.7540000000004,0.0022,0.0042
16.12.2020 00:47:29.350 GMT+0100,3692.467,3691.7509999999997,0.0022,0.0022
16.12.2020 00:47:30.927 GMT+0100,3692.451,3691.848,0.0005,0.0022
16.12.2020 00:47:30.977 GMT+0100,3692.5009999999997,3691.8509999999997,0.0022,0.0022
16.12.2020 00:47:52.690 GMT+0100,3692.261,3691.536,0.0022,0.0022
16.12.2020 00:48:10.608 GMT+0100,3692.2509999999997,3691.7509999999997,0.0005,0.0022
16.12.2020 00:48:10.658 GMT+0100,3692.461,3691.7509999999997,0.0022,0.0022
16.12.2020 00:48:13.894 GMT+0100,3692.46,3691.833,0.0005,0.0022
16.12.2020 00:48:13.944 GMT+0100,3692.558,3691.842,0.0022,0.0022
16.12.2020 00:48:14.060 GMT+0100,3692.2670000000003,3691.551,0.0022,0.0042
16.12.2020 00:48:14.111 GMT+0100,3692.201,3691.599,0.0022,0.0022
16.12.2020 00:48:16.653 GMT+0100,3692.2690000000002,3691.8509999999997,0.0005,0.0022
16.12.2020 00:48:16.704 GMT+0100,3692.5609999999997,3691.8509999999997,0.0022,0.0022
16.12.2020 00:48:33.932 GMT+0100,3692.2459999999996,3691.533,0.0022,0.0042
16.12.2020 00:48:33.982 GMT+0100,3692.2490000000003,3691.539,0.0022,0.0022
16.12.2020 00:48:53.104 GMT+0100,3692.248,3691.7390000000005,0.0005,0.0022
16.12.2020 00:48:53.154 GMT+0100,3692.401,3691.748,0.0022,0.0022
16.12.2020 00:48:53.263 GMT+0100,3692.4629999999997,3691.833,0.0005,0.0022
16.12.2020 00:48:53.314 GMT+0100,3692.5640000000003,3691.836,0.0022,0.0022
16.12.2020 00:49:44.232 GMT+0100,3692.5640000000003,3691.8390000000004,0.0022,0.0042
16.12.2020 00:49:44.282 GMT+0100,3692.764,3692.048,0.0022,0.0022
16.12.2020 00:49:45.428 GMT+0100,3692.7509999999997,3692.348,0.0005,0.0022
16.12.2020 00:49:45.479 GMT+0100,3693.052,3692.333,0.0022,0.0022
16.12.2020 00:49:46.029 GMT+0100,3693.0690000000004,3692.554,0.0005,0.0022
16.12.2020 00:49:46.080 GMT+0100,3693.255,3692.551,0.0022,0.0022
16.12.2020 00:49:52.483 GMT+0100,3693.0550000000003,3692.3990000000003,0.0022,0.0042
16.12.2020 00:49:52.533 GMT+0100,3693.058,3692.3390000000004,0.0022,0.0022
16.12.2020 00:49:58.663 GMT+0100,3693.0570000000002,3692.599,0.0005,0.0022
16.12.2020 00:49:58.714 GMT+0100,3693.258,3692.599,0.0022,0.0022
16.12.2020 00:49:58.822 GMT+0100,3693.0640000000003,3692.336,0.0022,0.0042
16.12.2020 00:49:58.872 GMT+0100,3693.0009999999997,3692.342,0.0022,0.0022
16.12.2020 00:50:00.380 GMT+0100,3693.048,3692.545,0.0005,0.0022
16.12.2020 00:50:00.430 GMT+0100,3693.2670000000003,3692.554,0.0022,0.0022
16.12.2020 00:50:02.428 GMT+0100,3693.0640000000003,3692.3450000000003,0.0022,0.0042
16.12.2020 00:50:02.479 GMT+0100,3693.0640000000003,3692.336,0.0022,0.0022
16.12.2020 00:50:03.371 GMT+0100,3693.003,3692.433,0.0005,0.0022
16.12.2020 00:50:03.422 GMT+0100,3693.161,3692.4990000000003,0.0022,0.0022
16.12.2020 00:50:03.537 GMT+0100,3693.148,3692.554,0.0005,0.0022
16.12.2020 00:50:03.587 GMT+0100,3693.201,3692.599,0.0022,0.0022
16.12.2020 00:50:08.759 GMT+0100,3693.103,3692.533,0.0005,0.0022
16.12.2020 00:50:08.810 GMT+0100,3693.155,3692.445,0.0022,0.0022
16.12.2020 00:50:12.237 GMT+0100,3693.164,3692.442,0.0022,0.0042
16.12.2020 00:50:12.287 GMT+0100,3693.258,3692.545,0.0022,0.0022
16.12.2020 00:50:35.855 GMT+0100,3693.203,3692.8509999999997,0.0005,0.0022
16.12.2020 00:50:35.905 GMT+0100,3693.546,3692.8990000000003,0.0022,0.0022
16.12.2020 00:51:01.950 GMT+0100,3693.548,3693.039,0.0005,0.0022
16.12.2020 00:51:02.000 GMT+0100,3693.764,3693.045,0.0022,0.0022
16.12.2020 00:51:07.304 GMT+0100,3693.763,3693.333,0.0005,0.0022
16.12.2020 00:51:07.354 GMT+0100,3694.067,3693.333,0.0022,0.0022
16.12.2020 00:51:11.093 GMT+0100,3693.755,3693.036,0.0022,0.0042
16.12.2020 00:51:11.143 GMT+0100,3693.7520000000004,3693.045,0.0022,0.0022
16.12.2020 00:51:26.288 GMT+0100,3693.5009999999997,3692.836,0.0022,0.0042
16.12.2020 00:51:26.339 GMT+0100,3693.552,3692.8390000000004,0.0022,0.0022
16.12.2020 00:51:26.941 GMT+0100,3693.563,3693.045,0.0005,0.0022
16.12.2020 00:51:26.991 GMT+0100,3693.761,3693.099,0.0022,0.0022
16.12.2020 00:51:49.323 GMT+0100,3693.5550000000003,3692.8509999999997,0.0022,0.0042
16.12.2020 00:51:49.373 GMT+0100,3693.558,3692.8390000000004,0.0022,0.0022
16.12.2020 00:52:07.636 GMT+0100,3693.6670000000004,3692.9359999999997,0.0022,0.0022
16.12.2020 00:52:08.836 GMT+0100,3693.755,3693.033,0.0022,0.0022
16.12.2020 00:52:14.880 GMT+0100,3693.7659999999996,3693.2540000000004,0.0005,0.0022
16.12.2020 00:52:14.930 GMT+0100,3693.967,3693.233,0.0022,0.0022
16.12.2020 00:52:18.701 GMT+0100,3693.9690000000005,3693.348,0.0005,0.0022
16.12.2020 00:52:18.751 GMT+0100,3694.0490000000004,3693.3990000000003,0.0022,0.0022
16.12.2020 00:52:22.416 GMT+0100,3693.701,3693.036,0.0022,0.0042
16.12.2020 00:52:22.466 GMT+0100,3693.7459999999996,3693.036,0.0022,0.0022
16.12.2020 00:53:09.833 GMT+0100,3693.661,3692.948,0.0022,0.0042
16.12.2020 00:53:09.884 GMT+0100,3693.661,3692.9359999999997,0.0022,0.0022
16.12.2020 00:53:12.853 GMT+0100,3693.552,3692.8509999999997,0.0022,0.0042
16.12.2020 00:53:12.903 GMT+0100,3693.5550000000003,3692.8509999999997,0.0022,0.0022
16.12.2020 00:53:13.014 GMT+0100,3693.566,3692.945,0.0005,0.0022
16.12.2020 00:53:13.065 GMT+0100,3693.6670000000004,3692.9359999999997,0.0022,0.0022
16.12.2020 00:53:14.005 GMT+0100,3693.5009999999997,3692.833,0.0022,0.0042
16.12.2020 00:53:14.055 GMT+0100,3693.5609999999997,3692.8990000000003,0.0022,0.0022
16.12.2020 00:53:14.204 GMT+0100,3693.563,3693.045,0.0005,0.0022
16.12.2020 00:53:14.254 GMT+0100,3693.761,3693.048,0.0022,0.0022
16.12.2020 00:53:16.549 GMT+0100,3693.6670000000004,3692.951,0.0022,0.0042
16.12.2020 00:53:16.600 GMT+0100,3693.652,3692.951,0.0022,0.0022
16.12.2020 00:53:21.979 GMT+0100,3693.558,3692.8509999999997,0.0022,0.0042
16.12.2020 00:53:22.030 GMT+0100,3693.5609999999997,3692.8390000000004,0.0022,0.0022
16.12.2020 00:53:44.095 GMT+0100,3693.461,3692.742,0.0022,0.0042
16.12.2020 00:53:44.146 GMT+0100,3693.446,3692.7390000000005,0.0022,0.0022
16.12.2020 00:53:44.258 GMT+0100,3693.201,3692.536,0.0022,0.0042
16.12.2020 00:53:44.309 GMT+0100,3693.258,3692.599,0.0022,0.0022
16.12.2020 00:53:55.032 GMT+0100,3693.067,3692.342,0.0022,0.0042
16.12.2020 00:53:55.083 GMT+0100,3693.0640000000003,3692.3509999999997,0.0022,0.0022
16.12.2020 00:53:58.755 GMT+0100,3692.7670000000003,3692.033,0.0022,0.0042
16.12.2020 00:53:58.806 GMT+0100,3692.758,3692.099,0.0022,0.0022
16.12.2020 00:54:06.641 GMT+0100,3692.7540000000004,3692.3540000000003,0.0005,0.0022
16.12.2020 00:54:06.692 GMT+0100,3693.0609999999997,3692.3990000000003,0.0022,0.0022
16.12.2020 00:54:09.586 GMT+0100,3693.051,3692.554,0.0005,0.0022
16.12.2020 00:54:09.636 GMT+0100,3693.255,3692.533,0.0022,0.0022
16.12.2020 00:54:10.754 GMT+0100,3693.0640000000003,3692.3509999999997,0.0022,0.0042
16.12.2020 00:54:10.804 GMT+0100,3693.058,3692.336,0.0022,0.0022
16.12.2020 00:54:19.720 GMT+0100,3693.066,3692.548,0.0005,0.0022
16.12.2020 00:54:19.771 GMT+0100,3693.2490000000003,3692.554,0.0022,0.0022
16.12.2020 00:54:28.012 GMT+0100,3693.058,3692.333,0.0022,0.0042
16.12.2020 00:54:28.062 GMT+0100,3693.0609999999997,3692.3990000000003,0.0022,0.0022
16.12.2020 00:54:43.690 GMT+0100,3692.758,3692.045,0.0022,0.0042
16.12.2020 00:54:43.740 GMT+0100,3692.758,3692.051,0.0022,0.0022
16.12.2020 00:54:55.069 GMT+0100,3692.7659999999996,3692.3509999999997,0.0005,0.0022
16.12.2020 00:54:55.119 GMT+0100,3693.046,3692.3990000000003,0.0022,0.0022
16.12.2020 00:55:26.016 GMT+0100,3693.0570000000002,3692.5420000000004,0.0005,0.0022
16.12.2020 00:55:26.066 GMT+0100,3693.255,3692.536,0.0022,0.0022
16.12.2020 00:55:35.512 GMT+0100,3693.263,3692.7509999999997,0.0005,0.0022
16.12.2020 00:55:35.562 GMT+0100,3693.4490000000005,3692.742,0.0022,0.0022
16.12.2020 00:55:37.122 GMT+0100,3693.466,3692.848,0.0005,0.0022
16.12.2020 00:55:37.173 GMT+0100,3693.5490000000004,3692.8540000000003,0.0022,0.0022
16.12.2020 00:55:47.972 GMT+0100,3693.554,3693.099,0.0005,0.0022
16.12.2020 00:55:48.022 GMT+0100,3693.701,3693.099,0.0022,0.0022
16.12.2020 00:56:33.417 GMT+0100,3693.5640000000003,3692.836,0.0022,0.0042
16.12.2020 00:56:33.467 GMT+0100,3693.558,3692.8990000000003,0.0022,0.0022
16.12.2020 00:56:35.974 GMT+0100,3693.551,3693.099,0.0005,0.0022
16.12.2020 00:56:36.024 GMT+0100,3693.755,3693.0420000000004,0.0022,0.0022
16.12.2020 00:56:49.326 GMT+0100,3693.567,3692.848,0.0022,0.0042
16.12.2020 00:56:49.376 GMT+0100,3693.5609999999997,3692.833,0.0022,0.0022
16.12.2020 00:57:02.343 GMT+0100,3693.264,3692.536,0.0022,0.0042
16.12.2020 00:57:02.394 GMT+0100,3693.258,3692.536,0.0022,0.0022
16.12.2020 00:57:03.582 GMT+0100,3693.2659999999996,3692.842,0.0005,0.0022
16.12.2020 00:57:03.633 GMT+0100,3693.546,3692.8390000000004,0.0022,0.0022
16.12.2020 00:57:03.742 GMT+0100,3693.4640000000004,3692.7390000000005,0.0022,0.0042
16.12.2020 00:57:03.792 GMT+0100,3693.458,3692.7509999999997,0.0022,0.0022
16.12.2020 00:57:04.932 GMT+0100,3693.264,3692.554,0.0022,0.0042
16.12.2020 00:57:04.982 GMT+0100,3693.261,3692.533,0.0022,0.0022
16.12.2020 00:57:37.289 GMT+0100,3693.263,3692.836,0.0005,0.0022
16.12.2020 00:57:37.339 GMT+0100,3693.5640000000003,3692.836,0.0022,0.0022
16.12.2020 00:57:50.604 GMT+0100,3693.2459999999996,3692.533,0.0022,0.0042
16.12.2020 00:57:50.655 GMT+0100,3693.2520000000004,3692.536,0.0022,0.0022
16.12.2020 00:57:57.339 GMT+0100,3693.0609999999997,3692.3540000000003,0.0022,0.0042
16.12.2020 00:57:57.389 GMT+0100,3693.0009999999997,3692.3540000000003,0.0022,0.0022
16.12.2020 00:57:57.497 GMT+0100,3693.051,3692.454,0.0005,0.0022
16.12.2020 00:57:57.547 GMT+0100,3693.1009999999997,3692.448,0.0022,0.0022
16.12.2020 00:57:58.144 GMT+0100,3693.16,3692.533,0.0005,0.0022
16.12.2020 00:57:58.194 GMT+0100,3693.261,3692.536,0.0022,0.0022
16.12.2020 00:59:13.411 GMT+0100,3693.2459999999996,3692.551,0.0022,0.0042
16.12.2020 00:59:13.461 GMT+0100,3693.7490000000003,3693.0420000000004,0.0022,0.0022
16.12.2020 00:59:35.099 GMT+0100,3693.5550000000003,3692.833,0.0022,0.0042
16.12.2020 00:59:35.150 GMT+0100,3693.5609999999997,3692.833,0.0022,0.0022
16.12.2020 00:59:50.116 GMT+0100,3693.551,3693.099,0.0005,0.0022
16.12.2020 00:59:50.167 GMT+0100,3693.758,3693.033,0.0022,0.0022
16.12.2020 00:59:50.499 GMT+0100,3693.661,3692.9990000000003,0.0022,0.0042
16.12.2020 00:59:50.550 GMT+0100,3693.6009999999997,3692.945,0.0022,0.0022
16.12.2020 00:59:51.117 GMT+0100,3693.657,3693.054,0.0005,0.0022
16.12.2020 00:59:51.167 GMT+0100,3693.758,3693.099,0.0022,0.0022
16.12.2020 00:59:51.278 GMT+0100,3693.6490000000003,3692.942,0.0022,0.0042
16.12.2020 00:59:51.328 GMT+0100,3693.664,3692.9990000000003,0.0022,0.0022
16.12.2020 00:59:52.280 GMT+0100,3693.651,3693.054,0.0005,0.0022
16.12.2020 00:59:52.331 GMT+0100,3693.7459999999996,3693.051,0.0022,0.0022
16.12.2020 00:59:55.277 GMT+0100,3693.76,3693.2509999999997,0.0005,0.0022
16.12.2020 00:59:55.331 GMT+0100,3693.946,3693.2990000000004,0.0022,0.0022
16.12.2020 00:59:56.124 GMT+0100,3693.948,3693.3990000000003,0.0005,0.0022
16.12.2020 00:59:56.174 GMT+0100,3694.052,3693.348,0.0022,0.0022
16.12.2020 00:59:56.446 GMT+0100,3693.764,3693.039,0.0022,0.0042
16.12.2020 00:59:56.497 GMT+0100,3693.764,3693.051,0.0022,0.0022
16.12.2020 00:59:57.278 GMT+0100,3693.703,3693.233,0.0005,0.0022
16.12.2020 00:59:57.328 GMT+0100,3693.9640000000004,3693.245,0.0022,0.0022
16.12.2020 00:59:58.127 GMT+0100,3693.9570000000003,3693.3450000000003,0.0005,0.0022
16.12.2020 00:59:58.177 GMT+0100,3694.058,3693.348,0.0022,0.0022
16.12.2020 01:00:01.649 GMT+0100,3693.967,3693.2990000000004,0.0022,0.0042
16.12.2020 01:00:01.699 GMT+0100,3693.955,3693.242,0.0022,0.0022
16.12.2020 01:00:01.808 GMT+0100,3693.761,3693.036,0.0022,0.0042
16.12.2020 01:00:01.858 GMT+0100,3693.764,3693.036,0.0022,0.0022
16.12.2020 01:00:02.130 GMT+0100,3693.757,3693.3540000000003,0.0005,0.0022
16.12.2020 01:00:02.181 GMT+0100,3694.0009999999997,3693.342,0.0022,0.0022
16.12.2020 01:00:02.292 GMT+0100,3693.764,3693.036,0.0022,0.0042
16.12.2020 01:00:02.342 GMT+0100,3693.7520000000004,3693.039,0.0022,0.0022
16.12.2020 01:00:05.212 GMT+0100,3693.7459999999996,3693.036,0.0022,0.0042
16.12.2020 01:00:05.262 GMT+0100,3694.0640000000003,3693.342,0.0022,0.0022
16.12.2020 01:00:06.493 GMT+0100,3694.048,3693.533,0.0005,0.0022
16.12.2020 01:00:06.543 GMT+0100,3694.255,3693.554,0.0022,0.0022
16.12.2020 01:00:11.491 GMT+0100,3694.2690000000002,3693.836,0.0005,0.0022
16.12.2020 01:00:11.541 GMT+0100,3694.546,3693.8390000000004,0.0022,0.0022
16.12.2020 01:00:11.677 GMT+0100,3694.403,3693.833,0.0005,0.0022
16.12.2020 01:00:11.728 GMT+0100,3694.467,3693.742,0.0022,0.0022
16.12.2020 01:00:11.832 GMT+0100,3694.261,3693.5420000000004,0.0022,0.0042
16.12.2020 01:00:11.882 GMT+0100,3694.2520000000004,3693.548,0.0022,0.0022
16.12.2020 01:00:15.344 GMT+0100,3694.2690000000002,3693.836,0.0005,0.0022
16.12.2020 01:00:15.394 GMT+0100,3694.558,3693.833,0.0022,0.0022
16.12.2020 01:00:20.516 GMT+0100,3694.566,3694.039,0.0005,0.0022
16.12.2020 01:00:20.567 GMT+0100,3694.755,3694.036,0.0022,0.0022
16.12.2020 01:00:20.675 GMT+0100,3694.7659999999996,3694.333,0.0005,0.0022
16.12.2020 01:00:20.725 GMT+0100,3695.0640000000003,3694.336,0.0022,0.0022
16.12.2020 01:00:20.838 GMT+0100,3694.758,3694.036,0.0022,0.0042
16.12.2020 01:00:20.888 GMT+0100,3694.7459999999996,3694.036,0.0022,0.0022
16.12.2020 01:00:20.996 GMT+0100,3694.757,3694.3390000000004,0.0005,0.0022
16.12.2020 01:00:21.047 GMT+0100,3695.0490000000004,3694.3540000000003,0.0022,0.0022
16.12.2020 01:00:21.480 GMT+0100,3694.7520000000004,3694.054,0.0022,0.0042
16.12.2020 01:00:21.530 GMT+0100,3694.7490000000003,3694.054,0.0022,0.0022
16.12.2020 01:00:28.335 GMT+0100,3694.652,3693.954,0.0022,0.0042
16.12.2020 01:00:28.385 GMT+0100,3694.6459999999997,3693.951,0.0022,0.0022
16.12.2020 01:00:28.502 GMT+0100,3694.66,3694.036,0.0005,0.0022
16.12.2020 01:00:28.552 GMT+0100,3694.7490000000003,3694.099,0.0022,0.0022
16.12.2020 01:00:28.661 GMT+0100,3694.655,3693.948,0.0022,0.0042
16.12.2020 01:00:28.712 GMT+0100,3694.658,3693.951,0.0022,0.0022
16.12.2020 01:00:28.825 GMT+0100,3694.546,3693.8390000000004,0.0022,0.0042
16.12.2020 01:00:28.875 GMT+0100,3694.552,3693.836,0.0022,0.0022
16.12.2020 01:00:29.807 GMT+0100,3694.2490000000003,3693.599,0.0022,0.0042
16.12.2020 01:00:29.857 GMT+0100,3694.2490000000003,3693.545,0.0022,0.0022
16.12.2020 01:00:31.278 GMT+0100,3694.263,3693.833,0.0005,0.0022
16.12.2020 01:00:31.328 GMT+0100,3694.558,3693.842,0.0022,0.0022
16.12.2020 01:00:31.925 GMT+0100,3694.452,3693.7540000000004,0.0022,0.0042
16.12.2020 01:00:31.975 GMT+0100,3694.461,3693.7390000000005,0.0022,0.0022
16.12.2020 01:00:32.087 GMT+0100,3694.448,3693.8390000000004,0.0005,0.0022
16.12.2020 01:00:32.137 GMT+0100,3694.5550000000003,3693.8390000000004,0.0022,0.0022
16.12.2020 01:00:32.500 GMT+0100,3694.458,3693.7990000000004,0.0022,0.0042
16.12.2020 01:00:32.551 GMT+0100,3694.461,3693.7390000000005,0.0022,0.0022
16.12.2020 01:00:33.176 GMT+0100,3694.4570000000003,3693.8390000000004,0.0005,0.0022
16.12.2020 01:00:33.227 GMT+0100,3694.5009999999997,3693.833,0.0022,0.0022
16.12.2020 01:00:33.340 GMT+0100,3694.255,3693.548,0.0022,0.0042
16.12.2020 01:00:33.390 GMT+0100,3694.264,3693.545,0.0022,0.0022
16.12.2020 01:00:37.138 GMT+0100,3694.0490000000004,3693.336,0.0022,0.0042
16.12.2020 01:00:37.188 GMT+0100,3694.0609999999997,3693.3540000000003,0.0022,0.0022
16.12.2020 01:00:43.480 GMT+0100,3693.755,3693.0420000000004,0.0022,0.0042
16.12.2020 01:00:43.530 GMT+0100,3693.7520000000004,3693.048,0.0022,0.0022
16.12.2020 01:00:59.428 GMT+0100,3693.76,3693.342,0.0005,0.0022
16.12.2020 01:00:59.478 GMT+0100,3694.0640000000003,3693.342,0.0022,0.0022
16.12.2020 01:01:05.556 GMT+0100,3694.003,3693.548,0.0005,0.0022
16.12.2020 01:01:05.606 GMT+0100,3694.2490000000003,3693.539,0.0022,0.0022
16.12.2020 01:01:07.541 GMT+0100,3694.263,3693.8390000000004,0.0005,0.0022
16.12.2020 01:01:07.591 GMT+0100,3694.5490000000004,3693.833,0.0022,0.0022
16.12.2020 01:01:09.617 GMT+0100,3694.2490000000003,3693.5420000000004,0.0022,0.0042
16.12.2020 01:01:09.667 GMT+0100,3694.258,3693.551,0.0022,0.0022
16.12.2020 01:01:09.778 GMT+0100,3694.248,3693.8990000000003,0.0005,0.0022
16.12.2020 01:01:09.828 GMT+0100,3694.558,3693.848,0.0022,0.0022
16.12.2020 01:01:15.401 GMT+0100,3694.563,3693.954,0.0005,0.0022
16.12.2020 01:01:15.451 GMT+0100,3694.6459999999997,3693.945,0.0022,0.0022
16.12.2020 01:01:16.167 GMT+0100,3694.657,3694.099,0.0005,0.0022
16.12.2020 01:01:16.217 GMT+0100,3694.761,3694.039,0.0022,0.0022
16.12.2020 01:01:16.329 GMT+0100,3694.658,3693.948,0.0022,0.0042
16.12.2020 01:01:16.380 GMT+0100,3694.661,3693.948,0.0022,0.0022
16.12.2020 01:01:16.489 GMT+0100,3694.552,3693.8390000000004,0.0022,0.0042
16.12.2020 01:01:16.539 GMT+0100,3694.5609999999997,3693.8509999999997,0.0022,0.0022
16.12.2020 01:01:16.650 GMT+0100,3694.566,3694.033,0.0005,0.0022
16.12.2020 01:01:16.700 GMT+0100,3694.761,3694.051,0.0022,0.0022
16.12.2020 01:01:20.763 GMT+0100,3694.5009999999997,3693.8509999999997,0.0022,0.0042
16.12.2020 01:01:20.814 GMT+0100,3694.558,3693.8509999999997,0.0022,0.0022
16.12.2020 01:01:27.005 GMT+0100,3694.264,3693.533,0.0022,0.0042
16.12.2020 01:01:27.056 GMT+0100,3694.2520000000004,3693.539,0.0022,0.0022
16.12.2020 01:01:27.167 GMT+0100,3694.263,3693.848,0.0005,0.0022
16.12.2020 01:01:27.218 GMT+0100,3694.5609999999997,3693.8390000000004,0.0022,0.0022
16.12.2020 01:01:36.176 GMT+0100,3694.56,3694.033,0.0005,0.0022
16.12.2020 01:01:36.227 GMT+0100,3694.7490000000003,3694.045,0.0022,0.0022
16.12.2020 01:01:36.337 GMT+0100,3694.5550000000003,3693.8390000000004,0.0022,0.0042
16.12.2020 01:01:36.388 GMT+0100,3694.567,3693.836,0.0022,0.0022
16.12.2020 01:01:43.163 GMT+0100,3694.46,3693.8390000000004,0.0005,0.0022
16.12.2020 01:01:43.214 GMT+0100,3694.446,3693.7390000000005,0.0022,0.0022
16.12.2020 01:01:43.519 GMT+0100,3694.403,3693.8509999999997,0.0005,0.0022
16.12.2020 01:01:43.569 GMT+0100,3694.552,3693.8390000000004,0.0022,0.0022
16.12.2020 01:01:44.485 GMT+0100,3694.2490000000003,3693.554,0.0022,0.0042
16.12.2020 01:01:44.536 GMT+0100,3694.255,3693.536,0.0022,0.0022
16.12.2020 01:01:48.399 GMT+0100,3694.2690000000002,3693.8390000000004,0.0005,0.0022
16.12.2020 01:01:48.449 GMT+0100,3694.558,3693.8990000000003,0.0022,0.0022
16.12.2020 01:01:49.557 GMT+0100,3694.261,3693.551,0.0022,0.0042
16.12.2020 01:01:49.607 GMT+0100,3694.2459999999996,3693.536,0.0022,0.0022
16.12.2020 01:01:50.051 GMT+0100,3694.261,3693.599,0.0022,0.0042
16.12.2020 01:01:50.102 GMT+0100,3694.546,3693.8990000000003,0.0022,0.0022
16.12.2020 01:01:52.384 GMT+0100,3694.551,3694.048,0.0005,0.0022
16.12.2020 01:01:52.434 GMT+0100,3694.764,3694.033,0.0022,0.0022
16.12.2020 01:01:55.375 GMT+0100,3694.5690000000004,3694.0420000000004,0.0005,0.0022
16.12.2020 01:01:55.425 GMT+0100,3694.5609999999997,3693.8990000000003,0.0022,0.0022
16.12.2020 01:01:56.638 GMT+0100,3694.5690000000004,3693.942,0.0005,0.0022
16.12.2020 01:01:56.689 GMT+0100,3694.6490000000003,3693.9990000000003,0.0022,0.0022
16.12.2020 01:01:57.897 GMT+0100,3694.651,3694.051,0.0005,0.0022
16.12.2020 01:01:57.947 GMT+0100,3694.758,3694.039,0.0022,0.0022
16.12.2020 01:01:59.794 GMT+0100,3694.5490000000004,3693.8390000000004,0.0022,0.0042
16.12.2020 01:01:59.844 GMT+0100,3694.552,3693.8509999999997,0.0022,0.0022
16.12.2020 01:02:00.168 GMT+0100,3694.566,3694.048,0.0005,0.0022
16.12.2020 01:02:00.219 GMT+0100,3694.7459999999996,3694.0420000000004,0.0022,0.0022
16.12.2020 01:02:06.169 GMT+0100,3694.5570000000002,3694.039,0.0005,0.0022
16.12.2020 01:02:06.219 GMT+0100,3694.5009999999997,3693.8390000000004,0.0022,0.0022
16.12.2020 01:02:06.329 GMT+0100,3694.5570000000002,3693.9390000000003,0.0005,0.0022
16.12.2020 01:02:06.380 GMT+0100,3694.661,3693.954,0.0022,0.0022
16.12.2020 01:02:06.604 GMT+0100,3694.6540000000005,3694.0420000000004,0.0005,0.0022
16.12.2020 01:02:06.654 GMT+0100,3694.764,3694.048,0.0022,0.0022
16.12.2020 01:02:08.862 GMT+0100,3694.5550000000003,3693.842,0.0022,0.0042
16.12.2020 01:02:08.912 GMT+0100,3694.5009999999997,3693.8990000000003,0.0022,0.0022
16.12.2020 01:02:09.063 GMT+0100,3694.554,3693.9390000000003,0.0005,0.0022
16.12.2020 01:02:09.114 GMT+0100,3694.658,3693.951,0.0022,0.0022
16.12.2020 01:02:09.672 GMT+0100,3694.5009999999997,3693.8540000000003,0.0022,0.0042
16.12.2020 01:02:09.722 GMT+0100,3694.5640000000003,3693.8390000000004,0.0022,0.0022
16.12.2020 01:02:11.377 GMT+0100,3694.563,3693.948,0.0005,0.0022
16.12.2020 01:02:11.428 GMT+0100,3694.6459999999997,3693.9390000000003,0.0022,0.0022
16.12.2020 01:02:11.905 GMT+0100,3694.5609999999997,3693.8540000000003,0.0022,0.0042
16.12.2020 01:02:11.955 GMT+0100,3694.5490000000004,3693.848,0.0022,0.0022
16.12.2020 01:02:12.228 GMT+0100,3694.554,3693.945,0.0005,0.0022
16.12.2020 01:02:12.278 GMT+0100,3694.6009999999997,3693.945,0.0022,0.0022
16.12.2020 01:02:12.766 GMT+0100,3694.758,3694.033,0.0022,0.0022
16.12.2020 01:02:22.429 GMT+0100,3694.6670000000004,3693.948,0.0022,0.0042
16.12.2020 01:02:22.480 GMT+0100,3694.664,3693.954,0.0022,0.0022
16.12.2020 01:02:22.977 GMT+0100,3694.558,3693.8450000000003,0.0022,0.0042
16.12.2020 01:02:23.027 GMT+0100,3694.546,3693.8509999999997,0.0022,0.0022
16.12.2020 01:02:23.355 GMT+0100,3694.503,3694.039,0.0005,0.0022
16.12.2020 01:02:23.406 GMT+0100,3694.758,3694.054,0.0022,0.0022
16.12.2020 01:02:23.517 GMT+0100,3694.655,3693.954,0.0022,0.0042
16.12.2020 01:02:23.567 GMT+0100,3694.6009999999997,3693.9990000000003,0.0022,0.0022
16.12.2020 01:02:25.287 GMT+0100,3694.546,3693.836,0.0022,0.0042
16.12.2020 01:02:25.338 GMT+0100,3694.558,3693.8990000000003,0.0022,0.0022
16.12.2020 01:02:25.803 GMT+0100,3694.5570000000002,3693.9359999999997,0.0005,0.0022
16.12.2020 01:02:25.853 GMT+0100,3694.661,3693.942,0.0022,0.0022
16.12.2020 01:02:25.962 GMT+0100,3694.6009999999997,3693.948,0.0022,0.0042
16.12.2020 01:02:26.013 GMT+0100,3694.764,3694.054,0.0022,0.0022
16.12.2020 01:02:26.376 GMT+0100,3694.661,3693.954,0.0022,0.0042
16.12.2020 01:02:26.426 GMT+0100,3694.6459999999997,3693.954,0.0022,0.0022
16.12.2020 01:02:26.537 GMT+0100,3694.567,3693.8509999999997,0.0022,0.0042
16.12.2020 01:02:26.588 GMT+0100,3694.5490000000004,3693.848,0.0022,0.0022
16.12.2020 01:02:28.736 GMT+0100,3694.558,3693.8509999999997,0.0022,0.0042
16.12.2020 01:02:28.787 GMT+0100,3694.764,3694.051,0.0022,0.0022
16.12.2020 01:02:32.052 GMT+0100,3694.546,3693.836,0.0022,0.0042
16.12.2020 01:02:32.102 GMT+0100,3694.558,3693.8540000000003,0.0022,0.0022
16.12.2020 01:02:32.689 GMT+0100,3694.566,3693.9990000000003,0.0005,0.0022
16.12.2020 01:02:32.739 GMT+0100,3694.661,3693.9359999999997,0.0022,0.0022
16.12.2020 01:02:32.849 GMT+0100,3694.552,3693.842,0.0022,0.0042
16.12.2020 01:02:32.900 GMT+0100,3694.5009999999997,3693.8450000000003,0.0022,0.0022
16.12.2020 01:03:00.520 GMT+0100,3694.56,3694.054,0.0005,0.0022
16.12.2020 01:03:00.570 GMT+0100,3694.7670000000003,3694.048,0.0022,0.0022
16.12.2020 01:03:11.104 GMT+0100,3694.567,3693.842,0.0022,0.0042
16.12.2020 01:03:11.155 GMT+0100,3694.5609999999997,3693.836,0.0022,0.0022
16.12.2020 01:03:12.155 GMT+0100,3694.548,3693.9990000000003,0.0005,0.0022
16.12.2020 01:03:12.205 GMT+0100,3694.652,3693.9390000000003,0.0022,0.0022
16.12.2020 01:03:12.309 GMT+0100,3694.567,3693.8450000000003,0.0022,0.0042
16.12.2020 01:03:12.359 GMT+0100,3694.567,3693.8509999999997,0.0022,0.0022
16.12.2020 01:03:20.816 GMT+0100,3694.201,3693.554,0.0022,0.0042
16.12.2020 01:03:20.866 GMT+0100,3694.2459999999996,3693.599,0.0022,0.0022
16.12.2020 01:03:33.120 GMT+0100,3694.0609999999997,3693.333,0.0022,0.0042
16.12.2020 01:03:33.171 GMT+0100,3694.0609999999997,3693.3390000000004,0.0022,0.0022
16.12.2020 01:03:33.281 GMT+0100,3694.0570000000002,3693.551,0.0005,0.0022
16.12.2020 01:03:33.332 GMT+0100,3694.2459999999996,3693.599,0.0022,0.0022
16.12.2020 01:03:35.955 GMT+0100,3694.2540000000004,3693.842,0.0005,0.0022
16.12.2020 01:03:36.005 GMT+0100,3694.5009999999997,3693.8509999999997,0.0022,0.0022
16.12.2020 01:03:36.277 GMT+0100,3694.264,3693.536,0.0022,0.0042
16.12.2020 01:03:36.327 GMT+0100,3694.2459999999996,3693.5420000000004,0.0022,0.0022
16.12.2020 01:03:37.186 GMT+0100,3694.257,3693.742,0.0005,0.0022
16.12.2020 01:03:37.236 GMT+0100,3694.461,3693.7990000000004,0.0022,0.0022
16.12.2020 01:03:40.200 GMT+0100,3694.4570000000003,3693.8540000000003,0.0005,0.0022
16.12.2020 01:03:40.250 GMT+0100,3694.546,3693.848,0.0022,0.0022
16.12.2020 01:03:40.701 GMT+0100,3694.458,3693.748,0.0022,0.0042
16.12.2020 01:03:40.751 GMT+0100,3694.455,3693.736,0.0022,0.0022
16.12.2020 01:03:41.704 GMT+0100,3694.458,3693.733,0.0022,0.0042
16.12.2020 01:03:41.754 GMT+0100,3694.558,3693.842,0.0022,0.0022
16.12.2020 01:03:42.202 GMT+0100,3694.451,3693.8450000000003,0.0005,0.0022
16.12.2020 01:03:42.252 GMT+0100,3694.452,3693.7390000000005,0.0022,0.0022
16.12.2020 01:03:43.924 GMT+0100,3694.451,3693.833,0.0005,0.0022
16.12.2020 01:03:43.975 GMT+0100,3694.546,3693.8390000000004,0.0022,0.0022
16.12.2020 01:03:44.085 GMT+0100,3694.26,3693.8540000000003,0.0005,0.0022
16.12.2020 01:03:44.135 GMT+0100,3694.264,3693.548,0.0022,0.0022
16.12.2020 01:03:45.627 GMT+0100,3694.048,3693.599,0.0005,0.0022
16.12.2020 01:03:45.678 GMT+0100,3694.0640000000003,3693.333,0.0022,0.0022
16.12.2020 01:03:46.722 GMT+0100,3693.758,3693.0420000000004,0.0022,0.0042
16.12.2020 01:03:46.772 GMT+0100,3693.7670000000003,3693.045,0.0022,0.0022
16.12.2020 01:03:50.198 GMT+0100,3693.558,3692.842,0.0022,0.0042
16.12.2020 01:03:50.248 GMT+0100,3693.5009999999997,3692.833,0.0022,0.0022
16.12.2020 01:03:51.770 GMT+0100,3693.4490000000005,3692.742,0.0022,0.0042
16.12.2020 01:03:51.820 GMT+0100,3693.455,3692.742,0.0022,0.0022
16.12.2020 01:03:57.829 GMT+0100,3693.264,3692.548,0.0022,0.0042
16.12.2020 01:03:57.879 GMT+0100,3693.2520000000004,3692.551,0.0022,0.0022
16.12.2020 01:04:04.906 GMT+0100,3693.063,3692.5420000000004,0.0005,0.0022
16.12.2020 01:04:04.956 GMT+0100,3693.0550000000003,3692.348,0.0022,0.0022
16.12.2020 01:04:05.606 GMT+0100,3693.066,3692.451,0.0005,0.0022
16.12.2020 01:04:05.656 GMT+0100,3693.155,3692.4359999999997,0.0022,0.0022
16.12.2020 01:04:06.127 GMT+0100,3693.151,3692.545,0.0005,0.0022
16.12.2020 01:04:06.178 GMT+0100,3693.264,3692.539,0.0022,0.0022
16.12.2020 01:04:14.497 GMT+0100,3693.2540000000004,3692.836,0.0005,0.0022
16.12.2020 01:04:14.547 GMT+0100,3693.5550000000003,3692.848,0.0022,0.0022
16.12.2020 01:04:31.492 GMT+0100,3693.2520000000004,3692.599,0.0022,0.0042
16.12.2020 01:04:31.542 GMT+0100,3693.2520000000004,3692.539,0.0022,0.0022
16.12.2020 01:04:36.667 GMT+0100,3693.257,3692.742,0.0005,0.0022
16.12.2020 01:04:36.717 GMT+0100,3693.446,3692.7390000000005,0.0022,0.0022
16.12.2020 01:04:37.929 GMT+0100,3693.26,3692.7509999999997,0.0005,0.0022
16.12.2020 01:04:37.979 GMT+0100,3693.2490000000003,3692.539,0.0022,0.0022
16.12.2020 01:04:38.631 GMT+0100,3693.255,3692.539,0.0022,0.0042
16.12.2020 01:04:38.681 GMT+0100,3693.4640000000004,3692.7540000000004,0.0022,0.0022
16.12.2020 01:04:39.643 GMT+0100,3693.258,3692.554,0.0022,0.0042
16.12.2020 01:04:39.693 GMT+0100,3693.2520000000004,3692.554,0.0022,0.0022
16.12.2020 01:04:42.851 GMT+0100,3693.058,3692.3990000000003,0.0022,0.0042
16.12.2020 01:04:42.901 GMT+0100,3693.0640000000003,3692.342,0.0022,0.0022
16.12.2020 01:04:46.905 GMT+0100,3692.7670000000003,3692.045,0.0022,0.0042
16.12.2020 01:04:46.956 GMT+0100,3692.758,3692.051,0.0022,0.0022
16.12.2020 01:04:47.574 GMT+0100,3692.7459999999996,3692.045,0.0022,0.0042
16.12.2020 01:04:47.624 GMT+0100,3693.067,3692.3540000000003,0.0022,0.0022
16.12.2020 01:04:47.735 GMT+0100,3692.961,3692.248,0.0022,0.0042
16.12.2020 01:04:47.785 GMT+0100,3692.952,3692.242,0.0022,0.0022
16.12.2020 01:04:49.467 GMT+0100,3692.7520000000004,3692.048,0.0022,0.0042
16.12.2020 01:04:49.517 GMT+0100,3692.701,3692.039,0.0022,0.0022
16.12.2020 01:04:52.323 GMT+0100,3692.5640000000003,3691.8540000000003,0.0022,0.0042
16.12.2020 01:04:52.373 GMT+0100,3692.5009999999997,3691.8509999999997,0.0022,0.0022
16.12.2020 01:04:53.287 GMT+0100,3692.4640000000004,3691.7390000000005,0.0022,0.0042
16.12.2020 01:04:53.337 GMT+0100,3692.467,3691.742,0.0022,0.0022
16.12.2020 01:04:53.448 GMT+0100,3692.403,3691.842,0.0005,0.0022
16.12.2020 01:04:53.498 GMT+0100,3692.552,3691.8540000000003,0.0022,0.0022
16.12.2020 01:04:59.703 GMT+0100,3692.201,3691.551,0.0022,0.0042
16.12.2020 01:04:59.753 GMT+0100,3692.2459999999996,3691.5420000000004,0.0022,0.0022
16.12.2020 01:05:00.427 GMT+0100,3692.26,3691.8390000000004,0.0005,0.0022
16.12.2020 01:05:00.477 GMT+0100,3692.5609999999997,3691.833,0.0022,0.0022
16.12.2020 01:05:00.589 GMT+0100,3692.401,3691.748,0.0022,0.0042
16.12.2020 01:05:00.639 GMT+0100,3692.461,3691.7390000000005,0.0022,0.0022
16.12.2020 01:05:00.749 GMT+0100,3692.403,3691.8540000000003,0.0005,0.0022
16.12.2020 01:05:00.800 GMT+0100,3692.567,3691.8990000000003,0.0022,0.0022
16.12.2020 01:05:03.449 GMT+0100,3692.5690000000004,3692.048,0.0005,0.0022
16.12.2020 01:05:03.500 GMT+0100,3692.701,3692.099,0.0022,0.0022
16.12.2020 01:05:03.614 GMT+0100,3692.546,3691.842,0.0022,0.0042
16.12.2020 01:05:03.665 GMT+0100,3692.567,3691.8450000000003,0.0022,0.0022
16.12.2020 01:05:13.250 GMT+0100,3692.554,3691.945,0.0005,0.0022
16.12.2020 01:05:13.300 GMT+0100,3692.655,3691.945,0.0022,0.0022
16.12.2020 01:05:16.728 GMT+0100,3692.5550000000003,3691.8390000000004,0.0022,0.0042
16.12.2020 01:05:16.779 GMT+0100,3692.5609999999997,3691.8990000000003,0.0022,0.0022
16.12.2020 01:05:18.045 GMT+0100,3692.554,3691.948,0.0005,0.0022
16.12.2020 01:05:18.095 GMT+0100,3692.6670000000004,3691.933,0.0022,0.0022
16.12.2020 01:05:18.210 GMT+0100,3692.5550000000003,3691.8450000000003,0.0022,0.0042
16.12.2020 01:05:18.260 GMT+0100,3692.5640000000003,3691.8509999999997,0.0022,0.0022
16.12.2020 01:05:21.248 GMT+0100,3692.566,3692.051,0.0005,0.0022
16.12.2020 01:05:21.298 GMT+0100,3692.761,3692.054,0.0022,0.0022
16.12.2020 01:05:26.131 GMT+0100,3692.757,3692.3390000000004,0.0005,0.0022
16.12.2020 01:05:26.181 GMT+0100,3693.0609999999997,3692.348,0.0022,0.0022
16.12.2020 01:05:26.292 GMT+0100,3693.06,3692.545,0.0005,0.0022
16.12.2020 01:05:26.342 GMT+0100,3693.2670000000003,3692.554,0.0022,0.0022
16.12.2020 01:05:28.851 GMT+0100,3693.152,3692.448,0.0022,0.0042
16.12.2020 01:05:28.901 GMT+0100,3693.1009999999997,3692.451,0.0022,0.0022
16.12.2020 01:05:31.228 GMT+0100,3693.0490000000004,3692.3390000000004,0.0022,0.0042
16.12.2020 01:05:31.278 GMT+0100,3693.067,3692.342,0.0022,0.0022
16.12.2020 01:05:35.556 GMT+0100,3693.048,3692.4990000000003,0.0005,0.0022
16.12.2020 01:05:35.607 GMT+0100,3693.1490000000003,3692.433,0.0022,0.0022
16.12.2020 01:05:35.720 GMT+0100,3693.1459999999997,3692.4390000000003,0.0022,0.0042
16.12.2020 01:05:35.770 GMT+0100,3693.261,3692.5420000000004,0.0022,0.0022
16.12.2020 01:05:35.879 GMT+0100,3693.161,3692.454,0.0022,0.0042
16.12.2020 01:05:35.930 GMT+0100,3693.1459999999997,3692.448,0.0022,0.0022
16.12.2020 01:05:37.765 GMT+0100,3693.0550000000003,3692.333,0.0022,0.0042
16.12.2020 01:05:37.815 GMT+0100,3693.067,3692.342,0.0022,0.0022
