Local time,Ask,Bid,AskVolume,BidVolume
16.12.2020 00:00:00.086 GMT+0100,173.258,173.21599999999998,0.0179,0.0221
16.12.2020 00:00:04.889 GMT+0100,173.23,173.178,0.0179,0.0221
16.12.2020 00:01:00.576 GMT+0100,173.198,173.146,0.0179,0.0221
16.12.2020 00:01:01.546 GMT+0100,173.23,173.178,0.0179,0.0221
16.12.2020 00:04:11.333 GMT+0100,173.226,173.178,0.0179,0.0221
16.12.2020 00:04:52.241 GMT+0100,173.191,173.15,0.0179,0.0221
16.12.2020 00:06:35.542 GMT+0100,173.198,173.15,0.0179,0.0221
16.12.2020 00:11:32.003 GMT+0100,173.197,173.148,0.0179,0.0221
16.12.2020 00:13:08.795 GMT+0100,173.19400000000002,173.148,0.0179,0.0221
16.12.2020 00:15:48.028 GMT+0100,173.229,173.18,0.0179,0.0221
16.12.2020 00:19:06.973 GMT+0100,173.229,173.178,0.0179,0.0221
16.12.2020 00:19:08.084 GMT+0100,173.25400000000002,173.213,0.0179,0.0221
16.12.2020 00:20:52.358 GMT+0100,173.238,173.198,0.0179,0.0221
16.12.2020 00:20:52.479 GMT+0100,173.229,173.18,0.0179,0.0221
16.12.2020 00:20:56.306 GMT+0100,173.258,173.21599999999998,0.0179,0.0221
16.12.2020 00:21:01.503 GMT+0100,173.228,173.178,0.0179,0.0221
16.12.2020 00:25:46.394 GMT+0100,173.258,173.21099999999998,0.0179,0.0221
16.12.2020 00:29:07.639 GMT+0100,173.22299999999998,173.185,0.0179,0.0221
16.12.2020 00:29:08.542 GMT+0100,173.24099999999999,173.195,0.0179,0.0221
16.12.2020 00:29:25.440 GMT+0100,173.258,173.213,0.0179,0.0221
16.12.2020 00:30:00.243 GMT+0100,173.23,173.178,0.0179,0.0221
16.12.2020 00:30:01.327 GMT+0100,173.261,173.20900000000003,0.0179,0.0221
16.12.2020 00:32:42.649 GMT+0100,173.256,173.20900000000003,0.0179,0.0221
16.12.2020 00:34:25.555 GMT+0100,173.256,173.21400000000003,0.0179,0.0221
16.12.2020 00:39:02.755 GMT+0100,173.25900000000001,173.21200000000002,0.0179,0.0221
16.12.2020 00:39:06.491 GMT+0100,173.29,173.24,0.0179,0.0221
16.12.2020 00:39:07.904 GMT+0100,173.25900000000001,173.20900000000003,0.0179,0.0221
16.12.2020 00:41:24.765 GMT+0100,173.25900000000001,173.21400000000003,0.0179,0.0221
16.12.2020 00:41:33.817 GMT+0100,173.29,173.24,0.0179,0.0221
16.12.2020 00:46:37.795 GMT+0100,173.258,173.21400000000003,0.0179,0.0221
16.12.2020 00:48:48.428 GMT+0100,173.228,173.185,0.0179,0.0221
16.12.2020 00:50:59.502 GMT+0100,173.198,173.148,0.0179,0.0221
16.12.2020 00:52:13.137 GMT+0100,173.16400000000002,173.11900000000003,0.0179,0.0221
16.12.2020 00:52:14.234 GMT+0100,173.198,173.146,0.0179,0.0221
16.12.2020 00:53:47.534 GMT+0100,173.23,173.185,0.0179,0.0221
16.12.2020 00:55:03.408 GMT+0100,173.197,173.146,0.0179,0.0221
16.12.2020 00:55:04.330 GMT+0100,173.23,173.178,0.0179,0.0221
16.12.2020 00:55:32.501 GMT+0100,173.19299999999998,173.15099999999998,0.0179,0.0221
16.12.2020 00:55:33.361 GMT+0100,173.21400000000003,173.16400000000002,0.0179,0.0221
16.12.2020 00:55:50.006 GMT+0100,173.196,173.15099999999998,0.0179,0.0221
16.12.2020 00:56:31.138 GMT+0100,173.20700000000002,173.165,0.0179,0.0221
16.12.2020 00:56:31.481 GMT+0100,173.19299999999998,173.14900000000003,0.0179,0.0221
16.12.2020 00:57:08.649 GMT+0100,173.22299999999998,173.18200000000002,0.0179,0.0221
16.12.2020 00:57:34.306 GMT+0100,173.213,173.16400000000002,0.0179,0.0221
16.12.2020 00:57:38.196 GMT+0100,173.19400000000002,173.146,0.0179,0.0221
16.12.2020 00:57:50.537 GMT+0100,173.21,173.167,0.0179,0.0221
16.12.2020 00:57:54.367 GMT+0100,173.228,173.185,0.0179,0.0221
16.12.2020 00:58:05.365 GMT+0100,173.19299999999998,173.14900000000003,0.0179,0.0221
16.12.2020 00:58:05.600 GMT+0100,173.21,173.16400000000002,0.0179,0.0221
16.12.2020 00:58:05.819 GMT+0100,173.19299999999998,173.15099999999998,0.0179,0.0221
16.12.2020 01:04:52.069 GMT+0100,173.228,173.18200000000002,0.0179,0.0221
16.12.2020 01:05:43.076 GMT+0100,173.25400000000002,173.21200000000002,0.0179,0.0221
16.12.2020 01:05:44.094 GMT+0100,173.24099999999999,173.19400000000002,0.0179,0.0221
16.12.2020 01:05:44.216 GMT+0100,173.258,173.20900000000003,0.0179,0.0221
16.12.2020 01:05:49.233 GMT+0100,173.22299999999998,173.17900000000003,0.0179,0.0221
16.12.2020 01:06:28.537 GMT+0100,173.258,173.21400000000003,0.0179,0.0221
16.12.2020 01:06:32.786 GMT+0100,173.24,173.196,0.0179,0.0221
16.12.2020 01:06:38.259 GMT+0100,173.25400000000002,173.21400000000003,0.0179,0.0221
16.12.2020 01:06:39.408 GMT+0100,173.238,173.198,0.0179,0.0221
16.12.2020 01:07:01.110 GMT+0100,173.261,173.20900000000003,0.0179,0.0221
16.12.2020 01:07:02.465 GMT+0100,173.243,173.195,0.0179,0.0221
16.12.2020 01:07:02.663 GMT+0100,173.227,173.185,0.0179,0.0221
16.12.2020 01:07:21.083 GMT+0100,173.25900000000001,173.21200000000002,0.0179,0.0221
16.12.2020 01:07:31.907 GMT+0100,173.238,173.195,0.0179,0.0221
16.12.2020 01:07:32.042 GMT+0100,173.225,173.185,0.0179,0.0221
16.12.2020 01:07:33.029 GMT+0100,173.243,173.20000000000002,0.0179,0.0221
16.12.2020 01:07:33.143 GMT+0100,173.229,173.183,0.0179,0.0221
16.12.2020 01:10:28.057 GMT+0100,173.261,173.213,0.0179,0.0221
16.12.2020 01:10:29.755 GMT+0100,173.245,173.196,0.0179,0.0221
16.12.2020 01:10:30.536 GMT+0100,173.261,173.21599999999998,0.0179,0.0221
16.12.2020 01:10:42.697 GMT+0100,173.229,173.18200000000002,0.0179,0.0221
16.12.2020 01:12:23.080 GMT+0100,173.198,173.153,0.0179,0.0221
16.12.2020 01:15:40.346 GMT+0100,173.191,173.15099999999998,0.0179,0.0221
16.12.2020 01:17:29.525 GMT+0100,173.198,173.148,0.0179,0.0221
16.12.2020 01:18:31.058 GMT+0100,173.16,173.11900000000003,0.0179,0.0221
16.12.2020 01:18:32.067 GMT+0100,173.195,173.146,0.0179,0.0221
16.12.2020 01:20:55.913 GMT+0100,173.198,173.15,0.0179,0.0221
16.12.2020 01:24:56.937 GMT+0100,173.191,173.153,0.0179,0.0221
16.12.2020 01:25:41.229 GMT+0100,173.165,173.122,0.0179,0.0221
16.12.2020 01:25:45.449 GMT+0100,173.178,173.136,0.0179,0.0221
16.12.2020 01:25:45.553 GMT+0100,173.19400000000002,173.14700000000002,0.0179,0.0221
16.12.2020 01:25:48.647 GMT+0100,173.167,173.12,0.0179,0.0221
16.12.2020 01:28:04.019 GMT+0100,173.191,173.14900000000003,0.0179,0.0221
16.12.2020 01:28:46.429 GMT+0100,173.165,173.115,0.0179,0.0221
16.12.2020 01:28:46.631 GMT+0100,173.18099999999998,173.13400000000001,0.0179,0.0221
16.12.2020 01:28:47.080 GMT+0100,173.165,173.11900000000003,0.0179,0.0221
16.12.2020 01:29:13.473 GMT+0100,173.19299999999998,173.14700000000002,0.0179,0.0221
16.12.2020 01:30:23.604 GMT+0100,173.226,173.18099999999998,0.0179,0.0221
16.12.2020 01:32:15.841 GMT+0100,173.19299999999998,173.14700000000002,0.0179,0.0221
16.12.2020 01:37:29.883 GMT+0100,173.197,173.148,0.0179,0.0221
16.12.2020 01:38:48.258 GMT+0100,173.229,173.185,0.0179,0.0221
16.12.2020 01:39:08.677 GMT+0100,173.198,173.153,0.0179,0.0221
16.12.2020 01:43:16.791 GMT+0100,173.165,173.11900000000003,0.0179,0.0221
16.12.2020 01:43:27.165 GMT+0100,173.196,173.15099999999998,0.0179,0.0221
16.12.2020 01:43:27.478 GMT+0100,173.176,173.131,0.0179,0.0221
16.12.2020 01:44:02.149 GMT+0100,173.197,173.153,0.0179,0.0221
16.12.2020 01:47:08.583 GMT+0100,173.19400000000002,173.15,0.0179,0.0221
16.12.2020 01:48:52.867 GMT+0100,173.19299999999998,173.14700000000002,0.0179,0.0221
16.12.2020 01:51:31.674 GMT+0100,173.162,173.122,0.0179,0.0221
16.12.2020 01:52:09.042 GMT+0100,173.195,173.15099999999998,0.0179,0.0221
16.12.2020 01:52:09.844 GMT+0100,173.176,173.132,0.0179,0.0221
16.12.2020 01:52:24.422 GMT+0100,173.191,173.148,0.0179,0.0221
16.12.2020 01:52:40.471 GMT+0100,173.183,173.138,0.0179,0.0221
16.12.2020 01:52:40.667 GMT+0100,173.167,173.115,0.0179,0.0221
16.12.2020 01:52:46.264 GMT+0100,173.18099999999998,173.138,0.0179,0.0221
16.12.2020 01:53:02.513 GMT+0100,173.198,173.146,0.0179,0.0221
16.12.2020 01:54:42.351 GMT+0100,173.176,173.136,0.0179,0.0221
16.12.2020 01:54:47.243 GMT+0100,173.195,173.14700000000002,0.0179,0.0221
16.12.2020 01:58:14.388 GMT+0100,173.19299999999998,173.14900000000003,0.0179,0.0221
16.12.2020 02:03:41.070 GMT+0100,173.197,173.148,0.0179,0.0221
16.12.2020 02:05:11.251 GMT+0100,173.191,173.146,0.0179,0.0221
16.12.2020 02:06:43.024 GMT+0100,173.191,173.15099999999998,0.0179,0.0221
16.12.2020 02:11:32.622 GMT+0100,173.225,173.17900000000003,0.0179,0.0221
16.12.2020 02:19:37.921 GMT+0100,173.256,173.21400000000003,0.0179,0.0221
16.12.2020 02:23:54.975 GMT+0100,173.226,173.183,0.0179,0.0221
16.12.2020 02:26:10.472 GMT+0100,173.226,173.18,0.0179,0.0221
16.12.2020 02:27:23.884 GMT+0100,173.226,173.17900000000003,0.0179,0.0221
16.12.2020 02:31:49.282 GMT+0100,173.23,173.178,0.0179,0.0221
16.12.2020 02:32:21.599 GMT+0100,173.258,173.21,0.0179,0.0221
16.12.2020 02:34:11.159 GMT+0100,173.257,173.21099999999998,0.0179,0.0221
16.12.2020 02:34:36.075 GMT+0100,173.228,173.17900000000003,0.0179,0.0221
16.12.2020 02:35:33.454 GMT+0100,173.25900000000001,173.21099999999998,0.0179,0.0221
16.12.2020 02:39:01.754 GMT+0100,173.25900000000001,173.21400000000003,0.0179,0.0221
16.12.2020 02:39:02.907 GMT+0100,173.29,173.24099999999999,0.0179,0.0221
16.12.2020 02:39:24.125 GMT+0100,173.26,173.213,0.0179,0.0221
16.12.2020 02:42:35.410 GMT+0100,173.28900000000002,173.243,0.0179,0.0221
16.12.2020 02:45:33.511 GMT+0100,173.257,173.20900000000003,0.0179,0.0221
16.12.2020 02:47:50.171 GMT+0100,173.28900000000002,173.24099999999999,0.0179,0.0221
16.12.2020 02:47:50.309 GMT+0100,173.27200000000002,173.225,0.0179,0.0221
16.12.2020 02:47:53.170 GMT+0100,173.291,173.24400000000003,0.0179,0.0221
16.12.2020 02:49:32.582 GMT+0100,173.28900000000002,173.24099999999999,0.0179,0.0221
16.12.2020 03:00:10.670 GMT+0100,173.321,173.27599999999998,0.0179,0.0221
16.12.2020 03:05:40.937 GMT+0100,173.353,173.30700000000002,0.0179,0.0221
16.12.2020 03:07:18.665 GMT+0100,173.321,173.275,0.0179,0.0221
16.12.2020 03:11:16.610 GMT+0100,173.322,173.273,0.0179,0.0221
16.12.2020 03:13:54.597 GMT+0100,173.28900000000002,173.24400000000003,0.0179,0.0221
16.12.2020 03:14:28.655 GMT+0100,173.27,173.228,0.0179,0.0221
16.12.2020 03:14:32.108 GMT+0100,173.256,173.20900000000003,0.0179,0.0221
16.12.2020 03:14:32.967 GMT+0100,173.28799999999998,173.24,0.0179,0.0221
16.12.2020 03:14:34.449 GMT+0100,173.25900000000001,173.21400000000003,0.0179,0.0221
16.12.2020 03:16:00.143 GMT+0100,173.25900000000001,173.21,0.0179,0.0221
16.12.2020 03:16:05.825 GMT+0100,173.292,173.24099999999999,0.0179,0.0221
16.12.2020 03:16:35.049 GMT+0100,173.258,173.213,0.0179,0.0221
16.12.2020 03:18:52.968 GMT+0100,173.26,173.21400000000003,0.0179,0.0221
16.12.2020 03:21:13.176 GMT+0100,173.257,173.21,0.0179,0.0221
16.12.2020 03:24:06.112 GMT+0100,173.258,173.21099999999998,0.0179,0.0221
16.12.2020 03:25:29.811 GMT+0100,173.25400000000002,173.21599999999998,0.0179,0.0221
16.12.2020 03:26:48.245 GMT+0100,173.25900000000001,173.21599999999998,0.0179,0.0221
16.12.2020 03:27:01.927 GMT+0100,173.229,173.18,0.0179,0.0221
16.12.2020 03:29:49.583 GMT+0100,173.228,173.18099999999998,0.0179,0.0221
16.12.2020 03:33:26.257 GMT+0100,173.23,173.18200000000002,0.0179,0.0221
16.12.2020 03:33:33.607 GMT+0100,173.25900000000001,173.21200000000002,0.0179,0.0221
16.12.2020 03:37:09.990 GMT+0100,173.29,173.245,0.0179,0.0221
16.12.2020 03:37:14.012 GMT+0100,173.257,173.21099999999998,0.0179,0.0221
16.12.2020 03:39:33.178 GMT+0100,173.28799999999998,173.24400000000003,0.0179,0.0221
16.12.2020 03:39:45.505 GMT+0100,173.257,173.20900000000003,0.0179,0.0221
16.12.2020 03:51:01.492 GMT+0100,173.261,173.21,0.0179,0.0221
16.12.2020 03:54:27.622 GMT+0100,173.28799999999998,173.24200000000002,0.0179,0.0221
16.12.2020 04:00:58.658 GMT+0100,173.257,173.20900000000003,0.0179,0.0221
16.12.2020 04:01:08.492 GMT+0100,173.285,173.24,0.0179,0.0221
16.12.2020 04:01:08.593 GMT+0100,173.25400000000002,173.213,0.0179,0.0221
16.12.2020 04:01:09.070 GMT+0100,173.28799999999998,173.24200000000002,0.0179,0.0221
16.12.2020 04:01:49.918 GMT+0100,173.261,173.21200000000002,0.0179,0.0221
16.12.2020 04:01:56.041 GMT+0100,173.287,173.24400000000003,0.0179,0.0221
16.12.2020 04:02:08.961 GMT+0100,173.26,173.21400000000003,0.0179,0.0221
16.12.2020 04:02:16.351 GMT+0100,173.292,173.24,0.0179,0.0221
16.12.2020 04:04:06.378 GMT+0100,173.287,173.24,0.0179,0.0221
16.12.2020 04:04:52.154 GMT+0100,173.258,173.21599999999998,0.0179,0.0221
16.12.2020 04:04:57.973 GMT+0100,173.27200000000002,173.225,0.0179,0.0221
16.12.2020 04:04:58.077 GMT+0100,173.287,173.245,0.0179,0.0221
16.12.2020 04:07:49.076 GMT+0100,173.291,173.24400000000003,0.0179,0.0221
16.12.2020 04:10:23.882 GMT+0100,173.303,173.263,0.0179,0.0221
16.12.2020 04:10:24.777 GMT+0100,173.321,173.27599999999998,0.0179,0.0221
16.12.2020 04:11:15.357 GMT+0100,173.29,173.24200000000002,0.0179,0.0221
16.12.2020 04:11:20.646 GMT+0100,173.32,173.275,0.0179,0.0221
16.12.2020 04:11:20.796 GMT+0100,173.29,173.24200000000002,0.0179,0.0221
16.12.2020 04:11:21.649 GMT+0100,173.30700000000002,173.25900000000001,0.0179,0.0221
16.12.2020 04:11:25.661 GMT+0100,173.29,173.24,0.0179,0.0221
16.12.2020 04:11:31.632 GMT+0100,173.323,173.278,0.0179,0.0221
16.12.2020 04:11:39.866 GMT+0100,173.29,173.245,0.0179,0.0221
16.12.2020 04:11:40.375 GMT+0100,173.30599999999998,173.263,0.0179,0.0221
16.12.2020 04:11:44.315 GMT+0100,173.31799999999998,173.271,0.0179,0.0221
16.12.2020 04:12:00.116 GMT+0100,173.33599999999998,173.287,0.0179,0.0221
16.12.2020 04:12:01.467 GMT+0100,173.316,173.27599999999998,0.0179,0.0221
16.12.2020 04:12:11.717 GMT+0100,173.352,173.303,0.0179,0.0221
16.12.2020 04:12:17.233 GMT+0100,173.31799999999998,173.278,0.0179,0.0221
16.12.2020 04:13:09.386 GMT+0100,173.353,173.308,0.0179,0.0221
16.12.2020 04:15:00.834 GMT+0100,173.381,173.33400000000003,0.0179,0.0221
16.12.2020 04:15:28.874 GMT+0100,173.41,173.36599999999999,0.0179,0.0221
16.12.2020 04:15:29.138 GMT+0100,173.40099999999998,173.354,0.0179,0.0221
16.12.2020 04:15:29.413 GMT+0100,173.416,173.36700000000002,0.0179,0.0221
16.12.2020 04:15:30.459 GMT+0100,173.381,173.335,0.0179,0.0221
16.12.2020 04:16:14.815 GMT+0100,173.417,173.368,0.0179,0.0221
16.12.2020 04:16:16.139 GMT+0100,173.398,173.352,0.0179,0.0221
16.12.2020 04:16:19.350 GMT+0100,173.385,173.335,0.0179,0.0221
16.12.2020 04:16:24.377 GMT+0100,173.398,173.357,0.0179,0.0221
16.12.2020 04:16:27.999 GMT+0100,173.417,173.36700000000002,0.0179,0.0221
16.12.2020 04:16:28.260 GMT+0100,173.4,173.355,0.0179,0.0221
16.12.2020 04:16:38.514 GMT+0100,173.385,173.33400000000003,0.0179,0.0221
16.12.2020 04:16:39.900 GMT+0100,173.416,173.372,0.0179,0.0221
16.12.2020 04:16:40.363 GMT+0100,173.39700000000002,173.351,0.0179,0.0221
16.12.2020 04:16:43.475 GMT+0100,173.37900000000002,173.33700000000002,0.0179,0.0221
16.12.2020 04:17:55.045 GMT+0100,173.417,173.37,0.0179,0.0221
16.12.2020 04:17:55.335 GMT+0100,173.4,173.355,0.0179,0.0221
16.12.2020 04:17:57.160 GMT+0100,173.385,173.338,0.0179,0.0221
16.12.2020 04:18:43.708 GMT+0100,173.368,173.321,0.0179,0.0221
16.12.2020 04:18:43.821 GMT+0100,173.351,173.30400000000003,0.0179,0.0221
16.12.2020 04:19:00.285 GMT+0100,173.32,173.273,0.0179,0.0221
16.12.2020 04:19:02.267 GMT+0100,173.353,173.30400000000003,0.0179,0.0221
16.12.2020 04:21:42.591 GMT+0100,173.36599999999999,173.32500000000002,0.0179,0.0221
16.12.2020 04:21:42.694 GMT+0100,173.351,173.303,0.0179,0.0221
16.12.2020 04:25:45.063 GMT+0100,173.382,173.33400000000003,0.0179,0.0221
16.12.2020 04:28:43.341 GMT+0100,173.415,173.36599999999999,0.0179,0.0221
16.12.2020 04:28:43.598 GMT+0100,173.40099999999998,173.35,0.0179,0.0221
16.12.2020 04:29:01.642 GMT+0100,173.412,173.37,0.0179,0.0221
16.12.2020 04:29:02.654 GMT+0100,173.381,173.33599999999998,0.0179,0.0221
16.12.2020 04:31:46.788 GMT+0100,173.35,173.308,0.0179,0.0221
16.12.2020 04:31:48.813 GMT+0100,173.386,173.33900000000003,0.0179,0.0221
16.12.2020 04:31:57.439 GMT+0100,173.363,173.32500000000002,0.0179,0.0221
16.12.2020 04:31:58.048 GMT+0100,173.354,173.303,0.0179,0.0221
16.12.2020 04:33:02.723 GMT+0100,173.32,173.278,0.0179,0.0221
16.12.2020 04:35:02.272 GMT+0100,173.323,173.275,0.0179,0.0221
16.12.2020 04:36:31.272 GMT+0100,173.287,173.24200000000002,0.0179,0.0221
16.12.2020 04:40:06.309 GMT+0100,173.305,173.256,0.0179,0.0221
16.12.2020 04:40:06.504 GMT+0100,173.316,173.273,0.0179,0.0221
16.12.2020 04:41:20.145 GMT+0100,173.31799999999998,173.27200000000002,0.0179,0.0221
16.12.2020 04:45:01.893 GMT+0100,173.321,173.275,0.0179,0.0221
16.12.2020 04:56:30.060 GMT+0100,173.29,173.24,0.0179,0.0221
16.12.2020 04:57:32.121 GMT+0100,173.321,173.27200000000002,0.0179,0.0221
16.12.2020 04:57:32.894 GMT+0100,173.29,173.24200000000002,0.0179,0.0221
16.12.2020 04:58:55.070 GMT+0100,173.29,173.247,0.0179,0.0221
16.12.2020 04:59:19.708 GMT+0100,173.30599999999998,173.257,0.0179,0.0221
16.12.2020 04:59:19.815 GMT+0100,173.31799999999998,173.271,0.0179,0.0221
16.12.2020 05:02:31.570 GMT+0100,173.32,173.27400000000003,0.0179,0.0221
16.12.2020 05:10:33.116 GMT+0100,173.31799999999998,173.273,0.0179,0.0221
16.12.2020 05:16:07.613 GMT+0100,173.321,173.27400000000003,0.0179,0.0221
16.12.2020 05:19:06.475 GMT+0100,173.323,173.27400000000003,0.0179,0.0221
16.12.2020 05:25:25.776 GMT+0100,173.32,173.271,0.0179,0.0221
16.12.2020 05:27:36.756 GMT+0100,173.31799999999998,173.278,0.0179,0.0221
16.12.2020 05:33:37.614 GMT+0100,173.323,173.271,0.0179,0.0221
16.12.2020 05:36:16.068 GMT+0100,173.31799999999998,173.278,0.0179,0.0221
16.12.2020 05:40:37.464 GMT+0100,173.322,173.273,0.0179,0.0221
16.12.2020 05:43:59.881 GMT+0100,173.323,173.275,0.0179,0.0221
16.12.2020 05:48:45.887 GMT+0100,173.316,173.275,0.0179,0.0221
16.12.2020 05:49:26.189 GMT+0100,173.291,173.245,0.0179,0.0221
16.12.2020 05:49:47.763 GMT+0100,173.258,173.21,0.0179,0.0221
16.12.2020 05:49:48.222 GMT+0100,173.273,173.225,0.0179,0.0221
16.12.2020 05:49:51.960 GMT+0100,173.28799999999998,173.245,0.0179,0.0221
16.12.2020 05:50:09.930 GMT+0100,173.27,173.232,0.0179,0.0221
16.12.2020 05:50:20.283 GMT+0100,173.285,173.245,0.0179,0.0221
16.12.2020 05:54:03.514 GMT+0100,173.285,173.245,0.0179,0.0221
16.12.2020 05:58:08.035 GMT+0100,173.28799999999998,173.245,0.0179,0.0221
16.12.2020 05:58:44.401 GMT+0100,173.25400000000002,173.21400000000003,0.0179,0.0221
16.12.2020 05:59:04.293 GMT+0100,173.28900000000002,173.24200000000002,0.0179,0.0221
16.12.2020 05:59:47.683 GMT+0100,173.257,173.21099999999998,0.0179,0.0221
16.12.2020 06:04:01.255 GMT+0100,173.258,173.21200000000002,0.0179,0.0221
16.12.2020 06:06:58.431 GMT+0100,173.256,173.213,0.0179,0.0221
16.12.2020 06:11:20.617 GMT+0100,173.26,173.21,0.0179,0.0221
16.12.2020 06:11:47.016 GMT+0100,173.291,173.24200000000002,0.0179,0.0221
16.12.2020 06:12:20.213 GMT+0100,173.258,173.213,0.0179,0.0221
16.12.2020 06:15:05.290 GMT+0100,173.28900000000002,173.243,0.0179,0.0221
16.12.2020 06:15:06.691 GMT+0100,173.25400000000002,173.21,0.0179,0.0221
16.12.2020 06:18:11.604 GMT+0100,173.256,173.21,0.0179,0.0221
16.12.2020 06:20:22.657 GMT+0100,173.261,173.213,0.0179,0.0221
16.12.2020 06:21:18.402 GMT+0100,173.226,173.17900000000003,0.0179,0.0221
16.12.2020 06:23:22.610 GMT+0100,173.245,173.196,0.0179,0.0221
16.12.2020 06:23:22.718 GMT+0100,173.22299999999998,173.18200000000002,0.0179,0.0221
16.12.2020 06:23:22.849 GMT+0100,173.243,173.196,0.0179,0.0221
16.12.2020 06:23:25.151 GMT+0100,173.225,173.183,0.0179,0.0221
16.12.2020 06:23:25.391 GMT+0100,173.24099999999999,173.19400000000002,0.0179,0.0221
16.12.2020 06:23:37.293 GMT+0100,173.25400000000002,173.21599999999998,0.0179,0.0221
16.12.2020 06:23:37.601 GMT+0100,173.24099999999999,173.19400000000002,0.0179,0.0221
16.12.2020 06:24:14.088 GMT+0100,173.25400000000002,173.20900000000003,0.0179,0.0221
16.12.2020 06:24:14.413 GMT+0100,173.238,173.20000000000002,0.0179,0.0221
16.12.2020 06:24:55.450 GMT+0100,173.261,173.213,0.0179,0.0221
16.12.2020 06:24:55.582 GMT+0100,173.245,173.19299999999998,0.0179,0.0221
16.12.2020 06:25:07.079 GMT+0100,173.25400000000002,173.21200000000002,0.0179,0.0221
16.12.2020 06:25:41.118 GMT+0100,173.245,173.195,0.0179,0.0221
16.12.2020 06:25:55.940 GMT+0100,173.257,173.21400000000003,0.0179,0.0221
16.12.2020 06:25:58.493 GMT+0100,173.24099999999999,173.19400000000002,0.0179,0.0221
16.12.2020 06:25:59.277 GMT+0100,173.257,173.21200000000002,0.0179,0.0221
16.12.2020 06:26:00.115 GMT+0100,173.24099999999999,173.20000000000002,0.0179,0.0221
16.12.2020 06:26:12.055 GMT+0100,173.22299999999998,173.18200000000002,0.0179,0.0221
16.12.2020 06:29:29.973 GMT+0100,173.258,173.21200000000002,0.0179,0.0221
16.12.2020 06:29:30.151 GMT+0100,173.225,173.18,0.0179,0.0221
16.12.2020 06:29:30.378 GMT+0100,173.258,173.21599999999998,0.0179,0.0221
16.12.2020 06:29:50.882 GMT+0100,173.229,173.18,0.0179,0.0221
16.12.2020 06:30:05.394 GMT+0100,173.24400000000003,173.198,0.0179,0.0221
16.12.2020 06:30:06.069 GMT+0100,173.257,173.21400000000003,0.0179,0.0221
16.12.2020 06:31:46.138 GMT+0100,173.257,173.21400000000003,0.0179,0.0221
16.12.2020 06:32:59.922 GMT+0100,173.261,173.21,0.0179,0.0221
16.12.2020 06:35:02.244 GMT+0100,173.26,173.21,0.0179,0.0221
16.12.2020 06:40:28.070 GMT+0100,173.258,173.21,0.0179,0.0221
16.12.2020 06:40:35.965 GMT+0100,173.229,173.18200000000002,0.0179,0.0221
16.12.2020 06:40:36.766 GMT+0100,173.261,173.213,0.0179,0.0221
16.12.2020 06:40:37.010 GMT+0100,173.238,173.198,0.0179,0.0221
16.12.2020 06:40:37.784 GMT+0100,173.258,173.21,0.0179,0.0221
16.12.2020 06:40:39.255 GMT+0100,173.245,173.198,0.0179,0.0221
16.12.2020 06:40:41.699 GMT+0100,173.22299999999998,173.17900000000003,0.0179,0.0221
16.12.2020 06:48:51.824 GMT+0100,173.26,173.21400000000003,0.0179,0.0221
16.12.2020 06:53:33.301 GMT+0100,173.261,173.20900000000003,0.0179,0.0221
16.12.2020 06:55:35.747 GMT+0100,173.258,173.20900000000003,0.0179,0.0221
16.12.2020 06:55:44.652 GMT+0100,173.225,173.178,0.0179,0.0221
16.12.2020 06:56:00.316 GMT+0100,173.26,173.21599999999998,0.0179,0.0221
16.12.2020 06:59:01.884 GMT+0100,173.25400000000002,173.21099999999998,0.0179,0.0221
16.12.2020 07:01:32.534 GMT+0100,173.25400000000002,173.21099999999998,0.0179,0.0221
16.12.2020 07:03:46.747 GMT+0100,173.26,173.21099999999998,0.0179,0.0221
16.12.2020 07:07:54.511 GMT+0100,173.25900000000001,173.21599999999998,0.0179,0.0221
16.12.2020 07:14:58.121 GMT+0100,173.291,173.243,0.0179,0.0221
16.12.2020 07:15:01.049 GMT+0100,173.25400000000002,173.21400000000003,0.0179,0.0221
16.12.2020 07:16:25.360 GMT+0100,173.25900000000001,173.213,0.0179,0.0221
16.12.2020 07:22:35.640 GMT+0100,173.273,173.227,0.0179,0.0221
16.12.2020 07:22:39.043 GMT+0100,173.292,173.24099999999999,0.0179,0.0221
16.12.2020 07:22:48.025 GMT+0100,173.25900000000001,173.21,0.0179,0.0221
16.12.2020 07:22:56.833 GMT+0100,173.291,173.24,0.0179,0.0221
16.12.2020 07:23:46.923 GMT+0100,173.27,173.232,0.0179,0.0221
16.12.2020 07:24:10.099 GMT+0100,173.285,173.24200000000002,0.0179,0.0221
16.12.2020 07:27:49.429 GMT+0100,173.257,173.21599999999998,0.0179,0.0221
16.12.2020 07:27:52.173 GMT+0100,173.27700000000002,173.229,0.0179,0.0221
16.12.2020 07:27:52.395 GMT+0100,173.285,173.24200000000002,0.0179,0.0221
16.12.2020 07:30:09.120 GMT+0100,173.28799999999998,173.24099999999999,0.0179,0.0221
16.12.2020 07:33:10.289 GMT+0100,173.28799999999998,173.243,0.0179,0.0221
16.12.2020 07:33:40.862 GMT+0100,173.275,173.226,0.0179,0.0221
16.12.2020 07:33:43.987 GMT+0100,173.257,173.21200000000002,0.0179,0.0221
16.12.2020 07:39:01.555 GMT+0100,173.25400000000002,173.21200000000002,0.0179,0.0221
16.12.2020 07:41:24.194 GMT+0100,173.26,173.21400000000003,0.0179,0.0221
16.12.2020 07:44:41.468 GMT+0100,173.22299999999998,173.178,0.0179,0.0221
16.12.2020 07:48:02.084 GMT+0100,173.20700000000002,173.167,0.0179,0.0221
16.12.2020 07:48:02.209 GMT+0100,173.19400000000002,173.148,0.0179,0.0221
16.12.2020 07:48:47.174 GMT+0100,173.229,173.17900000000003,0.0179,0.0221
16.12.2020 07:49:20.014 GMT+0100,173.197,173.148,0.0179,0.0221
16.12.2020 07:49:31.447 GMT+0100,173.23,173.183,0.0179,0.0221
16.12.2020 07:49:47.782 GMT+0100,173.197,173.14900000000003,0.0179,0.0221
16.12.2020 07:55:38.661 GMT+0100,173.22299999999998,173.18099999999998,0.0179,0.0221
16.12.2020 07:58:38.064 GMT+0100,173.226,173.183,0.0179,0.0221
16.12.2020 07:59:52.595 GMT+0100,173.196,173.148,0.0179,0.0221
16.12.2020 07:59:52.719 GMT+0100,173.213,173.16400000000002,0.0179,0.0221
16.12.2020 07:59:55.425 GMT+0100,173.225,173.178,0.0179,0.0221
16.12.2020 07:59:57.971 GMT+0100,173.196,173.148,0.0179,0.0221
16.12.2020 07:59:58.091 GMT+0100,173.20900000000003,173.167,0.0179,0.0221
16.12.2020 08:00:00.183 GMT+0100,173.227,173.185,0.0179,0.0221
16.12.2020 08:00:01.513 GMT+0100,173.197,173.15099999999998,0.0179,0.0221
16.12.2020 08:00:57.988 GMT+0100,173.225,173.17900000000003,0.0179,0.0221
16.12.2020 08:01:50.065 GMT+0100,173.198,173.153,0.0179,0.0221
16.12.2020 08:02:52.955 GMT+0100,173.229,173.18,0.0179,0.0221
16.12.2020 08:02:53.240 GMT+0100,173.198,173.14900000000003,0.0179,0.0221
16.12.2020 08:02:55.023 GMT+0100,173.21099999999998,173.16299999999998,0.0179,0.0221
16.12.2020 08:02:55.203 GMT+0100,173.198,173.14900000000003,0.0179,0.0221
16.12.2020 08:03:02.247 GMT+0100,173.228,173.183,0.0179,0.0221
16.12.2020 08:03:03.269 GMT+0100,173.19400000000002,173.15,0.0179,0.0221
16.12.2020 08:06:03.603 GMT+0100,173.191,173.153,0.0179,0.0221
16.12.2020 08:11:04.485 GMT+0100,173.228,173.18099999999998,0.0179,0.0221
16.12.2020 08:11:52.725 GMT+0100,173.25900000000001,173.213,0.0179,0.0221
16.12.2020 08:11:53.178 GMT+0100,173.22299999999998,173.185,0.0179,0.0221
16.12.2020 08:12:39.575 GMT+0100,173.258,173.20900000000003,0.0179,0.0221
16.12.2020 08:13:02.173 GMT+0100,173.226,173.178,0.0179,0.0221
16.12.2020 08:16:00.300 GMT+0100,173.238,173.19400000000002,0.0179,0.0221
16.12.2020 08:16:01.243 GMT+0100,173.258,173.21099999999998,0.0179,0.0221
16.12.2020 08:16:31.709 GMT+0100,173.227,173.18099999999998,0.0179,0.0221
16.12.2020 08:16:32.638 GMT+0100,173.26,173.21400000000003,0.0179,0.0221
16.12.2020 08:16:47.214 GMT+0100,173.228,173.17900000000003,0.0179,0.0221
16.12.2020 08:16:49.194 GMT+0100,173.26,173.21099999999998,0.0179,0.0221
16.12.2020 08:18:37.687 GMT+0100,173.285,173.24400000000003,0.0179,0.0221
16.12.2020 08:18:50.037 GMT+0100,173.256,173.20900000000003,0.0179,0.0221
16.12.2020 08:18:51.489 GMT+0100,173.28900000000002,173.243,0.0179,0.0221
16.12.2020 08:19:16.850 GMT+0100,173.316,173.27599999999998,0.0179,0.0221
16.12.2020 08:20:33.880 GMT+0100,173.338,173.29,0.0179,0.0221
16.12.2020 08:20:33.991 GMT+0100,173.321,173.27599999999998,0.0179,0.0221
16.12.2020 08:22:07.104 GMT+0100,173.34799999999998,173.30599999999998,0.0179,0.0221
16.12.2020 08:22:11.309 GMT+0100,173.321,173.273,0.0179,0.0221
16.12.2020 08:25:32.662 GMT+0100,173.353,173.308,0.0179,0.0221
16.12.2020 08:26:01.135 GMT+0100,173.31900000000002,173.271,0.0179,0.0221
16.12.2020 08:27:26.401 GMT+0100,173.292,173.245,0.0179,0.0221
16.12.2020 08:27:57.631 GMT+0100,173.323,173.278,0.0179,0.0221
16.12.2020 08:28:37.362 GMT+0100,173.351,173.305,0.0179,0.0221
16.12.2020 08:28:37.644 GMT+0100,173.321,173.27400000000003,0.0179,0.0221
16.12.2020 08:29:37.591 GMT+0100,173.352,173.303,0.0179,0.0221
16.12.2020 08:30:38.773 GMT+0100,173.316,173.27200000000002,0.0179,0.0221
16.12.2020 08:31:00.174 GMT+0100,173.29,173.24400000000003,0.0179,0.0221
16.12.2020 08:32:51.070 GMT+0100,173.275,173.23,0.0179,0.0221
16.12.2020 08:32:51.241 GMT+0100,173.257,173.21099999999998,0.0179,0.0221
16.12.2020 08:33:04.953 GMT+0100,173.29,173.24400000000003,0.0179,0.0221
16.12.2020 08:33:05.548 GMT+0100,173.25900000000001,173.21200000000002,0.0179,0.0221
16.12.2020 08:33:08.419 GMT+0100,173.291,173.24,0.0179,0.0221
16.12.2020 08:33:16.756 GMT+0100,173.261,173.21400000000003,0.0179,0.0221
16.12.2020 08:33:18.560 GMT+0100,173.287,173.24099999999999,0.0179,0.0221
16.12.2020 08:33:18.719 GMT+0100,173.25900000000001,173.20900000000003,0.0179,0.0221
16.12.2020 08:33:24.971 GMT+0100,173.291,173.24099999999999,0.0179,0.0221
16.12.2020 08:33:42.232 GMT+0100,173.27599999999998,173.232,0.0179,0.0221
16.12.2020 08:33:48.425 GMT+0100,173.285,173.24,0.0179,0.0221
16.12.2020 08:34:59.785 GMT+0100,173.257,173.21,0.0179,0.0221
16.12.2020 08:34:59.936 GMT+0100,173.29,173.24099999999999,0.0179,0.0221
16.12.2020 08:35:01.424 GMT+0100,173.257,173.21599999999998,0.0179,0.0221
16.12.2020 08:35:08.340 GMT+0100,173.285,173.247,0.0179,0.0221
16.12.2020 08:35:31.010 GMT+0100,173.25900000000001,173.213,0.0179,0.0221
16.12.2020 08:36:27.726 GMT+0100,173.285,173.245,0.0179,0.0221
16.12.2020 08:39:10.443 GMT+0100,173.25900000000001,173.21200000000002,0.0179,0.0221
16.12.2020 08:39:12.504 GMT+0100,173.28799999999998,173.247,0.0179,0.0221
16.12.2020 08:39:16.442 GMT+0100,173.257,173.20900000000003,0.0179,0.0221
16.12.2020 08:39:17.832 GMT+0100,173.292,173.245,0.0179,0.0221
16.12.2020 08:39:45.325 GMT+0100,173.256,173.21599999999998,0.0179,0.0221
16.12.2020 08:40:01.607 GMT+0100,173.28799999999998,173.243,0.0179,0.0221
16.12.2020 08:40:13.140 GMT+0100,173.25400000000002,173.21200000000002,0.0179,0.0221
16.12.2020 08:40:26.745 GMT+0100,173.291,173.245,0.0179,0.0221
16.12.2020 08:40:31.422 GMT+0100,173.261,173.21099999999998,0.0179,0.0221
16.12.2020 08:43:28.693 GMT+0100,173.29,173.24400000000003,0.0179,0.0221
16.12.2020 08:43:30.173 GMT+0100,173.258,173.21200000000002,0.0179,0.0221
16.12.2020 08:43:33.136 GMT+0100,173.28900000000002,173.245,0.0179,0.0221
16.12.2020 08:43:34.096 GMT+0100,173.25900000000001,173.21099999999998,0.0179,0.0221
16.12.2020 08:43:35.226 GMT+0100,173.285,173.24099999999999,0.0179,0.0221
16.12.2020 08:43:35.349 GMT+0100,173.25900000000001,173.21400000000003,0.0179,0.0221
16.12.2020 08:44:03.111 GMT+0100,173.287,173.243,0.0179,0.0221
16.12.2020 08:44:15.601 GMT+0100,173.26,173.21200000000002,0.0179,0.0221
16.12.2020 08:44:24.915 GMT+0100,173.29,173.24,0.0179,0.0221
16.12.2020 08:44:27.217 GMT+0100,173.26,173.21,0.0179,0.0221
16.12.2020 08:45:07.257 GMT+0100,173.28799999999998,173.24200000000002,0.0179,0.0221
16.12.2020 08:45:09.074 GMT+0100,173.256,173.21200000000002,0.0179,0.0221
16.12.2020 08:45:41.334 GMT+0100,173.285,173.24400000000003,0.0179,0.0221
16.12.2020 08:47:19.957 GMT+0100,173.256,173.21400000000003,0.0179,0.0221
16.12.2020 08:47:38.118 GMT+0100,173.227,173.185,0.0179,0.0221
16.12.2020 08:53:02.282 GMT+0100,173.198,173.148,0.0179,0.0221
16.12.2020 08:53:15.082 GMT+0100,173.22299999999998,173.18200000000002,0.0179,0.0221
16.12.2020 08:53:15.804 GMT+0100,173.196,173.14900000000003,0.0179,0.0221
16.12.2020 08:54:28.528 GMT+0100,173.229,173.185,0.0179,0.0221
16.12.2020 08:54:49.770 GMT+0100,173.195,173.15,0.0179,0.0221
16.12.2020 08:57:30.296 GMT+0100,173.22299999999998,173.185,0.0179,0.0221
16.12.2020 08:57:44.329 GMT+0100,173.191,173.153,0.0179,0.0221
16.12.2020 08:57:44.613 GMT+0100,173.225,173.18,0.0179,0.0221
16.12.2020 09:00:13.040 GMT+0100,173.196,173.146,0.0179,0.0221
16.12.2020 09:00:33.293 GMT+0100,173.16,173.11700000000002,0.0179,0.0221
16.12.2020 09:00:34.834 GMT+0100,173.133,173.08700000000002,0.0179,0.0221
16.12.2020 09:00:36.704 GMT+0100,173.102,173.058,0.0179,0.0221
16.12.2020 09:00:38.307 GMT+0100,173.12900000000002,173.08700000000002,0.0179,0.0221
16.12.2020 09:00:40.274 GMT+0100,173.104,173.055,0.0179,0.0221
16.12.2020 09:00:40.480 GMT+0100,173.133,173.09099999999998,0.0179,0.0221
16.12.2020 09:00:41.691 GMT+0100,173.101,173.058,0.0179,0.0221
16.12.2020 09:00:55.429 GMT+0100,173.133,173.09099999999998,0.0179,0.0221
16.12.2020 09:00:55.899 GMT+0100,173.102,173.06,0.0179,0.0221
16.12.2020 09:00:56.222 GMT+0100,173.131,173.09099999999998,0.0179,0.0221
16.12.2020 09:00:57.141 GMT+0100,173.105,173.055,0.0179,0.0221
16.12.2020 09:01:06.120 GMT+0100,173.13400000000001,173.08400000000003,0.0179,0.0221
16.12.2020 09:01:06.656 GMT+0100,173.103,173.053,0.0179,0.0221
16.12.2020 09:01:09.077 GMT+0100,173.13400000000001,173.088,0.0179,0.0221
16.12.2020 09:01:09.302 GMT+0100,173.11599999999999,173.07500000000002,0.0179,0.0221
16.12.2020 09:01:09.417 GMT+0100,173.105,173.06,0.0179,0.0221
16.12.2020 09:01:18.038 GMT+0100,173.132,173.08599999999998,0.0179,0.0221
16.12.2020 09:01:58.718 GMT+0100,173.165,173.12,0.0179,0.0221
16.12.2020 09:02:00.565 GMT+0100,173.131,173.08700000000002,0.0179,0.0221
16.12.2020 09:02:01.223 GMT+0100,173.16400000000002,173.115,0.0179,0.0221
16.12.2020 09:02:02.601 GMT+0100,173.136,173.085,0.0179,0.0221
16.12.2020 09:02:05.939 GMT+0100,173.16,173.12,0.0179,0.0221
16.12.2020 09:02:07.421 GMT+0100,173.131,173.085,0.0179,0.0221
16.12.2020 09:02:09.425 GMT+0100,173.162,173.122,0.0179,0.0221
16.12.2020 09:02:25.990 GMT+0100,173.136,173.088,0.0179,0.0221
16.12.2020 09:02:26.291 GMT+0100,173.16,173.118,0.0179,0.0221
16.12.2020 09:02:34.302 GMT+0100,173.136,173.08700000000002,0.0179,0.0221
16.12.2020 09:03:31.827 GMT+0100,173.167,173.11900000000003,0.0179,0.0221
16.12.2020 09:03:32.007 GMT+0100,173.13400000000001,173.09099999999998,0.0179,0.0221
16.12.2020 09:03:32.345 GMT+0100,173.16299999999998,173.11700000000002,0.0179,0.0221
16.12.2020 09:03:33.420 GMT+0100,173.133,173.088,0.0179,0.0221
16.12.2020 09:03:34.577 GMT+0100,173.162,173.122,0.0179,0.0221
16.12.2020 09:03:37.232 GMT+0100,173.133,173.09099999999998,0.0179,0.0221
16.12.2020 09:03:38.207 GMT+0100,173.167,173.118,0.0179,0.0221
16.12.2020 09:04:01.567 GMT+0100,173.136,173.08400000000003,0.0179,0.0221
16.12.2020 09:04:08.447 GMT+0100,173.16299999999998,173.118,0.0179,0.0221
16.12.2020 09:04:26.252 GMT+0100,173.196,173.148,0.0179,0.0221
16.12.2020 09:04:28.620 GMT+0100,173.16,173.11900000000003,0.0179,0.0221
16.12.2020 09:04:30.324 GMT+0100,173.19299999999998,173.14900000000003,0.0179,0.0221
16.12.2020 09:05:24.764 GMT+0100,173.166,173.11700000000002,0.0179,0.0221
16.12.2020 09:05:34.212 GMT+0100,173.195,173.15099999999998,0.0179,0.0221
16.12.2020 09:05:37.342 GMT+0100,173.166,173.118,0.0179,0.0221
16.12.2020 09:05:42.071 GMT+0100,173.12900000000002,173.08599999999998,0.0179,0.0221
16.12.2020 09:05:42.321 GMT+0100,173.16,173.11599999999999,0.0179,0.0221
16.12.2020 09:05:48.432 GMT+0100,173.136,173.085,0.0179,0.0221
16.12.2020 09:05:49.147 GMT+0100,173.165,173.11900000000003,0.0179,0.0221
16.12.2020 09:05:49.450 GMT+0100,173.132,173.08599999999998,0.0179,0.0221
16.12.2020 09:05:51.865 GMT+0100,173.167,173.11700000000002,0.0179,0.0221
16.12.2020 09:06:05.727 GMT+0100,173.12900000000002,173.08400000000003,0.0179,0.0221
16.12.2020 09:06:05.830 GMT+0100,173.16299999999998,173.115,0.0179,0.0221
16.12.2020 09:06:06.473 GMT+0100,173.133,173.08700000000002,0.0179,0.0221
16.12.2020 09:06:06.690 GMT+0100,173.165,173.12,0.0179,0.0221
16.12.2020 09:06:12.433 GMT+0100,173.135,173.085,0.0179,0.0221
16.12.2020 09:06:13.519 GMT+0100,173.166,173.115,0.0179,0.0221
16.12.2020 09:06:14.729 GMT+0100,173.131,173.088,0.0179,0.0221
16.12.2020 09:06:36.602 GMT+0100,173.09799999999998,173.05599999999998,0.0179,0.0221
16.12.2020 09:07:22.597 GMT+0100,173.132,173.08700000000002,0.0179,0.0221
16.12.2020 09:08:09.233 GMT+0100,173.16,173.12,0.0179,0.0221
16.12.2020 09:08:15.072 GMT+0100,173.135,173.09099999999998,0.0179,0.0221
16.12.2020 09:08:15.410 GMT+0100,173.16,173.11900000000003,0.0179,0.0221
16.12.2020 09:08:26.682 GMT+0100,173.135,173.085,0.0179,0.0221
16.12.2020 09:08:37.123 GMT+0100,173.104,173.06,0.0179,0.0221
16.12.2020 09:08:51.835 GMT+0100,173.13400000000001,173.088,0.0179,0.0221
16.12.2020 09:09:00.005 GMT+0100,173.16,173.11700000000002,0.0179,0.0221
16.12.2020 09:09:04.472 GMT+0100,173.131,173.08400000000003,0.0179,0.0221
16.12.2020 09:09:05.900 GMT+0100,173.16299999999998,173.11700000000002,0.0179,0.0221
16.12.2020 09:09:06.510 GMT+0100,173.131,173.09099999999998,0.0179,0.0221
16.12.2020 09:09:09.744 GMT+0100,173.165,173.12,0.0179,0.0221
16.12.2020 09:09:10.237 GMT+0100,173.13400000000001,173.09099999999998,0.0179,0.0221
16.12.2020 09:09:11.852 GMT+0100,173.166,173.118,0.0179,0.0221
16.12.2020 09:09:12.975 GMT+0100,173.12900000000002,173.08599999999998,0.0179,0.0221
16.12.2020 09:09:13.421 GMT+0100,173.165,173.115,0.0179,0.0221
16.12.2020 09:10:01.360 GMT+0100,173.13400000000001,173.08599999999998,0.0179,0.0221
16.12.2020 09:10:07.997 GMT+0100,173.165,173.122,0.0179,0.0221
16.12.2020 09:10:08.610 GMT+0100,173.133,173.08900000000003,0.0179,0.0221
16.12.2020 09:10:17.755 GMT+0100,173.165,173.12,0.0179,0.0221
16.12.2020 09:10:20.361 GMT+0100,173.135,173.08900000000003,0.0179,0.0221
16.12.2020 09:10:30.610 GMT+0100,173.15099999999998,173.1,0.0179,0.0221
16.12.2020 09:10:31.330 GMT+0100,173.12900000000002,173.08599999999998,0.0179,0.0221
16.12.2020 09:10:32.634 GMT+0100,173.162,173.118,0.0179,0.0221
16.12.2020 09:10:32.749 GMT+0100,173.14700000000002,173.107,0.0179,0.0221
16.12.2020 09:10:33.102 GMT+0100,173.136,173.08400000000003,0.0179,0.0221
16.12.2020 09:11:19.470 GMT+0100,173.16299999999998,173.115,0.0179,0.0221
16.12.2020 09:11:24.561 GMT+0100,173.132,173.08700000000002,0.0179,0.0221
16.12.2020 09:11:27.230 GMT+0100,173.166,173.11700000000002,0.0179,0.0221
16.12.2020 09:12:12.390 GMT+0100,173.195,173.148,0.0179,0.0221
16.12.2020 09:12:14.157 GMT+0100,173.16,173.122,0.0179,0.0221
16.12.2020 09:12:18.161 GMT+0100,173.191,173.14700000000002,0.0179,0.0221
16.12.2020 09:12:19.535 GMT+0100,173.165,173.118,0.0179,0.0221
16.12.2020 09:14:05.603 GMT+0100,173.197,173.14700000000002,0.0179,0.0221
16.12.2020 09:14:17.891 GMT+0100,173.229,173.18099999999998,0.0179,0.0221
16.12.2020 09:14:30.092 GMT+0100,173.196,173.15,0.0179,0.0221
16.12.2020 09:15:00.123 GMT+0100,173.165,173.11700000000002,0.0179,0.0221
16.12.2020 09:15:00.236 GMT+0100,173.103,173.053,0.0179,0.0221
16.12.2020 09:15:00.793 GMT+0100,173.06900000000002,173.028,0.0179,0.0221
16.12.2020 09:15:01.184 GMT+0100,173.042,172.99200000000002,0.0179,0.0221
16.12.2020 09:15:01.312 GMT+0100,173.071,173.02599999999998,0.0179,0.0221
16.12.2020 09:15:01.562 GMT+0100,173.035,172.99099999999999,0.0179,0.0221
16.12.2020 09:15:01.850 GMT+0100,173.06900000000002,173.023,0.0179,0.0221
16.12.2020 09:15:04.723 GMT+0100,173.102,173.06,0.0179,0.0221
16.12.2020 09:15:06.307 GMT+0100,173.06799999999998,173.02599999999998,0.0179,0.0221
16.12.2020 09:15:06.410 GMT+0100,173.04,172.99200000000002,0.0179,0.0221
16.12.2020 09:15:07.020 GMT+0100,173.06900000000002,173.023,0.0179,0.0221
16.12.2020 09:15:07.188 GMT+0100,173.04,172.997,0.0179,0.0221
16.12.2020 09:15:07.464 GMT+0100,173.06799999999998,173.028,0.0179,0.0221
16.12.2020 09:15:08.736 GMT+0100,173.1,173.06,0.0179,0.0221
16.12.2020 09:15:12.569 GMT+0100,173.06900000000002,173.028,0.0179,0.0221
16.12.2020 09:15:19.998 GMT+0100,173.103,173.06,0.0179,0.0221
16.12.2020 09:15:20.545 GMT+0100,173.06900000000002,173.025,0.0179,0.0221
16.12.2020 09:15:23.534 GMT+0100,173.09799999999998,173.055,0.0179,0.0221
16.12.2020 09:15:25.881 GMT+0100,173.08599999999998,173.037,0.0179,0.0221
16.12.2020 09:15:26.000 GMT+0100,173.073,173.02599999999998,0.0179,0.0221
16.12.2020 09:15:35.806 GMT+0100,173.05700000000002,173.00900000000001,0.0179,0.0221
16.12.2020 09:15:35.938 GMT+0100,173.071,173.021,0.0179,0.0221
16.12.2020 09:15:36.679 GMT+0100,173.042,172.99,0.0179,0.0221
16.12.2020 09:15:44.781 GMT+0100,173.071,173.02599999999998,0.0179,0.0221
16.12.2020 09:15:45.307 GMT+0100,173.04,172.99,0.0179,0.0221
16.12.2020 09:15:45.572 GMT+0100,173.066,173.021,0.0179,0.0221
16.12.2020 09:15:51.107 GMT+0100,173.03900000000002,172.993,0.0179,0.0221
16.12.2020 09:15:51.512 GMT+0100,173.071,173.02400000000003,0.0179,0.0221
16.12.2020 09:15:51.670 GMT+0100,173.037,172.99200000000002,0.0179,0.0221
16.12.2020 09:15:57.830 GMT+0100,173.06799999999998,173.02200000000002,0.0179,0.0221
16.12.2020 09:15:58.060 GMT+0100,173.03799999999998,172.99099999999999,0.0179,0.0221
16.12.2020 09:15:58.364 GMT+0100,173.071,173.02200000000002,0.0179,0.0221
16.12.2020 09:16:08.766 GMT+0100,173.03900000000002,172.997,0.0179,0.0221
16.12.2020 09:16:09.870 GMT+0100,173.055,173.00900000000001,0.0179,0.0221
16.12.2020 09:16:10.713 GMT+0100,173.06900000000002,173.02400000000003,0.0179,0.0221
16.12.2020 09:16:35.796 GMT+0100,173.035,172.99,0.0179,0.0221
16.12.2020 09:16:38.298 GMT+0100,173.066,173.02400000000003,0.0179,0.0221
16.12.2020 09:16:43.467 GMT+0100,173.04,172.995,0.0179,0.0221
16.12.2020 09:16:43.579 GMT+0100,173.066,173.02400000000003,0.0179,0.0221
16.12.2020 09:17:03.498 GMT+0100,173.053,173.008,0.0179,0.0221
16.12.2020 09:17:03.766 GMT+0100,173.04,172.995,0.0179,0.0221
16.12.2020 09:17:05.671 GMT+0100,173.06900000000002,173.025,0.0179,0.0221
16.12.2020 09:17:20.200 GMT+0100,173.042,172.99400000000003,0.0179,0.0221
16.12.2020 09:17:22.308 GMT+0100,173.072,173.021,0.0179,0.0221
16.12.2020 09:17:23.890 GMT+0100,173.03799999999998,172.997,0.0179,0.0221
16.12.2020 09:17:24.258 GMT+0100,173.066,173.02400000000003,0.0179,0.0221
16.12.2020 09:17:31.457 GMT+0100,173.085,173.044,0.0179,0.0221
16.12.2020 09:17:32.178 GMT+0100,173.09799999999998,173.053,0.0179,0.0221
16.12.2020 09:17:32.812 GMT+0100,173.07,173.02599999999998,0.0179,0.0221
16.12.2020 09:18:07.690 GMT+0100,173.041,172.99400000000003,0.0179,0.0221
16.12.2020 09:18:09.022 GMT+0100,173.072,173.028,0.0179,0.0221
16.12.2020 09:18:20.842 GMT+0100,173.037,172.99200000000002,0.0179,0.0221
16.12.2020 09:18:22.763 GMT+0100,173.073,173.025,0.0179,0.0221
16.12.2020 09:18:24.334 GMT+0100,173.03900000000002,172.997,0.0179,0.0221
16.12.2020 09:18:24.530 GMT+0100,173.07,173.02400000000003,0.0179,0.0221
16.12.2020 09:18:25.633 GMT+0100,173.03900000000002,172.99400000000003,0.0179,0.0221
16.12.2020 09:18:26.506 GMT+0100,173.06900000000002,173.023,0.0179,0.0221
16.12.2020 09:18:27.370 GMT+0100,173.042,172.995,0.0179,0.0221
16.12.2020 09:18:37.719 GMT+0100,173.071,173.02400000000003,0.0179,0.0221
16.12.2020 09:18:45.515 GMT+0100,173.037,172.99,0.0179,0.0221
16.12.2020 09:19:01.223 GMT+0100,173.073,173.02200000000002,0.0179,0.0221
16.12.2020 09:19:01.425 GMT+0100,173.03799999999998,172.995,0.0179,0.0221
16.12.2020 09:19:09.182 GMT+0100,173.072,173.02599999999998,0.0179,0.0221
16.12.2020 09:19:11.241 GMT+0100,173.041,172.99,0.0179,0.0221
16.12.2020 09:19:31.270 GMT+0100,173.066,173.025,0.0179,0.0221
16.12.2020 09:19:32.638 GMT+0100,173.05599999999998,173.006,0.0179,0.0221
16.12.2020 09:19:32.974 GMT+0100,173.06799999999998,173.025,0.0179,0.0221
16.12.2020 09:19:33.767 GMT+0100,173.03799999999998,172.995,0.0179,0.0221
16.12.2020 09:19:39.840 GMT+0100,173.071,173.021,0.0179,0.0221
16.12.2020 09:19:45.584 GMT+0100,173.042,172.993,0.0179,0.0221
16.12.2020 09:19:46.957 GMT+0100,173.05400000000003,173.007,0.0179,0.0221
16.12.2020 09:19:47.070 GMT+0100,173.06799999999998,173.025,0.0179,0.0221
16.12.2020 09:20:01.806 GMT+0100,173.041,172.99099999999999,0.0179,0.0221
16.12.2020 09:20:24.664 GMT+0100,173.073,173.02200000000002,0.0179,0.0221
16.12.2020 09:20:45.040 GMT+0100,173.088,173.041,0.0179,0.0221
16.12.2020 09:20:45.163 GMT+0100,173.071,173.021,0.0179,0.0221
16.12.2020 09:22:35.640 GMT+0100,173.03900000000002,172.997,0.0179,0.0221
16.12.2020 09:22:36.571 GMT+0100,173.072,173.02599999999998,0.0179,0.0221
16.12.2020 09:23:02.256 GMT+0100,173.041,172.99400000000003,0.0179,0.0221
16.12.2020 09:23:32.813 GMT+0100,173.07,173.02599999999998,0.0179,0.0221
16.12.2020 09:23:37.945 GMT+0100,173.102,173.053,0.0179,0.0221
16.12.2020 09:23:38.233 GMT+0100,173.07,173.02599999999998,0.0179,0.0221
16.12.2020 09:23:38.410 GMT+0100,173.103,173.06,0.0179,0.0221
16.12.2020 09:25:02.318 GMT+0100,173.071,173.025,0.0179,0.0221
16.12.2020 09:25:06.707 GMT+0100,173.104,173.05599999999998,0.0179,0.0221
16.12.2020 09:25:08.133 GMT+0100,173.071,173.025,0.0179,0.0221
16.12.2020 09:25:08.316 GMT+0100,173.101,173.058,0.0179,0.0221
16.12.2020 09:25:10.670 GMT+0100,173.066,173.02200000000002,0.0179,0.0221
16.12.2020 09:25:12.077 GMT+0100,173.101,173.053,0.0179,0.0221
16.12.2020 09:25:14.480 GMT+0100,173.06900000000002,173.023,0.0179,0.0221
16.12.2020 09:25:39.375 GMT+0100,173.041,172.997,0.0179,0.0221
16.12.2020 09:26:57.534 GMT+0100,173.072,173.02599999999998,0.0179,0.0221
16.12.2020 09:26:57.819 GMT+0100,173.04,172.995,0.0179,0.0221
16.12.2020 09:26:57.969 GMT+0100,173.073,173.02599999999998,0.0179,0.0221
16.12.2020 09:26:59.062 GMT+0100,173.035,172.99400000000003,0.0179,0.0221
16.12.2020 09:26:59.889 GMT+0100,173.06900000000002,173.023,0.0179,0.0221
16.12.2020 09:27:00.914 GMT+0100,173.037,172.99400000000003,0.0179,0.0221
16.12.2020 09:27:01.767 GMT+0100,173.07,173.021,0.0179,0.0221
16.12.2020 09:27:02.242 GMT+0100,173.041,172.997,0.0179,0.0221
16.12.2020 09:27:18.938 GMT+0100,173.066,173.025,0.0179,0.0221
16.12.2020 09:27:53.135 GMT+0100,173.04,172.99200000000002,0.0179,0.0221
16.12.2020 09:27:55.560 GMT+0100,173.073,173.023,0.0179,0.0221
16.12.2020 09:27:59.405 GMT+0100,173.042,172.99400000000003,0.0179,0.0221
16.12.2020 09:28:00.077 GMT+0100,173.06799999999998,173.023,0.0179,0.0221
16.12.2020 09:28:02.217 GMT+0100,173.035,172.99200000000002,0.0179,0.0221
16.12.2020 09:28:15.503 GMT+0100,173.072,173.025,0.0179,0.0221
16.12.2020 09:29:00.249 GMT+0100,173.03900000000002,172.99,0.0179,0.0221
16.12.2020 09:29:00.998 GMT+0100,173.07,173.02599999999998,0.0179,0.0221
16.12.2020 09:29:03.356 GMT+0100,173.04,172.997,0.0179,0.0221
16.12.2020 09:29:05.206 GMT+0100,173.051,173.01,0.0179,0.0221
16.12.2020 09:29:05.392 GMT+0100,173.073,173.02599999999998,0.0179,0.0221
16.12.2020 09:29:08.831 GMT+0100,173.04,172.99200000000002,0.0179,0.0221
16.12.2020 09:30:00.133 GMT+0100,173.01,172.96200000000002,0.0179,0.0221
16.12.2020 09:30:00.297 GMT+0100,172.975,172.928,0.0179,0.0221
16.12.2020 09:30:02.259 GMT+0100,172.947,172.898,0.0179,0.0221
16.12.2020 09:30:12.756 GMT+0100,172.916,172.86700000000002,0.0179,0.0221
16.12.2020 09:30:16.927 GMT+0100,172.945,172.89900000000003,0.0179,0.0221
16.12.2020 09:30:19.157 GMT+0100,172.976,172.93,0.0179,0.0221
16.12.2020 09:30:19.834 GMT+0100,172.946,172.898,0.0179,0.0221
16.12.2020 09:30:20.048 GMT+0100,172.97299999999998,172.93,0.0179,0.0221
16.12.2020 09:30:20.675 GMT+0100,172.946,172.90099999999998,0.0179,0.0221
16.12.2020 09:30:20.857 GMT+0100,172.97299999999998,172.92900000000003,0.0179,0.0221
16.12.2020 09:30:21.170 GMT+0100,172.94400000000002,172.89700000000002,0.0179,0.0221
16.12.2020 09:30:21.279 GMT+0100,172.977,172.928,0.0179,0.0221
16.12.2020 09:30:21.460 GMT+0100,172.945,172.896,0.0179,0.0221
16.12.2020 09:30:21.750 GMT+0100,172.979,172.928,0.0179,0.0221
16.12.2020 09:30:29.840 GMT+0100,172.947,172.89700000000002,0.0179,0.0221
16.12.2020 09:30:32.704 GMT+0100,172.975,172.928,0.0179,0.0221
16.12.2020 09:30:34.579 GMT+0100,172.94400000000002,172.903,0.0179,0.0221
16.12.2020 09:30:36.712 GMT+0100,172.976,172.933,0.0179,0.0221
16.12.2020 09:31:02.952 GMT+0100,173.006,172.96,0.0179,0.0221
16.12.2020 09:31:03.961 GMT+0100,172.976,172.933,0.0179,0.0221
16.12.2020 09:31:37.906 GMT+0100,172.947,172.896,0.0179,0.0221
16.12.2020 09:31:43.381 GMT+0100,172.97299999999998,172.93099999999998,0.0179,0.0221
16.12.2020 09:32:08.168 GMT+0100,172.94400000000002,172.89900000000003,0.0179,0.0221
16.12.2020 09:32:11.705 GMT+0100,172.977,172.92900000000003,0.0179,0.0221
16.12.2020 09:32:12.229 GMT+0100,172.94299999999998,172.896,0.0179,0.0221
16.12.2020 09:32:12.508 GMT+0100,172.98,172.928,0.0179,0.0221
16.12.2020 09:32:13.966 GMT+0100,172.946,172.90099999999998,0.0179,0.0221
16.12.2020 09:32:14.249 GMT+0100,172.979,172.935,0.0179,0.0221
16.12.2020 09:32:23.541 GMT+0100,172.947,172.898,0.0179,0.0221
16.12.2020 09:32:25.382 GMT+0100,172.975,172.93099999999998,0.0179,0.0221
16.12.2020 09:32:26.813 GMT+0100,172.94299999999998,172.89900000000003,0.0179,0.0221
16.12.2020 09:32:28.801 GMT+0100,172.975,172.93099999999998,0.0179,0.0221
16.12.2020 09:32:29.427 GMT+0100,172.945,172.89900000000003,0.0179,0.0221
16.12.2020 09:32:38.692 GMT+0100,172.975,172.93,0.0179,0.0221
16.12.2020 09:32:39.706 GMT+0100,172.946,172.903,0.0179,0.0221
16.12.2020 09:32:40.343 GMT+0100,172.915,172.872,0.0179,0.0221
16.12.2020 09:33:12.059 GMT+0100,172.946,172.90099999999998,0.0179,0.0221
16.12.2020 09:33:13.315 GMT+0100,172.917,172.868,0.0179,0.0221
16.12.2020 09:33:17.980 GMT+0100,172.886,172.83900000000003,0.0179,0.0221
16.12.2020 09:33:20.028 GMT+0100,172.91299999999998,172.865,0.0179,0.0221
16.12.2020 09:33:22.725 GMT+0100,172.883,172.83400000000003,0.0179,0.0221
16.12.2020 09:33:22.892 GMT+0100,172.917,172.86700000000002,0.0179,0.0221
16.12.2020 09:33:29.009 GMT+0100,172.882,172.84099999999998,0.0179,0.0221
16.12.2020 09:33:33.958 GMT+0100,172.91400000000002,172.86900000000003,0.0179,0.0221
16.12.2020 09:33:40.244 GMT+0100,172.883,172.838,0.0179,0.0221
16.12.2020 09:33:43.189 GMT+0100,172.916,172.87,0.0179,0.0221
16.12.2020 09:33:43.638 GMT+0100,172.87900000000002,172.83900000000003,0.0179,0.0221
16.12.2020 09:33:53.013 GMT+0100,172.91400000000002,172.86700000000002,0.0179,0.0221
16.12.2020 09:34:06.102 GMT+0100,172.881,172.83400000000003,0.0179,0.0221
16.12.2020 09:34:55.337 GMT+0100,172.85,172.803,0.0179,0.0221
16.12.2020 09:34:56.157 GMT+0100,172.87900000000002,172.838,0.0179,0.0221
16.12.2020 09:35:04.887 GMT+0100,172.915,172.868,0.0179,0.0221
16.12.2020 09:35:05.703 GMT+0100,172.88400000000001,172.83900000000003,0.0179,0.0221
16.12.2020 09:35:05.930 GMT+0100,172.89900000000003,172.85,0.0179,0.0221
16.12.2020 09:35:06.247 GMT+0100,172.915,172.868,0.0179,0.0221
16.12.2020 09:35:06.818 GMT+0100,172.895,172.853,0.0179,0.0221
16.12.2020 09:35:06.934 GMT+0100,172.917,172.86700000000002,0.0179,0.0221
16.12.2020 09:35:35.486 GMT+0100,172.885,172.835,0.0179,0.0221
16.12.2020 09:36:50.227 GMT+0100,172.916,172.86599999999999,0.0179,0.0221
16.12.2020 09:36:51.082 GMT+0100,172.885,172.83900000000003,0.0179,0.0221
16.12.2020 09:36:51.240 GMT+0100,172.91400000000002,172.86700000000002,0.0179,0.0221
16.12.2020 09:37:17.148 GMT+0100,172.88400000000001,172.83599999999998,0.0179,0.0221
16.12.2020 09:37:23.912 GMT+0100,172.91400000000002,172.86599999999999,0.0179,0.0221
16.12.2020 09:37:26.337 GMT+0100,172.882,172.83900000000003,0.0179,0.0221
16.12.2020 09:37:31.066 GMT+0100,172.916,172.86599999999999,0.0179,0.0221
16.12.2020 09:37:52.944 GMT+0100,172.881,172.835,0.0179,0.0221
16.12.2020 09:37:54.588 GMT+0100,172.916,172.86700000000002,0.0179,0.0221
16.12.2020 09:37:58.046 GMT+0100,172.88400000000001,172.83900000000003,0.0179,0.0221
16.12.2020 09:38:04.964 GMT+0100,172.912,172.87,0.0179,0.0221
16.12.2020 09:39:23.098 GMT+0100,172.883,172.838,0.0179,0.0221
16.12.2020 09:39:25.077 GMT+0100,172.91,172.868,0.0179,0.0221
16.12.2020 09:39:44.560 GMT+0100,172.882,172.84099999999998,0.0179,0.0221
16.12.2020 09:39:45.494 GMT+0100,172.91400000000002,172.86599999999999,0.0179,0.0221
16.12.2020 09:39:45.706 GMT+0100,172.9,172.854,0.0179,0.0221
16.12.2020 09:39:45.864 GMT+0100,172.882,172.83900000000003,0.0179,0.0221
16.12.2020 09:40:47.130 GMT+0100,172.91299999999998,172.86599999999999,0.0179,0.0221
16.12.2020 09:40:47.231 GMT+0100,172.881,172.83599999999998,0.0179,0.0221
16.12.2020 09:40:47.458 GMT+0100,172.912,172.86900000000003,0.0179,0.0221
16.12.2020 09:40:47.564 GMT+0100,172.90099999999998,172.851,0.0179,0.0221
16.12.2020 09:40:47.951 GMT+0100,172.91400000000002,172.86900000000003,0.0179,0.0221
16.12.2020 09:41:02.272 GMT+0100,172.882,172.84099999999998,0.0179,0.0221
16.12.2020 09:41:04.074 GMT+0100,172.91,172.86599999999999,0.0179,0.0221
16.12.2020 09:42:57.481 GMT+0100,172.947,172.89900000000003,0.0179,0.0221
16.12.2020 09:42:57.596 GMT+0100,172.912,172.865,0.0179,0.0221
16.12.2020 09:43:00.909 GMT+0100,172.94299999999998,172.89700000000002,0.0179,0.0221
16.12.2020 09:43:32.838 GMT+0100,172.97299999999998,172.935,0.0179,0.0221
16.12.2020 09:43:33.002 GMT+0100,172.96,172.916,0.0179,0.0221
16.12.2020 09:43:34.985 GMT+0100,172.978,172.93,0.0179,0.0221
16.12.2020 09:43:36.014 GMT+0100,172.94299999999998,172.896,0.0179,0.0221
16.12.2020 09:43:47.988 GMT+0100,172.97299999999998,172.93099999999998,0.0179,0.0221
16.12.2020 09:44:57.840 GMT+0100,172.945,172.90099999999998,0.0179,0.0221
16.12.2020 09:45:01.002 GMT+0100,172.915,172.86700000000002,0.0179,0.0221
16.12.2020 09:45:01.757 GMT+0100,172.947,172.89700000000002,0.0179,0.0221
16.12.2020 09:47:46.854 GMT+0100,172.98,172.93200000000002,0.0179,0.0221
16.12.2020 09:48:14.662 GMT+0100,172.96200000000002,172.917,0.0179,0.0221
16.12.2020 09:48:14.820 GMT+0100,172.945,172.9,0.0179,0.0221
16.12.2020 09:48:36.546 GMT+0100,172.978,172.93099999999998,0.0179,0.0221
16.12.2020 09:48:43.181 GMT+0100,172.945,172.896,0.0179,0.0221
16.12.2020 09:49:57.108 GMT+0100,172.98,172.935,0.0179,0.0221
16.12.2020 09:51:10.746 GMT+0100,173.01,172.96599999999998,0.0179,0.0221
16.12.2020 09:51:13.519 GMT+0100,172.98,172.935,0.0179,0.0221
16.12.2020 09:51:16.137 GMT+0100,173.006,172.96099999999998,0.0179,0.0221
16.12.2020 09:51:18.546 GMT+0100,172.977,172.93099999999998,0.0179,0.0221
16.12.2020 09:51:19.373 GMT+0100,173.00400000000002,172.96599999999998,0.0179,0.0221
16.12.2020 09:51:21.819 GMT+0100,172.979,172.93099999999998,0.0179,0.0221
16.12.2020 09:51:23.506 GMT+0100,173.008,172.963,0.0179,0.0221
16.12.2020 09:51:24.169 GMT+0100,172.988,172.94400000000002,0.0179,0.0221
16.12.2020 09:51:24.795 GMT+0100,173.01,172.96,0.0179,0.0221
16.12.2020 09:51:26.056 GMT+0100,172.99200000000002,172.94299999999998,0.0179,0.0221
16.12.2020 09:51:27.081 GMT+0100,172.979,172.93099999999998,0.0179,0.0221
16.12.2020 09:51:28.311 GMT+0100,173.01,172.96400000000003,0.0179,0.0221
16.12.2020 09:51:29.170 GMT+0100,172.99099999999999,172.95000000000002,0.0179,0.0221
16.12.2020 09:51:30.044 GMT+0100,172.977,172.93200000000002,0.0179,0.0221
16.12.2020 09:51:35.965 GMT+0100,173.00400000000002,172.96400000000003,0.0179,0.0221
16.12.2020 09:51:47.588 GMT+0100,172.979,172.93200000000002,0.0179,0.0221
16.12.2020 09:52:06.176 GMT+0100,173.01,172.95900000000003,0.0179,0.0221
16.12.2020 09:52:06.347 GMT+0100,172.99200000000002,172.948,0.0179,0.0221
16.12.2020 09:52:08.542 GMT+0100,173.00900000000001,172.95900000000003,0.0179,0.0221
16.12.2020 09:52:35.426 GMT+0100,172.978,172.93200000000002,0.0179,0.0221
16.12.2020 09:52:37.736 GMT+0100,173.00900000000001,172.963,0.0179,0.0221
16.12.2020 09:52:38.656 GMT+0100,172.976,172.93200000000002,0.0179,0.0221
16.12.2020 09:52:41.391 GMT+0100,173.00900000000001,172.96099999999998,0.0179,0.0221
16.12.2020 09:52:43.401 GMT+0100,172.97299999999998,172.92900000000003,0.0179,0.0221
16.12.2020 09:52:45.464 GMT+0100,173.006,172.96599999999998,0.0179,0.0221
16.12.2020 09:52:49.298 GMT+0100,172.99,172.946,0.0179,0.0221
16.12.2020 09:52:49.432 GMT+0100,172.978,172.92900000000003,0.0179,0.0221
16.12.2020 09:53:55.741 GMT+0100,173.006,172.96099999999998,0.0179,0.0221
16.12.2020 09:53:56.224 GMT+0100,172.978,172.935,0.0179,0.0221
16.12.2020 09:54:16.432 GMT+0100,173.007,172.96400000000003,0.0179,0.0221
16.12.2020 09:54:16.651 GMT+0100,172.99,172.945,0.0179,0.0221
16.12.2020 09:54:18.519 GMT+0100,172.978,172.93099999999998,0.0179,0.0221
16.12.2020 09:54:46.810 GMT+0100,173.006,172.96599999999998,0.0179,0.0221
16.12.2020 09:54:47.659 GMT+0100,172.99099999999999,172.94299999999998,0.0179,0.0221
16.12.2020 09:54:48.081 GMT+0100,173.00400000000002,172.963,0.0179,0.0221
16.12.2020 09:54:49.439 GMT+0100,172.988,172.947,0.0179,0.0221
16.12.2020 09:54:49.541 GMT+0100,173.00400000000002,172.96400000000003,0.0179,0.0221
16.12.2020 09:54:54.647 GMT+0100,172.977,172.92900000000003,0.0179,0.0221
16.12.2020 09:55:17.552 GMT+0100,173.008,172.96200000000002,0.0179,0.0221
16.12.2020 09:57:41.104 GMT+0100,173.02400000000003,172.977,0.0179,0.0221
16.12.2020 09:57:41.542 GMT+0100,173.008,172.96200000000002,0.0179,0.0221
16.12.2020 09:59:36.994 GMT+0100,172.98,172.92900000000003,0.0179,0.0221
16.12.2020 10:00:07.080 GMT+0100,173.00400000000002,172.95900000000003,0.0179,0.0221
16.12.2020 10:00:49.653 GMT+0100,173.041,172.99,0.0179,0.0221
16.12.2020 10:01:00.891 GMT+0100,173.007,172.96099999999998,0.0179,0.0221
16.12.2020 10:01:01.872 GMT+0100,173.03799999999998,172.993,0.0179,0.0221
16.12.2020 10:01:06.789 GMT+0100,173.023,172.98,0.0179,0.0221
16.12.2020 10:01:07.460 GMT+0100,173.04,172.993,0.0179,0.0221
16.12.2020 10:01:58.797 GMT+0100,173.00400000000002,172.96599999999998,0.0179,0.0221
16.12.2020 10:01:59.748 GMT+0100,173.041,172.99400000000003,0.0179,0.0221
16.12.2020 10:02:00.223 GMT+0100,173.011,172.96200000000002,0.0179,0.0221
16.12.2020 10:02:13.821 GMT+0100,173.035,172.995,0.0179,0.0221
16.12.2020 10:02:15.427 GMT+0100,173.00400000000002,172.95900000000003,0.0179,0.0221
16.12.2020 10:03:56.739 GMT+0100,172.975,172.92900000000003,0.0179,0.0221
16.12.2020 10:03:57.699 GMT+0100,173.007,172.96599999999998,0.0179,0.0221
16.12.2020 10:04:00.334 GMT+0100,172.98,172.93,0.0179,0.0221
16.12.2020 10:04:00.845 GMT+0100,172.995,172.945,0.0179,0.0221
16.12.2020 10:04:00.952 GMT+0100,172.975,172.935,0.0179,0.0221
16.12.2020 10:04:05.546 GMT+0100,172.946,172.898,0.0179,0.0221
16.12.2020 10:04:05.718 GMT+0100,172.98,172.933,0.0179,0.0221
16.12.2020 10:04:21.481 GMT+0100,172.946,172.90099999999998,0.0179,0.0221
16.12.2020 10:04:43.265 GMT+0100,172.98,172.935,0.0179,0.0221
16.12.2020 10:05:13.839 GMT+0100,172.947,172.896,0.0179,0.0221
16.12.2020 10:05:22.943 GMT+0100,172.979,172.92900000000003,0.0179,0.0221
16.12.2020 10:05:34.616 GMT+0100,172.94299999999998,172.89900000000003,0.0179,0.0221
16.12.2020 10:05:49.766 GMT+0100,172.912,172.86900000000003,0.0179,0.0221
16.12.2020 10:05:57.282 GMT+0100,172.946,172.898,0.0179,0.0221
16.12.2020 10:06:26.709 GMT+0100,172.91,172.865,0.0179,0.0221
16.12.2020 10:06:31.666 GMT+0100,172.94400000000002,172.9,0.0179,0.0221
16.12.2020 10:06:32.162 GMT+0100,172.912,172.868,0.0179,0.0221
16.12.2020 10:06:48.893 GMT+0100,172.883,172.838,0.0179,0.0221
16.12.2020 10:07:06.118 GMT+0100,172.91299999999998,172.87,0.0179,0.0221
16.12.2020 10:07:12.301 GMT+0100,172.881,172.835,0.0179,0.0221
16.12.2020 10:07:14.221 GMT+0100,172.91400000000002,172.865,0.0179,0.0221
16.12.2020 10:07:14.479 GMT+0100,172.883,172.835,0.0179,0.0221
16.12.2020 10:07:22.017 GMT+0100,172.917,172.86599999999999,0.0179,0.0221
16.12.2020 10:07:24.529 GMT+0100,172.883,172.83400000000003,0.0179,0.0221
16.12.2020 10:07:26.352 GMT+0100,172.917,172.868,0.0179,0.0221
16.12.2020 10:08:14.342 GMT+0100,172.885,172.83599999999998,0.0179,0.0221
16.12.2020 10:08:18.338 GMT+0100,172.917,172.86900000000003,0.0179,0.0221
16.12.2020 10:08:18.671 GMT+0100,172.883,172.83599999999998,0.0179,0.0221
16.12.2020 10:08:27.417 GMT+0100,172.915,172.86900000000003,0.0179,0.0221
16.12.2020 10:08:34.381 GMT+0100,172.885,172.83599999999998,0.0179,0.0221
16.12.2020 10:08:34.925 GMT+0100,172.915,172.868,0.0179,0.0221
16.12.2020 10:08:35.247 GMT+0100,172.885,172.84099999999998,0.0179,0.0221
16.12.2020 10:08:37.101 GMT+0100,172.917,172.865,0.0179,0.0221
16.12.2020 10:08:40.253 GMT+0100,172.881,172.83900000000003,0.0179,0.0221
16.12.2020 10:08:46.122 GMT+0100,172.852,172.81,0.0179,0.0221
16.12.2020 10:08:47.384 GMT+0100,172.882,172.84099999999998,0.0179,0.0221
16.12.2020 10:10:05.142 GMT+0100,172.915,172.865,0.0179,0.0221
16.12.2020 10:10:13.514 GMT+0100,172.88400000000001,172.83400000000003,0.0179,0.0221
16.12.2020 10:10:32.797 GMT+0100,172.852,172.80599999999998,0.0179,0.0221
16.12.2020 10:10:53.727 GMT+0100,172.885,172.83900000000003,0.0179,0.0221
16.12.2020 10:11:29.519 GMT+0100,172.91400000000002,172.86599999999999,0.0179,0.0221
16.12.2020 10:11:31.858 GMT+0100,172.882,172.83400000000003,0.0179,0.0221
16.12.2020 10:11:32.011 GMT+0100,172.917,172.86700000000002,0.0179,0.0221
16.12.2020 10:12:13.029 GMT+0100,172.886,172.83700000000002,0.0179,0.0221
16.12.2020 10:12:14.909 GMT+0100,172.91299999999998,172.872,0.0179,0.0221
16.12.2020 10:12:31.946 GMT+0100,172.88400000000001,172.83900000000003,0.0179,0.0221
16.12.2020 10:12:42.366 GMT+0100,172.916,172.865,0.0179,0.0221
16.12.2020 10:12:54.505 GMT+0100,172.882,172.838,0.0179,0.0221
16.12.2020 10:12:55.187 GMT+0100,172.915,172.86599999999999,0.0179,0.0221
16.12.2020 10:12:56.236 GMT+0100,172.886,172.83599999999998,0.0179,0.0221
16.12.2020 10:12:56.584 GMT+0100,172.91,172.86599999999999,0.0179,0.0221
16.12.2020 10:12:56.752 GMT+0100,172.881,172.84099999999998,0.0179,0.0221
16.12.2020 10:13:11.550 GMT+0100,172.91299999999998,172.86900000000003,0.0179,0.0221
16.12.2020 10:13:35.369 GMT+0100,172.886,172.84099999999998,0.0179,0.0221
16.12.2020 10:13:38.052 GMT+0100,172.91400000000002,172.868,0.0179,0.0221
16.12.2020 10:13:45.484 GMT+0100,172.89700000000002,172.853,0.0179,0.0221
16.12.2020 10:13:45.595 GMT+0100,172.882,172.83599999999998,0.0179,0.0221
16.12.2020 10:13:52.946 GMT+0100,172.915,172.86700000000002,0.0179,0.0221
16.12.2020 10:14:06.842 GMT+0100,172.886,172.838,0.0179,0.0221
16.12.2020 10:14:30.892 GMT+0100,172.91400000000002,172.86700000000002,0.0179,0.0221
16.12.2020 10:14:31.827 GMT+0100,172.882,172.84099999999998,0.0179,0.0221
16.12.2020 10:16:07.368 GMT+0100,172.852,172.80400000000003,0.0179,0.0221
16.12.2020 10:17:57.794 GMT+0100,172.883,172.83400000000003,0.0179,0.0221
16.12.2020 10:17:58.566 GMT+0100,172.851,172.803,0.0179,0.0221
16.12.2020 10:18:11.514 GMT+0100,172.883,172.838,0.0179,0.0221
16.12.2020 10:18:26.663 GMT+0100,172.854,172.81,0.0179,0.0221
16.12.2020 10:18:28.282 GMT+0100,172.87900000000002,172.835,0.0179,0.0221
16.12.2020 10:19:05.091 GMT+0100,172.912,172.86700000000002,0.0179,0.0221
16.12.2020 10:19:13.069 GMT+0100,172.886,172.84099999999998,0.0179,0.0221
16.12.2020 10:21:09.010 GMT+0100,172.855,172.80400000000003,0.0179,0.0221
16.12.2020 10:21:27.423 GMT+0100,172.882,172.83400000000003,0.0179,0.0221
16.12.2020 10:21:28.156 GMT+0100,172.854,172.803,0.0179,0.0221
16.12.2020 10:21:37.459 GMT+0100,172.87900000000002,172.835,0.0179,0.0221
16.12.2020 10:22:34.033 GMT+0100,172.852,172.80400000000003,0.0179,0.0221
16.12.2020 10:22:34.706 GMT+0100,172.882,172.83599999999998,0.0179,0.0221
16.12.2020 10:22:41.954 GMT+0100,172.84799999999998,172.808,0.0179,0.0221
16.12.2020 10:23:14.564 GMT+0100,172.882,172.83900000000003,0.0179,0.0221
16.12.2020 10:23:16.015 GMT+0100,172.853,172.80400000000003,0.0179,0.0221
16.12.2020 10:23:16.657 GMT+0100,172.882,172.835,0.0179,0.0221
16.12.2020 10:23:37.705 GMT+0100,172.865,172.82,0.0179,0.0221
16.12.2020 10:23:37.854 GMT+0100,172.853,172.805,0.0179,0.0221
16.12.2020 10:23:43.632 GMT+0100,172.883,172.835,0.0179,0.0221
16.12.2020 10:23:46.440 GMT+0100,172.851,172.81,0.0179,0.0221
16.12.2020 10:23:49.380 GMT+0100,172.883,172.83400000000003,0.0179,0.0221
16.12.2020 10:23:52.972 GMT+0100,172.852,172.80599999999998,0.0179,0.0221
16.12.2020 10:23:56.948 GMT+0100,172.881,172.84099999999998,0.0179,0.0221
16.12.2020 10:24:01.956 GMT+0100,172.84799999999998,172.803,0.0179,0.0221
16.12.2020 10:24:03.152 GMT+0100,172.886,172.83900000000003,0.0179,0.0221
16.12.2020 10:24:04.454 GMT+0100,172.853,172.80400000000003,0.0179,0.0221
16.12.2020 10:24:07.833 GMT+0100,172.87,172.81900000000002,0.0179,0.0221
16.12.2020 10:24:08.052 GMT+0100,172.87900000000002,172.835,0.0179,0.0221
16.12.2020 10:25:03.263 GMT+0100,172.851,172.80700000000002,0.0179,0.0221
16.12.2020 10:25:03.567 GMT+0100,172.886,172.84099999999998,0.0179,0.0221
16.12.2020 10:25:04.296 GMT+0100,172.84799999999998,172.80400000000003,0.0179,0.0221
16.12.2020 10:25:05.444 GMT+0100,172.886,172.838,0.0179,0.0221
16.12.2020 10:25:09.057 GMT+0100,172.854,172.803,0.0179,0.0221
16.12.2020 10:25:09.478 GMT+0100,172.885,172.83400000000003,0.0179,0.0221
16.12.2020 10:25:50.933 GMT+0100,172.87,172.823,0.0179,0.0221
16.12.2020 10:25:52.268 GMT+0100,172.851,172.81,0.0179,0.0221
16.12.2020 10:25:52.550 GMT+0100,172.87900000000002,172.84099999999998,0.0179,0.0221
16.12.2020 10:26:11.412 GMT+0100,172.85,172.80599999999998,0.0179,0.0221
16.12.2020 10:28:47.507 GMT+0100,172.882,172.83700000000002,0.0179,0.0221
16.12.2020 10:28:55.744 GMT+0100,172.854,172.805,0.0179,0.0221
16.12.2020 10:28:56.798 GMT+0100,172.87900000000002,172.838,0.0179,0.0221
16.12.2020 10:28:57.757 GMT+0100,172.854,172.808,0.0179,0.0221
16.12.2020 10:31:10.638 GMT+0100,172.823,172.778,0.0179,0.0221
16.12.2020 10:31:10.871 GMT+0100,172.853,172.803,0.0179,0.0221
16.12.2020 10:31:10.976 GMT+0100,172.816,172.775,0.0179,0.0221
16.12.2020 10:31:15.644 GMT+0100,172.85,172.803,0.0179,0.0221
16.12.2020 10:31:16.042 GMT+0100,172.822,172.775,0.0179,0.0221
16.12.2020 10:31:23.442 GMT+0100,172.854,172.803,0.0179,0.0221
16.12.2020 10:31:24.270 GMT+0100,172.816,172.77200000000002,0.0179,0.0221
16.12.2020 10:31:59.399 GMT+0100,172.854,172.80700000000002,0.0179,0.0221
16.12.2020 10:35:01.428 GMT+0100,172.822,172.77200000000002,0.0179,0.0221
16.12.2020 10:35:01.829 GMT+0100,172.855,172.803,0.0179,0.0221
16.12.2020 10:35:02.253 GMT+0100,172.81900000000002,172.77599999999998,0.0179,0.0221
16.12.2020 10:35:04.759 GMT+0100,172.853,172.80400000000003,0.0179,0.0221
16.12.2020 10:35:12.521 GMT+0100,172.82,172.77599999999998,0.0179,0.0221
16.12.2020 10:35:13.671 GMT+0100,172.85,172.808,0.0179,0.0221
16.12.2020 10:35:14.359 GMT+0100,172.83700000000002,172.791,0.0179,0.0221
16.12.2020 10:35:14.498 GMT+0100,172.854,172.803,0.0179,0.0221
16.12.2020 10:35:36.976 GMT+0100,172.882,172.83900000000003,0.0179,0.0221
16.12.2020 10:36:04.047 GMT+0100,172.854,172.80599999999998,0.0179,0.0221
16.12.2020 10:36:04.309 GMT+0100,172.881,172.838,0.0179,0.0221
16.12.2020 10:36:11.686 GMT+0100,172.854,172.805,0.0179,0.0221
16.12.2020 10:36:13.983 GMT+0100,172.88400000000001,172.838,0.0179,0.0221
16.12.2020 10:36:37.021 GMT+0100,172.852,172.808,0.0179,0.0221
16.12.2020 10:36:57.650 GMT+0100,172.885,172.84099999999998,0.0179,0.0221
16.12.2020 10:37:57.305 GMT+0100,172.91299999999998,172.86599999999999,0.0179,0.0221
16.12.2020 10:38:04.457 GMT+0100,172.88400000000001,172.83400000000003,0.0179,0.0221
16.12.2020 10:38:04.659 GMT+0100,172.90099999999998,172.852,0.0179,0.0221
16.12.2020 10:38:05.310 GMT+0100,172.91,172.865,0.0179,0.0221
16.12.2020 10:38:07.126 GMT+0100,172.895,172.85,0.0179,0.0221
16.12.2020 10:38:07.498 GMT+0100,172.885,172.83700000000002,0.0179,0.0221
16.12.2020 10:38:27.188 GMT+0100,172.91299999999998,172.868,0.0179,0.0221
16.12.2020 10:38:27.897 GMT+0100,172.885,172.84099999999998,0.0179,0.0221
16.12.2020 10:41:09.090 GMT+0100,172.91400000000002,172.865,0.0179,0.0221
16.12.2020 10:41:12.527 GMT+0100,172.881,172.84099999999998,0.0179,0.0221
16.12.2020 10:41:39.929 GMT+0100,172.91299999999998,172.86700000000002,0.0179,0.0221
16.12.2020 10:43:09.788 GMT+0100,172.947,172.903,0.0179,0.0221
16.12.2020 10:43:10.260 GMT+0100,172.916,172.868,0.0179,0.0221
16.12.2020 10:43:40.860 GMT+0100,172.94299999999998,172.89700000000002,0.0179,0.0221
16.12.2020 10:43:42.661 GMT+0100,172.916,172.872,0.0179,0.0221
16.12.2020 10:43:43.067 GMT+0100,172.94299999999998,172.89900000000003,0.0179,0.0221
16.12.2020 10:43:55.260 GMT+0100,172.93099999999998,172.883,0.0179,0.0221
16.12.2020 10:43:55.399 GMT+0100,172.946,172.898,0.0179,0.0221
16.12.2020 10:46:44.906 GMT+0100,172.917,172.86599999999999,0.0179,0.0221
16.12.2020 10:46:49.070 GMT+0100,172.886,172.83599999999998,0.0179,0.0221
16.12.2020 10:46:49.247 GMT+0100,172.89700000000002,172.857,0.0179,0.0221
16.12.2020 10:46:49.349 GMT+0100,172.91,172.865,0.0179,0.0221
16.12.2020 10:46:49.921 GMT+0100,172.90200000000002,172.85,0.0179,0.0221
16.12.2020 10:46:50.266 GMT+0100,172.91299999999998,172.868,0.0179,0.0221
16.12.2020 10:52:21.889 GMT+0100,172.945,172.898,0.0179,0.0221
16.12.2020 10:52:30.976 GMT+0100,172.91299999999998,172.86900000000003,0.0179,0.0221
16.12.2020 10:56:16.176 GMT+0100,172.947,172.89900000000003,0.0179,0.0221
16.12.2020 10:56:45.562 GMT+0100,172.91299999999998,172.868,0.0179,0.0221
16.12.2020 10:57:00.871 GMT+0100,172.946,172.898,0.0179,0.0221
16.12.2020 10:57:04.358 GMT+0100,172.912,172.86599999999999,0.0179,0.0221
16.12.2020 10:57:54.183 GMT+0100,172.946,172.89700000000002,0.0179,0.0221
16.12.2020 10:58:05.647 GMT+0100,172.91,172.86700000000002,0.0179,0.0221
16.12.2020 10:58:07.609 GMT+0100,172.94400000000002,172.89700000000002,0.0179,0.0221
16.12.2020 10:58:13.687 GMT+0100,172.91,172.865,0.0179,0.0221
16.12.2020 10:58:50.912 GMT+0100,172.94400000000002,172.90099999999998,0.0179,0.0221
16.12.2020 10:58:52.427 GMT+0100,172.915,172.87,0.0179,0.0221
16.12.2020 10:59:16.650 GMT+0100,172.94299999999998,172.898,0.0179,0.0221
16.12.2020 11:01:02.295 GMT+0100,172.975,172.93200000000002,0.0179,0.0221
16.12.2020 11:01:10.635 GMT+0100,172.945,172.898,0.0179,0.0221
16.12.2020 11:01:26.933 GMT+0100,172.975,172.92900000000003,0.0179,0.0221
16.12.2020 11:02:02.198 GMT+0100,172.945,172.9,0.0179,0.0221
16.12.2020 11:02:02.626 GMT+0100,172.979,172.928,0.0179,0.0221
16.12.2020 11:02:18.562 GMT+0100,172.948,172.89700000000002,0.0179,0.0221
16.12.2020 11:03:06.018 GMT+0100,172.979,172.928,0.0179,0.0221
16.12.2020 11:03:19.999 GMT+0100,172.946,172.89700000000002,0.0179,0.0221
16.12.2020 11:03:35.410 GMT+0100,172.978,172.93099999999998,0.0179,0.0221
16.12.2020 11:03:35.512 GMT+0100,172.947,172.898,0.0179,0.0221
16.12.2020 11:04:11.967 GMT+0100,172.977,172.93200000000002,0.0179,0.0221
16.12.2020 11:04:24.471 GMT+0100,172.948,172.89700000000002,0.0179,0.0221
16.12.2020 11:04:26.513 GMT+0100,172.97299999999998,172.93200000000002,0.0179,0.0221
16.12.2020 11:04:26.619 GMT+0100,172.96200000000002,172.91299999999998,0.0179,0.0221
16.12.2020 11:04:26.726 GMT+0100,172.975,172.928,0.0179,0.0221
16.12.2020 11:04:26.875 GMT+0100,172.96200000000002,172.91400000000002,0.0179,0.0221
16.12.2020 11:04:27.092 GMT+0100,172.98,172.93200000000002,0.0179,0.0221
16.12.2020 11:04:27.983 GMT+0100,172.941,172.9,0.0179,0.0221
16.12.2020 11:04:28.703 GMT+0100,172.979,172.935,0.0179,0.0221
16.12.2020 11:04:33.831 GMT+0100,172.94299999999998,172.903,0.0179,0.0221
16.12.2020 11:07:21.757 GMT+0100,172.916,172.86700000000002,0.0179,0.0221
16.12.2020 11:07:25.918 GMT+0100,172.94299999999998,172.89700000000002,0.0179,0.0221
16.12.2020 11:07:31.207 GMT+0100,172.916,172.86700000000002,0.0179,0.0221
16.12.2020 11:07:34.666 GMT+0100,172.941,172.89900000000003,0.0179,0.0221
16.12.2020 11:07:56.208 GMT+0100,172.91,172.86700000000002,0.0179,0.0221
16.12.2020 11:07:56.366 GMT+0100,172.947,172.903,0.0179,0.0221
16.12.2020 11:07:59.000 GMT+0100,172.92900000000003,172.883,0.0179,0.0221
16.12.2020 11:07:59.220 GMT+0100,172.946,172.90099999999998,0.0179,0.0221
16.12.2020 11:08:49.979 GMT+0100,172.915,172.86900000000003,0.0179,0.0221
16.12.2020 11:08:50.261 GMT+0100,172.946,172.89700000000002,0.0179,0.0221
16.12.2020 11:08:50.502 GMT+0100,172.92900000000003,172.885,0.0179,0.0221
16.12.2020 11:08:50.649 GMT+0100,172.94400000000002,172.9,0.0179,0.0221
16.12.2020 11:08:51.594 GMT+0100,172.912,172.872,0.0179,0.0221
16.12.2020 11:09:37.913 GMT+0100,172.882,172.838,0.0179,0.0221
16.12.2020 11:11:28.737 GMT+0100,172.84799999999998,172.80599999999998,0.0179,0.0221
16.12.2020 11:14:54.224 GMT+0100,172.816,172.778,0.0179,0.0221
16.12.2020 11:14:59.421 GMT+0100,172.851,172.80400000000003,0.0179,0.0221
16.12.2020 11:15:00.246 GMT+0100,172.82,172.771,0.0179,0.0221
16.12.2020 11:15:07.310 GMT+0100,172.853,172.80700000000002,0.0179,0.0221
16.12.2020 11:15:31.153 GMT+0100,172.821,172.775,0.0179,0.0221
16.12.2020 11:15:32.937 GMT+0100,172.852,172.80700000000002,0.0179,0.0221
16.12.2020 11:18:56.879 GMT+0100,172.821,172.77400000000003,0.0179,0.0221
16.12.2020 11:18:58.105 GMT+0100,172.84799999999998,172.808,0.0179,0.0221
16.12.2020 11:19:05.900 GMT+0100,172.823,172.775,0.0179,0.0221
16.12.2020 11:20:26.871 GMT+0100,172.785,172.743,0.0179,0.0221
16.12.2020 11:23:03.156 GMT+0100,172.821,172.771,0.0179,0.0221
16.12.2020 11:23:06.641 GMT+0100,172.78900000000002,172.74200000000002,0.0179,0.0221
16.12.2020 11:23:08.203 GMT+0100,172.823,172.771,0.0179,0.0221
16.12.2020 11:23:32.209 GMT+0100,172.787,172.74200000000002,0.0179,0.0221
16.12.2020 11:23:39.973 GMT+0100,172.823,172.775,0.0179,0.0221
16.12.2020 11:24:57.224 GMT+0100,172.79,172.74099999999999,0.0179,0.0221
16.12.2020 11:24:58.282 GMT+0100,172.82,172.778,0.0179,0.0221
16.12.2020 11:25:02.265 GMT+0100,172.791,172.747,0.0179,0.0221
16.12.2020 11:25:02.445 GMT+0100,172.81900000000002,172.771,0.0179,0.0221
16.12.2020 11:26:49.065 GMT+0100,172.791,172.74099999999999,0.0179,0.0221
16.12.2020 11:27:07.481 GMT+0100,172.757,172.71099999999998,0.0179,0.0221
16.12.2020 11:27:08.006 GMT+0100,172.79,172.74200000000002,0.0179,0.0221
16.12.2020 11:30:18.148 GMT+0100,172.823,172.771,0.0179,0.0221
16.12.2020 11:30:22.666 GMT+0100,172.792,172.74400000000003,0.0179,0.0221
16.12.2020 11:30:25.438 GMT+0100,172.823,172.77400000000003,0.0179,0.0221
16.12.2020 11:31:29.692 GMT+0100,172.85,172.81,0.0179,0.0221
16.12.2020 11:31:36.045 GMT+0100,172.81799999999998,172.775,0.0179,0.0221
16.12.2020 11:31:50.885 GMT+0100,172.851,172.805,0.0179,0.0221
16.12.2020 11:31:52.444 GMT+0100,172.82,172.77200000000002,0.0179,0.0221
16.12.2020 11:32:11.922 GMT+0100,172.853,172.803,0.0179,0.0221
16.12.2020 11:32:29.452 GMT+0100,172.886,172.83599999999998,0.0179,0.0221
16.12.2020 11:32:30.304 GMT+0100,172.855,172.80400000000003,0.0179,0.0221
16.12.2020 11:33:09.356 GMT+0100,172.88400000000001,172.835,0.0179,0.0221
16.12.2020 11:34:00.663 GMT+0100,172.852,172.80400000000003,0.0179,0.0221
16.12.2020 11:34:01.508 GMT+0100,172.886,172.83700000000002,0.0179,0.0221
16.12.2020 11:34:06.738 GMT+0100,172.84799999999998,172.80700000000002,0.0179,0.0221
16.12.2020 11:34:07.938 GMT+0100,172.886,172.835,0.0179,0.0221
16.12.2020 11:34:09.240 GMT+0100,172.84799999999998,172.81,0.0179,0.0221
16.12.2020 11:36:02.315 GMT+0100,172.81799999999998,172.775,0.0179,0.0221
16.12.2020 11:36:03.424 GMT+0100,172.85,172.80599999999998,0.0179,0.0221
16.12.2020 11:36:04.522 GMT+0100,172.81900000000002,172.77599999999998,0.0179,0.0221
16.12.2020 11:36:04.687 GMT+0100,172.855,172.808,0.0179,0.0221
16.12.2020 11:36:05.010 GMT+0100,172.83900000000003,172.791,0.0179,0.0221
16.12.2020 11:36:07.021 GMT+0100,172.84799999999998,172.803,0.0179,0.0221
16.12.2020 11:38:22.141 GMT+0100,172.816,172.77200000000002,0.0179,0.0221
16.12.2020 11:40:46.295 GMT+0100,172.83200000000002,172.794,0.0179,0.0221
16.12.2020 11:40:46.431 GMT+0100,172.851,172.808,0.0179,0.0221
16.12.2020 11:42:30.106 GMT+0100,172.87900000000002,172.835,0.0179,0.0221
16.12.2020 11:42:32.456 GMT+0100,172.852,172.808,0.0179,0.0221
16.12.2020 11:42:32.616 GMT+0100,172.88400000000001,172.83900000000003,0.0179,0.0221
16.12.2020 11:42:34.188 GMT+0100,172.86599999999999,172.823,0.0179,0.0221
16.12.2020 11:42:34.487 GMT+0100,172.882,172.83400000000003,0.0179,0.0221
16.12.2020 11:42:54.751 GMT+0100,172.852,172.803,0.0179,0.0221
16.12.2020 11:43:47.872 GMT+0100,172.81900000000002,172.77200000000002,0.0179,0.0221
16.12.2020 11:43:54.349 GMT+0100,172.853,172.80700000000002,0.0179,0.0221
16.12.2020 11:44:04.778 GMT+0100,172.83900000000003,172.792,0.0179,0.0221
16.12.2020 11:44:08.311 GMT+0100,172.822,172.77400000000003,0.0179,0.0221
16.12.2020 11:44:10.484 GMT+0100,172.853,172.81,0.0179,0.0221
16.12.2020 11:44:12.010 GMT+0100,172.838,172.787,0.0179,0.0221
16.12.2020 11:44:12.132 GMT+0100,172.853,172.81,0.0179,0.0221
16.12.2020 11:44:12.715 GMT+0100,172.83700000000002,172.79,0.0179,0.0221
16.12.2020 11:44:13.124 GMT+0100,172.81799999999998,172.773,0.0179,0.0221
16.12.2020 11:44:13.228 GMT+0100,172.83900000000003,172.78900000000002,0.0179,0.0221
16.12.2020 11:44:13.376 GMT+0100,172.855,172.803,0.0179,0.0221
16.12.2020 11:44:21.003 GMT+0100,172.83900000000003,172.78900000000002,0.0179,0.0221
16.12.2020 11:44:21.165 GMT+0100,172.816,172.771,0.0179,0.0221
16.12.2020 11:44:27.567 GMT+0100,172.855,172.80700000000002,0.0179,0.0221
16.12.2020 11:44:43.984 GMT+0100,172.83200000000002,172.79,0.0179,0.0221
16.12.2020 11:44:44.086 GMT+0100,172.84799999999998,172.80700000000002,0.0179,0.0221
16.12.2020 11:45:34.887 GMT+0100,172.82,172.77200000000002,0.0179,0.0221
16.12.2020 11:45:38.296 GMT+0100,172.851,172.80700000000002,0.0179,0.0221
16.12.2020 11:45:39.651 GMT+0100,172.822,172.77200000000002,0.0179,0.0221
16.12.2020 11:45:46.368 GMT+0100,172.854,172.805,0.0179,0.0221
16.12.2020 11:46:47.609 GMT+0100,172.883,172.83900000000003,0.0179,0.0221
16.12.2020 11:47:07.780 GMT+0100,172.912,172.86900000000003,0.0179,0.0221
16.12.2020 11:47:20.606 GMT+0100,172.885,172.83400000000003,0.0179,0.0221
16.12.2020 11:48:49.542 GMT+0100,172.91,172.872,0.0179,0.0221
16.12.2020 11:48:54.856 GMT+0100,172.947,172.903,0.0179,0.0221
16.12.2020 11:49:55.105 GMT+0100,172.916,172.86700000000002,0.0179,0.0221
16.12.2020 11:49:55.867 GMT+0100,172.945,172.896,0.0179,0.0221
16.12.2020 11:50:02.674 GMT+0100,172.912,172.86599999999999,0.0179,0.0221
16.12.2020 11:50:31.501 GMT+0100,172.94299999999998,172.90099999999998,0.0179,0.0221
16.12.2020 11:50:33.231 GMT+0100,172.91,172.86599999999999,0.0179,0.0221
16.12.2020 11:50:41.976 GMT+0100,172.90099999999998,172.852,0.0179,0.0221
16.12.2020 11:50:42.925 GMT+0100,172.882,172.838,0.0179,0.0221
16.12.2020 11:50:48.520 GMT+0100,172.91299999999998,172.87,0.0179,0.0221
16.12.2020 11:50:48.987 GMT+0100,172.90200000000002,172.85,0.0179,0.0221
16.12.2020 11:50:49.560 GMT+0100,172.917,172.86700000000002,0.0179,0.0221
16.12.2020 11:54:42.677 GMT+0100,172.946,172.9,0.0179,0.0221
16.12.2020 11:54:42.849 GMT+0100,172.912,172.865,0.0179,0.0221
16.12.2020 11:55:01.521 GMT+0100,172.941,172.90099999999998,0.0179,0.0221
16.12.2020 11:55:09.408 GMT+0100,172.915,172.86900000000003,0.0179,0.0221
16.12.2020 11:55:22.138 GMT+0100,172.945,172.9,0.0179,0.0221
16.12.2020 11:55:27.403 GMT+0100,172.912,172.86900000000003,0.0179,0.0221
16.12.2020 11:55:35.316 GMT+0100,172.94400000000002,172.9,0.0179,0.0221
16.12.2020 11:55:35.459 GMT+0100,172.915,172.872,0.0179,0.0221
16.12.2020 11:56:17.519 GMT+0100,172.87900000000002,172.83599999999998,0.0179,0.0221
16.12.2020 11:57:40.065 GMT+0100,172.91299999999998,172.86700000000002,0.0179,0.0221
16.12.2020 11:57:43.605 GMT+0100,172.87900000000002,172.83599999999998,0.0179,0.0221
16.12.2020 11:58:32.574 GMT+0100,172.91299999999998,172.86900000000003,0.0179,0.0221
16.12.2020 11:58:34.330 GMT+0100,172.881,172.835,0.0179,0.0221
16.12.2020 11:59:15.194 GMT+0100,172.854,172.80400000000003,0.0179,0.0221
16.12.2020 11:59:45.464 GMT+0100,172.87900000000002,172.83400000000003,0.0179,0.0221
16.12.2020 12:00:27.058 GMT+0100,172.915,172.86700000000002,0.0179,0.0221
16.12.2020 12:00:40.209 GMT+0100,172.881,172.83900000000003,0.0179,0.0221
16.12.2020 12:02:42.617 GMT+0100,172.91299999999998,172.872,0.0179,0.0221
16.12.2020 12:04:02.479 GMT+0100,172.93099999999998,172.886,0.0179,0.0221
16.12.2020 12:04:02.583 GMT+0100,172.91,172.868,0.0179,0.0221
16.12.2020 12:04:22.956 GMT+0100,172.94400000000002,172.903,0.0179,0.0221
16.12.2020 12:04:31.258 GMT+0100,172.91,172.87,0.0179,0.0221
16.12.2020 12:04:51.901 GMT+0100,172.941,172.89900000000003,0.0179,0.0221
16.12.2020 12:04:52.903 GMT+0100,172.916,172.872,0.0179,0.0221
16.12.2020 12:04:55.961 GMT+0100,172.948,172.903,0.0179,0.0221
16.12.2020 12:05:02.264 GMT+0100,172.91,172.87,0.0179,0.0221
16.12.2020 12:05:27.288 GMT+0100,172.941,172.9,0.0179,0.0221
16.12.2020 12:05:36.610 GMT+0100,172.912,172.86700000000002,0.0179,0.0221
16.12.2020 12:05:51.820 GMT+0100,172.94400000000002,172.9,0.0179,0.0221
16.12.2020 12:06:05.692 GMT+0100,172.91299999999998,172.872,0.0179,0.0221
16.12.2020 12:06:58.909 GMT+0100,172.946,172.89700000000002,0.0179,0.0221
16.12.2020 12:07:14.983 GMT+0100,172.91400000000002,172.87,0.0179,0.0221
16.12.2020 12:10:01.668 GMT+0100,172.886,172.83700000000002,0.0179,0.0221
16.12.2020 12:11:18.033 GMT+0100,172.917,172.87,0.0179,0.0221
16.12.2020 12:11:18.135 GMT+0100,172.90200000000002,172.85,0.0179,0.0221
16.12.2020 12:11:18.282 GMT+0100,172.886,172.83700000000002,0.0179,0.0221
16.12.2020 12:11:48.454 GMT+0100,172.91,172.86599999999999,0.0179,0.0221
16.12.2020 12:11:48.628 GMT+0100,172.882,172.83900000000003,0.0179,0.0221
16.12.2020 12:11:59.867 GMT+0100,172.90200000000002,172.85,0.0179,0.0221
16.12.2020 12:11:59.975 GMT+0100,172.91299999999998,172.86700000000002,0.0179,0.0221
16.12.2020 12:12:00.234 GMT+0100,172.881,172.83700000000002,0.0179,0.0221
16.12.2020 12:12:18.227 GMT+0100,172.912,172.87,0.0179,0.0221
16.12.2020 12:12:18.834 GMT+0100,172.882,172.83400000000003,0.0179,0.0221
16.12.2020 12:17:21.454 GMT+0100,172.917,172.865,0.0179,0.0221
16.12.2020 12:18:10.447 GMT+0100,172.915,172.86599999999999,0.0179,0.0221
16.12.2020 12:18:10.598 GMT+0100,172.946,172.898,0.0179,0.0221
16.12.2020 12:18:41.150 GMT+0100,172.916,172.86599999999999,0.0179,0.0221
16.12.2020 12:18:43.418 GMT+0100,172.947,172.903,0.0179,0.0221
16.12.2020 12:18:52.359 GMT+0100,172.912,172.86900000000003,0.0179,0.0221
16.12.2020 12:18:53.168 GMT+0100,172.947,172.90099999999998,0.0179,0.0221
16.12.2020 12:19:18.021 GMT+0100,172.917,172.872,0.0179,0.0221
16.12.2020 12:19:18.444 GMT+0100,172.948,172.89900000000003,0.0179,0.0221
16.12.2020 12:19:21.364 GMT+0100,172.912,172.86900000000003,0.0179,0.0221
16.12.2020 12:28:50.504 GMT+0100,172.946,172.903,0.0179,0.0221
16.12.2020 12:30:14.311 GMT+0100,172.97299999999998,172.93,0.0179,0.0221
16.12.2020 12:30:54.954 GMT+0100,172.948,172.896,0.0179,0.0221
16.12.2020 12:31:00.909 GMT+0100,172.979,172.93,0.0179,0.0221
16.12.2020 12:31:11.374 GMT+0100,172.94299999999998,172.89700000000002,0.0179,0.0221
16.12.2020 12:31:15.537 GMT+0100,172.979,172.93,0.0179,0.0221
16.12.2020 12:33:09.505 GMT+0100,172.946,172.896,0.0179,0.0221
16.12.2020 12:33:09.633 GMT+0100,172.976,172.92900000000003,0.0179,0.0221
16.12.2020 12:33:09.734 GMT+0100,172.947,172.9,0.0179,0.0221
16.12.2020 12:33:41.890 GMT+0100,172.978,172.93,0.0179,0.0221
16.12.2020 12:33:42.089 GMT+0100,172.946,172.903,0.0179,0.0221
16.12.2020 12:34:01.058 GMT+0100,172.97299999999998,172.935,0.0179,0.0221
16.12.2020 12:34:02.512 GMT+0100,172.946,172.89900000000003,0.0179,0.0221
16.12.2020 12:34:21.466 GMT+0100,172.975,172.935,0.0179,0.0221
16.12.2020 12:34:21.603 GMT+0100,172.95900000000003,172.917,0.0179,0.0221
16.12.2020 12:34:21.794 GMT+0100,172.946,172.89700000000002,0.0179,0.0221
16.12.2020 12:34:27.123 GMT+0100,172.98,172.92900000000003,0.0179,0.0221
16.12.2020 12:34:37.936 GMT+0100,172.948,172.896,0.0179,0.0221
16.12.2020 12:34:52.153 GMT+0100,172.977,172.933,0.0179,0.0221
16.12.2020 12:40:10.429 GMT+0100,173.007,172.96200000000002,0.0179,0.0221
16.12.2020 12:42:54.322 GMT+0100,172.979,172.928,0.0179,0.0221
16.12.2020 12:43:57.777 GMT+0100,173.008,172.96,0.0179,0.0221
16.12.2020 12:43:58.720 GMT+0100,172.98,172.92900000000003,0.0179,0.0221
16.12.2020 12:45:12.025 GMT+0100,172.947,172.903,0.0179,0.0221
16.12.2020 12:45:13.674 GMT+0100,172.975,172.93200000000002,0.0179,0.0221
16.12.2020 12:46:21.240 GMT+0100,173.008,172.96200000000002,0.0179,0.0221
16.12.2020 12:46:21.343 GMT+0100,172.993,172.948,0.0179,0.0221
16.12.2020 12:46:21.465 GMT+0100,172.975,172.928,0.0179,0.0221
16.12.2020 12:48:31.417 GMT+0100,172.94299999999998,172.90099999999998,0.0179,0.0221
16.12.2020 12:49:45.543 GMT+0100,172.912,172.86700000000002,0.0179,0.0221
16.12.2020 12:49:47.826 GMT+0100,172.946,172.90099999999998,0.0179,0.0221
16.12.2020 12:49:59.493 GMT+0100,172.915,172.86599999999999,0.0179,0.0221
16.12.2020 12:50:00.284 GMT+0100,172.947,172.896,0.0179,0.0221
16.12.2020 12:50:24.357 GMT+0100,172.912,172.868,0.0179,0.0221
16.12.2020 12:50:26.895 GMT+0100,172.946,172.898,0.0179,0.0221
16.12.2020 12:51:04.434 GMT+0100,172.91400000000002,172.865,0.0179,0.0221
16.12.2020 12:52:48.212 GMT+0100,172.885,172.83400000000003,0.0179,0.0221
16.12.2020 12:53:14.158 GMT+0100,172.91299999999998,172.872,0.0179,0.0221
16.12.2020 12:53:23.098 GMT+0100,172.882,172.838,0.0179,0.0221
16.12.2020 12:53:29.243 GMT+0100,172.898,172.85,0.0179,0.0221
16.12.2020 12:53:29.383 GMT+0100,172.912,172.868,0.0179,0.0221
16.12.2020 12:53:55.907 GMT+0100,172.94400000000002,172.896,0.0179,0.0221
16.12.2020 12:54:33.675 GMT+0100,172.98,172.928,0.0179,0.0221
16.12.2020 12:54:34.588 GMT+0100,172.94400000000002,172.896,0.0179,0.0221
16.12.2020 12:54:39.394 GMT+0100,172.976,172.93,0.0179,0.0221
16.12.2020 12:54:39.641 GMT+0100,172.941,172.89700000000002,0.0179,0.0221
16.12.2020 12:54:39.963 GMT+0100,172.976,172.93099999999998,0.0179,0.0221
16.12.2020 12:56:13.921 GMT+0100,172.945,172.9,0.0179,0.0221
16.12.2020 13:02:06.211 GMT+0100,172.912,172.86599999999999,0.0179,0.0221
16.12.2020 13:02:06.318 GMT+0100,172.92900000000003,172.881,0.0179,0.0221
16.12.2020 13:02:06.468 GMT+0100,172.948,172.89700000000002,0.0179,0.0221
16.12.2020 13:02:13.715 GMT+0100,172.912,172.872,0.0179,0.0221
16.12.2020 13:02:16.265 GMT+0100,172.945,172.898,0.0179,0.0221
16.12.2020 13:02:18.439 GMT+0100,172.91,172.872,0.0179,0.0221
16.12.2020 13:02:21.556 GMT+0100,172.946,172.89900000000003,0.0179,0.0221
16.12.2020 13:02:25.713 GMT+0100,172.91,172.868,0.0179,0.0221
16.12.2020 13:05:09.069 GMT+0100,172.881,172.83900000000003,0.0179,0.0221
16.12.2020 13:05:18.176 GMT+0100,172.917,172.86700000000002,0.0179,0.0221
16.12.2020 13:05:42.492 GMT+0100,172.898,172.853,0.0179,0.0221
16.12.2020 13:05:42.608 GMT+0100,172.91400000000002,172.87,0.0179,0.0221
16.12.2020 13:06:05.768 GMT+0100,172.881,172.838,0.0179,0.0221
16.12.2020 13:06:06.754 GMT+0100,172.91,172.868,0.0179,0.0221
16.12.2020 13:06:25.784 GMT+0100,172.9,172.857,0.0179,0.0221
16.12.2020 13:06:26.064 GMT+0100,172.883,172.835,0.0179,0.0221
16.12.2020 13:06:27.070 GMT+0100,172.917,172.86700000000002,0.0179,0.0221
16.12.2020 13:06:39.062 GMT+0100,172.948,172.90099999999998,0.0179,0.0221
16.12.2020 13:06:39.482 GMT+0100,172.93,172.883,0.0179,0.0221
16.12.2020 13:06:39.938 GMT+0100,172.941,172.903,0.0179,0.0221
16.12.2020 13:06:41.068 GMT+0100,172.926,172.886,0.0179,0.0221
16.12.2020 13:06:41.175 GMT+0100,172.91299999999998,172.872,0.0179,0.0221
16.12.2020 13:10:05.977 GMT+0100,172.885,172.838,0.0179,0.0221
16.12.2020 13:10:08.359 GMT+0100,172.912,172.86599999999999,0.0179,0.0221
16.12.2020 13:10:40.883 GMT+0100,172.882,172.83900000000003,0.0179,0.0221
16.12.2020 13:12:07.881 GMT+0100,172.854,172.81,0.0179,0.0221
16.12.2020 13:12:28.086 GMT+0100,172.821,172.775,0.0179,0.0221
16.12.2020 13:12:36.377 GMT+0100,172.792,172.74400000000003,0.0179,0.0221
16.12.2020 13:12:39.661 GMT+0100,172.821,172.77599999999998,0.0179,0.0221
16.12.2020 13:12:57.707 GMT+0100,172.78799999999998,172.74,0.0179,0.0221
16.12.2020 13:16:09.657 GMT+0100,172.77599999999998,172.728,0.0179,0.0221
16.12.2020 13:16:09.779 GMT+0100,172.787,172.74200000000002,0.0179,0.0221
16.12.2020 13:16:16.543 GMT+0100,172.75900000000001,172.71200000000002,0.0179,0.0221
16.12.2020 13:18:13.082 GMT+0100,172.785,172.747,0.0179,0.0221
16.12.2020 13:18:16.386 GMT+0100,172.757,172.71400000000003,0.0179,0.0221
16.12.2020 13:20:33.175 GMT+0100,172.729,172.683,0.0179,0.0221
16.12.2020 13:20:33.693 GMT+0100,172.75400000000002,172.71099999999998,0.0179,0.0221
16.12.2020 13:20:33.870 GMT+0100,172.726,172.683,0.0179,0.0221
16.12.2020 13:20:34.187 GMT+0100,172.75900000000001,172.71599999999998,0.0179,0.0221
16.12.2020 13:20:34.295 GMT+0100,172.727,172.683,0.0179,0.0221
16.12.2020 13:22:29.644 GMT+0100,172.69400000000002,172.65099999999998,0.0179,0.0221
16.12.2020 13:22:30.010 GMT+0100,172.72299999999998,172.68,0.0179,0.0221
16.12.2020 13:23:22.534 GMT+0100,172.757,172.70900000000003,0.0179,0.0221
16.12.2020 13:24:16.171 GMT+0100,172.775,172.732,0.0179,0.0221
16.12.2020 13:24:16.278 GMT+0100,172.78799999999998,172.743,0.0179,0.0221
16.12.2020 13:26:13.052 GMT+0100,172.801,172.757,0.0179,0.0221
16.12.2020 13:26:13.193 GMT+0100,172.791,172.743,0.0179,0.0221
16.12.2020 13:26:56.308 GMT+0100,172.822,172.77400000000003,0.0179,0.0221
16.12.2020 13:26:57.078 GMT+0100,172.785,172.74099999999999,0.0179,0.0221
16.12.2020 13:27:45.554 GMT+0100,172.816,172.775,0.0179,0.0221
16.12.2020 13:27:55.414 GMT+0100,172.78900000000002,172.74,0.0179,0.0221
16.12.2020 13:28:00.223 GMT+0100,172.816,172.773,0.0179,0.0221
16.12.2020 13:28:01.218 GMT+0100,172.78900000000002,172.745,0.0179,0.0221
16.12.2020 13:28:53.392 GMT+0100,172.82,172.77599999999998,0.0179,0.0221
16.12.2020 13:28:53.728 GMT+0100,172.791,172.747,0.0179,0.0221
16.12.2020 13:29:01.778 GMT+0100,172.81799999999998,172.778,0.0179,0.0221
16.12.2020 13:30:37.578 GMT+0100,172.855,172.803,0.0179,0.0221
16.12.2020 13:30:37.989 GMT+0100,172.823,172.771,0.0179,0.0221
16.12.2020 13:30:39.609 GMT+0100,172.83200000000002,172.794,0.0179,0.0221
16.12.2020 13:30:39.727 GMT+0100,172.852,172.80599999999998,0.0179,0.0221
16.12.2020 13:30:45.216 GMT+0100,172.83599999999998,172.78799999999998,0.0179,0.0221
16.12.2020 13:30:45.920 GMT+0100,172.81900000000002,172.77400000000003,0.0179,0.0221
16.12.2020 13:30:50.067 GMT+0100,172.853,172.803,0.0179,0.0221
16.12.2020 13:31:08.883 GMT+0100,172.82,172.773,0.0179,0.0221
16.12.2020 13:31:09.049 GMT+0100,172.835,172.787,0.0179,0.0221
16.12.2020 13:31:09.263 GMT+0100,172.855,172.81,0.0179,0.0221
16.12.2020 13:31:10.349 GMT+0100,172.81799999999998,172.773,0.0179,0.0221
16.12.2020 13:31:11.743 GMT+0100,172.855,172.81,0.0179,0.0221
16.12.2020 13:31:12.644 GMT+0100,172.81900000000002,172.773,0.0179,0.0221
16.12.2020 13:32:35.702 GMT+0100,172.78900000000002,172.74200000000002,0.0179,0.0221
16.12.2020 13:32:36.799 GMT+0100,172.81799999999998,172.77200000000002,0.0179,0.0221
16.12.2020 13:32:44.212 GMT+0100,172.85,172.80700000000002,0.0179,0.0221
16.12.2020 13:33:02.372 GMT+0100,172.81900000000002,172.775,0.0179,0.0221
16.12.2020 13:33:03.423 GMT+0100,172.853,172.80700000000002,0.0179,0.0221
16.12.2020 13:33:06.666 GMT+0100,172.81900000000002,172.77400000000003,0.0179,0.0221
16.12.2020 13:33:08.921 GMT+0100,172.855,172.81,0.0179,0.0221
16.12.2020 13:33:40.437 GMT+0100,172.82,172.778,0.0179,0.0221
16.12.2020 13:33:42.489 GMT+0100,172.855,172.81,0.0179,0.0221
16.12.2020 13:34:04.021 GMT+0100,172.821,172.775,0.0179,0.0221
16.12.2020 13:34:05.737 GMT+0100,172.851,172.805,0.0179,0.0221
16.12.2020 13:34:07.508 GMT+0100,172.822,172.77200000000002,0.0179,0.0221
16.12.2020 13:38:55.548 GMT+0100,172.854,172.80400000000003,0.0179,0.0221
16.12.2020 13:38:57.954 GMT+0100,172.823,172.778,0.0179,0.0221
16.12.2020 13:39:00.183 GMT+0100,172.835,172.794,0.0179,0.0221
16.12.2020 13:39:00.288 GMT+0100,172.81900000000002,172.778,0.0179,0.0221
16.12.2020 13:39:00.980 GMT+0100,172.84799999999998,172.808,0.0179,0.0221
16.12.2020 13:39:03.986 GMT+0100,172.823,172.773,0.0179,0.0221
16.12.2020 13:39:08.999 GMT+0100,172.853,172.81,0.0179,0.0221
16.12.2020 13:39:09.594 GMT+0100,172.816,172.77200000000002,0.0179,0.0221
16.12.2020 13:39:13.159 GMT+0100,172.853,172.80400000000003,0.0179,0.0221
16.12.2020 13:40:17.444 GMT+0100,172.88400000000001,172.838,0.0179,0.0221
16.12.2020 13:40:18.183 GMT+0100,172.853,172.808,0.0179,0.0221
16.12.2020 13:40:19.482 GMT+0100,172.863,172.82500000000002,0.0179,0.0221
16.12.2020 13:40:19.818 GMT+0100,172.88400000000001,172.83599999999998,0.0179,0.0221
16.12.2020 13:41:22.782 GMT+0100,172.91299999999998,172.87,0.0179,0.0221
16.12.2020 13:41:24.197 GMT+0100,172.886,172.83400000000003,0.0179,0.0221
16.12.2020 13:41:24.304 GMT+0100,172.89700000000002,172.855,0.0179,0.0221
16.12.2020 13:41:25.719 GMT+0100,172.87900000000002,172.83700000000002,0.0179,0.0221
16.12.2020 13:41:27.647 GMT+0100,172.915,172.86599999999999,0.0179,0.0221
16.12.2020 13:41:31.294 GMT+0100,172.881,172.83599999999998,0.0179,0.0221
16.12.2020 13:41:54.432 GMT+0100,172.916,172.86700000000002,0.0179,0.0221
16.12.2020 13:41:56.630 GMT+0100,172.881,172.83400000000003,0.0179,0.0221
16.12.2020 13:41:57.232 GMT+0100,172.915,172.86900000000003,0.0179,0.0221
16.12.2020 13:42:04.228 GMT+0100,172.87900000000002,172.838,0.0179,0.0221
16.12.2020 13:43:45.783 GMT+0100,172.916,172.86900000000003,0.0179,0.0221
16.12.2020 13:44:24.260 GMT+0100,172.948,172.90099999999998,0.0179,0.0221
16.12.2020 13:44:37.307 GMT+0100,172.917,172.865,0.0176,0.0224
16.12.2020 13:44:38.949 GMT+0100,172.941,172.9,0.0176,0.0224
16.12.2020 13:44:43.882 GMT+0100,172.917,172.865,0.0176,0.0224
16.12.2020 13:47:36.282 GMT+0100,172.94400000000002,172.903,0.0176,0.0224
16.12.2020 13:47:44.423 GMT+0100,172.928,172.885,0.0176,0.0224
16.12.2020 13:47:44.865 GMT+0100,172.947,172.90099999999998,0.0176,0.0224
16.12.2020 13:48:33.989 GMT+0100,172.91299999999998,172.87,0.0176,0.0224
16.12.2020 13:48:34.111 GMT+0100,172.93099999999998,172.88400000000001,0.0176,0.0224
16.12.2020 13:48:36.771 GMT+0100,172.915,172.86700000000002,0.0176,0.0224
16.12.2020 13:48:37.560 GMT+0100,172.945,172.903,0.0176,0.0224
16.12.2020 13:49:20.609 GMT+0100,172.91,172.86599999999999,0.0176,0.0224
16.12.2020 13:49:21.144 GMT+0100,172.94299999999998,172.903,0.0176,0.0224
16.12.2020 13:49:40.746 GMT+0100,172.91,172.86700000000002,0.0176,0.0224
16.12.2020 13:49:40.893 GMT+0100,172.947,172.898,0.0176,0.0224
16.12.2020 13:49:42.532 GMT+0100,172.93,172.882,0.0176,0.0224
16.12.2020 13:49:43.742 GMT+0100,172.916,172.87,0.0176,0.0224
16.12.2020 13:49:45.402 GMT+0100,172.94299999999998,172.898,0.0176,0.0224
16.12.2020 13:50:07.701 GMT+0100,172.91400000000002,172.865,0.0176,0.0224
16.12.2020 13:52:37.772 GMT+0100,172.885,172.83900000000003,0.0176,0.0224
16.12.2020 13:52:37.907 GMT+0100,172.90200000000002,172.851,0.0176,0.0224
16.12.2020 13:52:38.030 GMT+0100,172.87900000000002,172.84099999999998,0.0176,0.0224
16.12.2020 13:54:10.232 GMT+0100,172.91400000000002,172.868,0.0176,0.0224
16.12.2020 13:54:10.333 GMT+0100,172.883,172.83900000000003,0.0176,0.0224
16.12.2020 13:56:02.363 GMT+0100,172.852,172.805,0.0176,0.0224
16.12.2020 13:56:02.553 GMT+0100,172.886,172.838,0.0176,0.0224
16.12.2020 13:56:02.708 GMT+0100,172.84799999999998,172.80700000000002,0.0176,0.0224
16.12.2020 13:56:25.493 GMT+0100,172.88400000000001,172.838,0.0176,0.0224
16.12.2020 13:56:26.167 GMT+0100,172.854,172.805,0.0176,0.0224
16.12.2020 13:59:09.785 GMT+0100,172.883,172.838,0.0176,0.0224
16.12.2020 13:59:26.971 GMT+0100,172.868,172.81900000000002,0.0176,0.0224
16.12.2020 13:59:27.073 GMT+0100,172.85,172.80599999999998,0.0176,0.0224
16.12.2020 13:59:33.567 GMT+0100,172.88400000000001,172.83400000000003,0.0176,0.0224
16.12.2020 13:59:33.704 GMT+0100,172.851,172.80700000000002,0.0176,0.0224
16.12.2020 14:00:41.799 GMT+0100,172.87900000000002,172.84099999999998,0.0176,0.0224
16.12.2020 14:00:42.022 GMT+0100,172.855,172.805,0.0176,0.0224
16.12.2020 14:00:42.495 GMT+0100,172.87900000000002,172.83599999999998,0.0176,0.0224
16.12.2020 14:00:57.153 GMT+0100,172.854,172.80599999999998,0.0176,0.0224
16.12.2020 14:00:57.585 GMT+0100,172.87900000000002,172.838,0.0176,0.0224
16.12.2020 14:01:00.755 GMT+0100,172.84799999999998,172.80599999999998,0.0176,0.0224
16.12.2020 14:01:36.999 GMT+0100,172.83200000000002,172.791,0.0176,0.0224
16.12.2020 14:01:37.651 GMT+0100,172.821,172.778,0.0176,0.0224
16.12.2020 14:01:40.647 GMT+0100,172.85,172.80599999999998,0.0176,0.0224
16.12.2020 14:01:48.219 GMT+0100,172.81900000000002,172.775,0.0176,0.0224
16.12.2020 14:01:56.981 GMT+0100,172.85,172.80400000000003,0.0176,0.0224
16.12.2020 14:01:57.237 GMT+0100,172.82,172.773,0.0176,0.0224
16.12.2020 14:02:01.624 GMT+0100,172.854,172.805,0.0176,0.0224
16.12.2020 14:02:38.885 GMT+0100,172.883,172.83400000000003,0.0176,0.0224
16.12.2020 14:03:00.565 GMT+0100,172.865,172.82,0.0176,0.0224
16.12.2020 14:03:01.262 GMT+0100,172.87900000000002,172.83900000000003,0.0176,0.0224
16.12.2020 14:03:10.429 GMT+0100,172.84799999999998,172.805,0.0176,0.0224
16.12.2020 14:03:17.132 GMT+0100,172.886,172.835,0.0176,0.0224
16.12.2020 14:03:19.413 GMT+0100,172.855,172.805,0.0176,0.0224
16.12.2020 14:03:26.061 GMT+0100,172.87900000000002,172.83700000000002,0.0176,0.0224
16.12.2020 14:03:38.529 GMT+0100,172.855,172.803,0.0176,0.0224
16.12.2020 14:03:38.810 GMT+0100,172.865,172.821,0.0176,0.0224
16.12.2020 14:03:42.484 GMT+0100,172.881,172.83900000000003,0.0176,0.0224
16.12.2020 14:03:48.028 GMT+0100,172.853,172.803,0.0176,0.0224
16.12.2020 14:03:48.143 GMT+0100,172.865,172.82,0.0176,0.0224
16.12.2020 14:03:49.312 GMT+0100,172.855,172.803,0.0176,0.0224
16.12.2020 14:03:49.417 GMT+0100,172.883,172.83700000000002,0.0176,0.0224
16.12.2020 14:03:52.722 GMT+0100,172.85,172.80700000000002,0.0176,0.0224
16.12.2020 14:03:57.524 GMT+0100,172.885,172.83900000000003,0.0176,0.0224
16.12.2020 14:03:58.325 GMT+0100,172.865,172.81799999999998,0.0176,0.0224
16.12.2020 14:03:59.197 GMT+0100,172.853,172.81,0.0176,0.0224
16.12.2020 14:06:11.107 GMT+0100,172.87900000000002,172.83700000000002,0.0176,0.0224
16.12.2020 14:07:00.262 GMT+0100,172.84799999999998,172.80700000000002,0.0176,0.0224
16.12.2020 14:07:01.525 GMT+0100,172.87900000000002,172.83900000000003,0.0176,0.0224
16.12.2020 14:07:02.555 GMT+0100,172.854,172.805,0.0176,0.0224
16.12.2020 14:07:08.014 GMT+0100,172.881,172.835,0.0176,0.0224
16.12.2020 14:07:10.492 GMT+0100,172.851,172.805,0.0176,0.0224
16.12.2020 14:10:26.446 GMT+0100,172.881,172.83400000000003,0.0176,0.0224
16.12.2020 14:10:45.956 GMT+0100,172.854,172.80400000000003,0.0176,0.0224
16.12.2020 14:10:46.533 GMT+0100,172.882,172.83700000000002,0.0176,0.0224
16.12.2020 14:10:50.530 GMT+0100,172.868,172.821,0.0176,0.0224
16.12.2020 14:10:51.007 GMT+0100,172.882,172.83400000000003,0.0176,0.0224
16.12.2020 14:10:57.137 GMT+0100,172.855,172.80400000000003,0.0176,0.0224
16.12.2020 14:10:59.069 GMT+0100,172.886,172.83700000000002,0.0176,0.0224
16.12.2020 14:11:00.613 GMT+0100,172.86700000000002,172.82500000000002,0.0176,0.0224
16.12.2020 14:11:00.714 GMT+0100,172.854,172.808,0.0176,0.0224
16.12.2020 14:12:01.487 GMT+0100,172.816,172.77200000000002,0.0176,0.0224
16.12.2020 14:12:01.845 GMT+0100,172.854,172.805,0.0176,0.0224
16.12.2020 14:12:04.949 GMT+0100,172.816,172.773,0.0176,0.0224
16.12.2020 14:12:05.548 GMT+0100,172.84799999999998,172.803,0.0176,0.0224
16.12.2020 14:12:12.337 GMT+0100,172.81900000000002,172.77200000000002,0.0176,0.0224
16.12.2020 14:14:10.346 GMT+0100,172.787,172.745,0.0176,0.0224
16.12.2020 14:14:42.481 GMT+0100,172.76,172.713,0.0176,0.0224
16.12.2020 14:14:42.632 GMT+0100,172.79,172.74400000000003,0.0176,0.0224
16.12.2020 14:14:42.733 GMT+0100,172.758,172.70900000000003,0.0176,0.0224
16.12.2020 14:14:42.843 GMT+0100,172.785,172.743,0.0176,0.0224
16.12.2020 14:14:43.182 GMT+0100,172.758,172.71400000000003,0.0176,0.0224
16.12.2020 14:14:46.123 GMT+0100,172.727,172.68,0.0176,0.0224
16.12.2020 14:14:47.928 GMT+0100,172.695,172.64900000000003,0.0176,0.0224
16.12.2020 14:14:49.663 GMT+0100,172.66,172.61700000000002,0.0176,0.0224
16.12.2020 14:14:49.764 GMT+0100,172.697,172.653,0.0176,0.0224
16.12.2020 14:14:50.149 GMT+0100,172.667,172.618,0.0176,0.0224
16.12.2020 14:14:51.269 GMT+0100,172.62900000000002,172.585,0.0176,0.0224
16.12.2020 14:14:52.073 GMT+0100,172.66400000000002,172.61900000000003,0.0176,0.0224
16.12.2020 14:14:52.178 GMT+0100,172.632,172.588,0.0176,0.0224
16.12.2020 14:14:53.822 GMT+0100,172.602,172.56,0.0176,0.0224
16.12.2020 14:14:53.923 GMT+0100,172.635,172.588,0.0176,0.0224
16.12.2020 14:15:01.613 GMT+0100,172.59799999999998,172.55700000000002,0.0176,0.0224
16.12.2020 14:15:02.198 GMT+0100,172.632,172.585,0.0176,0.0224
16.12.2020 14:15:06.007 GMT+0100,172.662,172.61900000000003,0.0176,0.0224
16.12.2020 14:15:11.532 GMT+0100,172.696,172.64700000000002,0.0176,0.0224
16.12.2020 14:15:11.813 GMT+0100,172.66299999999998,172.615,0.0176,0.0224
16.12.2020 14:15:27.081 GMT+0100,172.632,172.58400000000003,0.0176,0.0224
16.12.2020 14:15:34.629 GMT+0100,172.6,172.55400000000003,0.0176,0.0224
16.12.2020 14:15:34.950 GMT+0100,172.633,172.58700000000002,0.0176,0.0224
16.12.2020 14:15:36.015 GMT+0100,172.604,172.56,0.0176,0.0224
16.12.2020 14:15:36.180 GMT+0100,172.635,172.585,0.0176,0.0224
16.12.2020 14:15:37.984 GMT+0100,172.603,172.555,0.0176,0.0224
16.12.2020 14:15:40.418 GMT+0100,172.62900000000002,172.59099999999998,0.0176,0.0224
16.12.2020 14:15:40.533 GMT+0100,172.61900000000003,172.56900000000002,0.0176,0.0224
16.12.2020 14:15:40.832 GMT+0100,172.604,172.553,0.0176,0.0224
16.12.2020 14:15:41.070 GMT+0100,172.63400000000001,172.58400000000003,0.0176,0.0224
16.12.2020 14:15:41.777 GMT+0100,172.59799999999998,172.558,0.0176,0.0224
16.12.2020 14:15:51.462 GMT+0100,172.573,172.528,0.0176,0.0224
16.12.2020 14:15:51.615 GMT+0100,172.6,172.55700000000002,0.0176,0.0224
16.12.2020 14:15:51.955 GMT+0100,172.56900000000002,172.521,0.0176,0.0224
16.12.2020 14:15:56.026 GMT+0100,172.541,172.495,0.0176,0.0224
16.12.2020 14:15:59.567 GMT+0100,172.572,172.525,0.0176,0.0224
16.12.2020 14:15:59.949 GMT+0100,172.53799999999998,172.493,0.0176,0.0224
16.12.2020 14:16:00.153 GMT+0100,172.573,172.52200000000002,0.0176,0.0224
16.12.2020 14:16:00.298 GMT+0100,172.541,172.49,0.0176,0.0224
16.12.2020 14:16:05.774 GMT+0100,172.571,172.52200000000002,0.0176,0.0224
16.12.2020 14:16:11.856 GMT+0100,172.6,172.55700000000002,0.0176,0.0224
