Local time,Ask,Bid,AskVolume,BidVolume
10.06.2020 00:00:00.128 GMT+0200,174.378,174.33900000000003,0.0181,0.0217
10.06.2020 00:00:00.329 GMT+0200,174.381,174.338,0.0181,0.0217
10.06.2020 00:00:00.679 GMT+0200,174.34799999999998,174.312,0.0181,0.0217
10.06.2020 00:00:00.828 GMT+0200,174.347,174.31,0.0181,0.0217
10.06.2020 00:00:06.457 GMT+0200,174.378,174.34,0.0181,0.0217
10.06.2020 00:01:24.825 GMT+0200,174.34900000000002,174.30900000000003,0.0181,0.0217
10.06.2020 00:01:24.933 GMT+0200,174.377,174.34099999999998,0.0181,0.0217
10.06.2020 00:01:25.867 GMT+0200,174.365,174.327,0.0181,0.0217
10.06.2020 00:01:30.084 GMT+0200,174.375,174.343,0.0181,0.0217
10.06.2020 00:01:52.172 GMT+0200,174.36200000000002,174.32500000000002,0.0181,0.0217
10.06.2020 00:01:54.281 GMT+0200,174.378,174.343,0.0181,0.0217
10.06.2020 00:01:58.376 GMT+0200,174.36599999999999,174.329,0.0181,0.0217
10.06.2020 00:02:09.568 GMT+0200,174.347,174.31099999999998,0.0181,0.0217
10.06.2020 00:02:38.913 GMT+0200,174.375,174.33900000000003,0.0181,0.0217
10.06.2020 00:02:39.017 GMT+0200,174.37900000000002,174.345,0.0181,0.0217
10.06.2020 00:03:47.253 GMT+0200,174.398,174.361,0.0181,0.0217
10.06.2020 00:03:56.970 GMT+0200,174.39700000000002,174.361,0.0181,0.0217
10.06.2020 00:05:05.488 GMT+0200,174.378,174.34099999999998,0.0181,0.0217
10.06.2020 00:05:05.681 GMT+0200,174.382,174.33900000000003,0.0181,0.0217
10.06.2020 00:05:05.980 GMT+0200,174.391,174.355,0.0181,0.0217
10.06.2020 00:05:12.088 GMT+0200,174.396,174.358,0.0181,0.0217
10.06.2020 00:05:12.368 GMT+0200,174.408,174.372,0.0181,0.0217
10.06.2020 00:05:13.489 GMT+0200,174.412,174.37099999999998,0.0181,0.0217
10.06.2020 00:05:36.357 GMT+0200,174.411,174.37099999999998,0.0181,0.0217
10.06.2020 00:05:36.448 GMT+0200,174.442,174.40200000000002,0.0181,0.0217
10.06.2020 00:05:36.675 GMT+0200,174.44400000000002,174.40400000000002,0.0181,0.0217
10.06.2020 00:05:41.679 GMT+0200,174.44400000000002,174.403,0.0181,0.0217
10.06.2020 00:05:59.996 GMT+0200,174.40900000000002,174.373,0.0181,0.0217
10.06.2020 00:06:03.979 GMT+0200,174.411,174.37400000000002,0.0181,0.0217
10.06.2020 00:06:17.597 GMT+0200,174.442,174.40200000000002,0.0181,0.0217
10.06.2020 00:06:17.700 GMT+0200,174.44299999999998,174.40099999999998,0.0181,0.0217
10.06.2020 00:06:19.067 GMT+0200,174.442,174.4,0.0181,0.0217
10.06.2020 00:12:52.238 GMT+0200,174.45900000000003,174.423,0.0181,0.0217
10.06.2020 00:12:52.340 GMT+0200,174.442,174.40099999999998,0.0181,0.0217
10.06.2020 00:12:54.880 GMT+0200,174.44400000000002,174.40400000000002,0.0181,0.0217
10.06.2020 00:15:51.273 GMT+0200,174.44,174.407,0.0181,0.0217
10.06.2020 00:16:19.740 GMT+0200,174.453,174.421,0.0181,0.0217
10.06.2020 00:16:19.843 GMT+0200,174.46900000000002,174.433,0.0181,0.0217
10.06.2020 00:16:20.102 GMT+0200,174.453,174.416,0.0181,0.0217
10.06.2020 00:16:20.374 GMT+0200,174.472,174.435,0.0181,0.0217
10.06.2020 00:16:24.114 GMT+0200,174.456,174.423,0.0181,0.0217
10.06.2020 00:16:24.271 GMT+0200,174.442,174.407,0.0181,0.0217
10.06.2020 00:16:28.557 GMT+0200,174.44400000000002,174.40200000000002,0.0181,0.0217
10.06.2020 00:24:00.832 GMT+0200,174.45700000000002,174.42000000000002,0.0181,0.0217
10.06.2020 00:24:01.021 GMT+0200,174.47299999999998,174.43200000000002,0.0181,0.0217
10.06.2020 00:24:08.108 GMT+0200,174.476,174.43400000000003,0.0181,0.0217
10.06.2020 00:25:22.200 GMT+0200,174.442,174.40200000000002,0.0181,0.0217
10.06.2020 00:25:25.123 GMT+0200,174.44400000000002,174.407,0.0181,0.0217
10.06.2020 00:26:38.523 GMT+0200,174.442,174.40400000000002,0.0181,0.0217
10.06.2020 00:29:02.703 GMT+0200,174.453,174.419,0.0181,0.0217
10.06.2020 00:29:02.830 GMT+0200,174.472,174.43200000000002,0.0181,0.0217
10.06.2020 00:29:03.624 GMT+0200,174.47099999999998,174.437,0.0181,0.0217
10.06.2020 00:35:34.722 GMT+0200,174.44299999999998,174.40099999999998,0.0181,0.0217
10.06.2020 00:35:44.980 GMT+0200,174.44299999999998,174.403,0.0181,0.0217
10.06.2020 00:37:33.376 GMT+0200,174.44,174.407,0.0181,0.0217
10.06.2020 00:37:48.736 GMT+0200,174.456,174.417,0.0181,0.0217
10.06.2020 00:37:48.841 GMT+0200,174.44,174.40200000000002,0.0181,0.0217
10.06.2020 00:37:50.127 GMT+0200,174.44,174.403,0.0181,0.0217
10.06.2020 00:38:26.839 GMT+0200,174.441,174.405,0.0181,0.0217
10.06.2020 00:38:37.289 GMT+0200,174.411,174.37,0.0181,0.0217
10.06.2020 00:38:38.225 GMT+0200,174.41,174.373,0.0181,0.0217
10.06.2020 00:39:20.028 GMT+0200,174.411,174.373,0.0181,0.0217
10.06.2020 00:39:54.727 GMT+0200,174.41299999999998,174.37400000000002,0.0181,0.0217
10.06.2020 00:40:02.415 GMT+0200,174.40599999999998,174.36900000000003,0.0181,0.0217
10.06.2020 00:41:10.161 GMT+0200,174.411,174.372,0.0181,0.0217
10.06.2020 00:41:10.792 GMT+0200,174.408,174.373,0.0181,0.0217
10.06.2020 00:43:23.937 GMT+0200,174.38,174.343,0.0181,0.0217
10.06.2020 00:43:29.034 GMT+0200,174.35,174.308,0.0181,0.0217
10.06.2020 00:43:29.198 GMT+0200,174.347,174.31099999999998,0.0181,0.0217
10.06.2020 00:43:33.855 GMT+0200,174.34599999999998,174.30900000000003,0.0181,0.0217
10.06.2020 00:45:23.415 GMT+0200,174.34400000000002,174.308,0.0181,0.0217
10.06.2020 00:47:53.548 GMT+0200,174.315,174.27599999999998,0.0181,0.0217
10.06.2020 00:47:54.302 GMT+0200,174.31799999999998,174.27700000000002,0.0181,0.0217
10.06.2020 00:48:21.816 GMT+0200,174.31400000000002,174.27599999999998,0.0181,0.0217
10.06.2020 00:49:16.676 GMT+0200,174.315,174.275,0.0181,0.0217
10.06.2020 00:49:50.916 GMT+0200,174.351,174.30900000000003,0.0181,0.0217
10.06.2020 00:50:00.076 GMT+0200,174.312,174.27700000000002,0.0181,0.0217
10.06.2020 00:50:00.296 GMT+0200,174.315,174.27599999999998,0.0181,0.0217
10.06.2020 00:51:02.420 GMT+0200,174.333,174.294,0.0181,0.0217
10.06.2020 00:51:12.627 GMT+0200,174.315,174.27900000000002,0.0181,0.0217
10.06.2020 00:51:12.753 GMT+0200,174.317,174.275,0.0181,0.0217
10.06.2020 00:51:16.030 GMT+0200,174.312,174.27900000000002,0.0181,0.0217
10.06.2020 00:54:29.080 GMT+0200,174.30200000000002,174.263,0.0181,0.0217
10.06.2020 00:54:29.214 GMT+0200,174.283,174.245,0.0181,0.0217
10.06.2020 00:54:37.539 GMT+0200,174.297,174.26,0.0181,0.0217
10.06.2020 00:54:37.679 GMT+0200,174.28099999999998,174.247,0.0181,0.0217
10.06.2020 00:54:37.925 GMT+0200,174.316,174.275,0.0181,0.0217
10.06.2020 00:54:40.230 GMT+0200,174.312,174.278,0.0181,0.0217
10.06.2020 00:54:41.461 GMT+0200,174.299,174.261,0.0181,0.0217
10.06.2020 00:54:41.664 GMT+0200,174.301,174.264,0.0181,0.0217
10.06.2020 00:54:51.811 GMT+0200,174.28099999999998,174.24900000000002,0.0181,0.0217
10.06.2020 00:54:52.400 GMT+0200,174.285,174.24599999999998,0.0181,0.0217
10.06.2020 00:55:02.869 GMT+0200,174.31400000000002,174.282,0.0181,0.0217
10.06.2020 00:55:03.080 GMT+0200,174.31799999999998,174.282,0.0181,0.0217
10.06.2020 00:55:12.025 GMT+0200,174.31900000000002,174.282,0.0181,0.0217
10.06.2020 00:56:03.917 GMT+0200,174.31900000000002,174.27700000000002,0.0181,0.0217
10.06.2020 00:56:26.030 GMT+0200,174.335,174.292,0.0181,0.0217
10.06.2020 00:56:46.595 GMT+0200,174.33400000000003,174.296,0.0181,0.0217
10.06.2020 00:57:07.125 GMT+0200,174.315,174.27900000000002,0.0181,0.0217
10.06.2020 00:57:07.337 GMT+0200,174.31900000000002,174.28,0.0181,0.0217
10.06.2020 00:57:56.011 GMT+0200,174.285,174.24599999999998,0.0181,0.0217
10.06.2020 00:58:09.432 GMT+0200,174.28099999999998,174.248,0.0181,0.0217
10.06.2020 00:58:12.032 GMT+0200,174.28799999999998,174.247,0.0181,0.0217
10.06.2020 00:59:35.202 GMT+0200,174.25400000000002,174.218,0.0181,0.0217
10.06.2020 00:59:35.434 GMT+0200,174.256,174.213,0.0181,0.0217
10.06.2020 00:59:38.572 GMT+0200,174.285,174.248,0.0181,0.0217
10.06.2020 00:59:38.677 GMT+0200,174.28799999999998,174.247,0.0181,0.0217
10.06.2020 00:59:39.208 GMT+0200,174.28099999999998,174.245,0.0181,0.0217
10.06.2020 01:02:14.681 GMT+0200,174.303,174.264,0.0181,0.0217
10.06.2020 01:02:14.884 GMT+0200,174.287,174.248,0.0181,0.0217
10.06.2020 01:02:15.250 GMT+0200,174.303,174.264,0.0181,0.0217
10.06.2020 01:02:18.190 GMT+0200,174.303,174.26,0.0181,0.0217
10.06.2020 01:02:18.329 GMT+0200,174.283,174.24900000000002,0.0181,0.0217
10.06.2020 01:02:28.582 GMT+0200,174.28400000000002,174.24599999999998,0.0181,0.0217
10.06.2020 01:02:58.066 GMT+0200,174.30200000000002,174.263,0.0181,0.0217
10.06.2020 01:02:58.172 GMT+0200,174.31799999999998,174.27900000000002,0.0181,0.0217
10.06.2020 01:03:30.029 GMT+0200,174.347,174.312,0.0181,0.0217
10.06.2020 01:04:08.434 GMT+0200,174.34400000000002,174.31099999999998,0.0181,0.0217
10.06.2020 01:04:14.620 GMT+0200,174.34799999999998,174.31099999999998,0.0181,0.0217
10.06.2020 01:04:15.810 GMT+0200,174.34599999999998,174.30700000000002,0.0181,0.0217
10.06.2020 01:04:25.778 GMT+0200,174.34799999999998,174.30700000000002,0.0181,0.0217
10.06.2020 01:04:37.090 GMT+0200,174.34599999999998,174.30700000000002,0.0181,0.0217
10.06.2020 01:04:39.612 GMT+0200,174.34400000000002,174.308,0.0181,0.0217
10.06.2020 01:04:59.422 GMT+0200,174.35,174.312,0.0181,0.0217
10.06.2020 01:05:04.395 GMT+0200,174.31900000000002,174.282,0.0181,0.0217
10.06.2020 01:05:14.447 GMT+0200,174.31400000000002,174.275,0.0181,0.0217
10.06.2020 01:05:32.634 GMT+0200,174.315,174.278,0.0181,0.0217
10.06.2020 01:05:52.020 GMT+0200,174.31900000000002,174.27900000000002,0.0181,0.0217
10.06.2020 01:06:29.805 GMT+0200,174.31900000000002,174.275,0.0181,0.0217
10.06.2020 01:09:02.257 GMT+0200,174.31900000000002,174.282,0.0181,0.0217
10.06.2020 01:09:59.604 GMT+0200,174.315,174.27900000000002,0.0181,0.0217
10.06.2020 01:10:02.392 GMT+0200,174.316,174.27700000000002,0.0181,0.0217
10.06.2020 01:10:12.858 GMT+0200,174.31900000000002,174.282,0.0181,0.0217
10.06.2020 01:10:16.474 GMT+0200,174.315,174.27700000000002,0.0181,0.0217
10.06.2020 01:10:21.640 GMT+0200,174.31900000000002,174.282,0.0181,0.0217
10.06.2020 01:10:42.130 GMT+0200,174.34599999999998,174.308,0.0181,0.0217
10.06.2020 01:10:42.192 GMT+0200,174.31799999999998,174.278,0.0181,0.0217
10.06.2020 01:10:49.509 GMT+0200,174.335,174.29500000000002,0.0181,0.0217
10.06.2020 01:10:50.235 GMT+0200,174.375,174.343,0.0181,0.0217
10.06.2020 01:10:51.184 GMT+0200,174.377,174.338,0.0181,0.0217
10.06.2020 01:11:25.366 GMT+0200,174.41,174.37,0.0181,0.0217
10.06.2020 01:11:27.135 GMT+0200,174.40599999999998,174.37099999999998,0.0181,0.0217
10.06.2020 01:11:31.589 GMT+0200,174.393,174.359,0.0181,0.0217
10.06.2020 01:11:36.141 GMT+0200,174.393,174.357,0.0181,0.0217
10.06.2020 01:11:42.645 GMT+0200,174.412,174.36900000000003,0.0181,0.0217
10.06.2020 01:11:42.813 GMT+0200,174.41,174.36900000000003,0.0181,0.0217
10.06.2020 01:13:59.528 GMT+0200,174.411,174.37,0.0181,0.0217
10.06.2020 01:14:26.292 GMT+0200,174.412,174.373,0.0181,0.0217
10.06.2020 01:14:27.321 GMT+0200,174.41,174.37099999999998,0.0181,0.0217
10.06.2020 01:14:28.860 GMT+0200,174.412,174.37,0.0181,0.0217
10.06.2020 01:14:38.261 GMT+0200,174.37900000000002,174.34,0.0181,0.0217
10.06.2020 01:14:55.206 GMT+0200,174.408,174.373,0.0181,0.0217
10.06.2020 01:14:55.256 GMT+0200,174.44299999999998,174.4,0.0181,0.0217
10.06.2020 01:14:56.186 GMT+0200,174.44,174.405,0.0181,0.0217
10.06.2020 01:16:02.502 GMT+0200,174.44,174.40200000000002,0.0181,0.0217
10.06.2020 01:16:14.701 GMT+0200,174.456,174.42000000000002,0.0181,0.0217
10.06.2020 01:16:14.805 GMT+0200,174.47400000000002,174.435,0.0181,0.0217
10.06.2020 01:16:15.939 GMT+0200,174.476,174.43900000000002,0.0181,0.0217
10.06.2020 01:16:31.117 GMT+0200,174.476,174.43599999999998,0.0181,0.0217
10.06.2020 01:16:34.038 GMT+0200,174.46900000000002,174.433,0.0181,0.0217
10.06.2020 01:17:02.250 GMT+0200,174.47400000000002,174.43900000000002,0.0181,0.0217
10.06.2020 01:17:11.416 GMT+0200,174.46900000000002,174.437,0.0181,0.0217
10.06.2020 01:19:24.071 GMT+0200,174.505,174.46599999999998,0.0181,0.0217
10.06.2020 01:21:16.035 GMT+0200,174.537,174.498,0.0181,0.0217
10.06.2020 01:21:16.165 GMT+0200,174.537,174.49400000000003,0.0181,0.0217
10.06.2020 01:21:34.617 GMT+0200,174.50400000000002,174.46599999999998,0.0181,0.0217
10.06.2020 01:21:38.842 GMT+0200,174.502,174.47,0.0181,0.0217
10.06.2020 01:22:01.439 GMT+0200,174.5,174.47,0.0181,0.0217
10.06.2020 01:22:21.183 GMT+0200,174.506,174.46400000000003,0.0181,0.0217
10.06.2020 01:22:59.342 GMT+0200,174.50400000000002,174.463,0.0181,0.0217
10.06.2020 01:23:02.112 GMT+0200,174.505,174.465,0.0181,0.0217
10.06.2020 01:23:11.700 GMT+0200,174.47299999999998,174.437,0.0181,0.0217
10.06.2020 01:23:11.800 GMT+0200,174.50400000000002,174.467,0.0181,0.0217
10.06.2020 01:23:12.047 GMT+0200,174.46900000000002,174.43599999999998,0.0181,0.0217
10.06.2020 01:25:00.822 GMT+0200,174.502,174.46599999999998,0.0181,0.0217
10.06.2020 01:25:02.289 GMT+0200,174.484,174.454,0.0181,0.0217
10.06.2020 01:25:05.221 GMT+0200,174.50400000000002,174.46599999999998,0.0181,0.0217
10.06.2020 01:26:07.848 GMT+0200,174.507,174.463,0.0181,0.0217
10.06.2020 01:26:29.005 GMT+0200,174.47299999999998,174.435,0.0181,0.0217
10.06.2020 01:26:31.742 GMT+0200,174.46900000000002,174.43599999999998,0.0181,0.0217
10.06.2020 01:27:18.279 GMT+0200,174.5,174.46400000000003,0.0181,0.0217
10.06.2020 01:27:22.647 GMT+0200,174.476,174.43400000000003,0.0181,0.0217
10.06.2020 01:27:36.658 GMT+0200,174.475,174.43900000000002,0.0181,0.0217
10.06.2020 01:28:42.741 GMT+0200,174.47299999999998,174.43900000000002,0.0181,0.0217
10.06.2020 01:30:33.657 GMT+0200,174.47400000000002,174.433,0.0181,0.0217
10.06.2020 01:30:39.655 GMT+0200,174.506,174.46599999999998,0.0181,0.0217
10.06.2020 01:30:42.243 GMT+0200,174.47299999999998,174.433,0.0181,0.0217
10.06.2020 01:30:51.442 GMT+0200,174.46900000000002,174.43200000000002,0.0181,0.0217
10.06.2020 01:31:02.441 GMT+0200,174.476,174.43599999999998,0.0181,0.0217
10.06.2020 01:31:38.368 GMT+0200,174.43900000000002,174.40099999999998,0.0181,0.0217
10.06.2020 01:31:55.584 GMT+0200,174.44299999999998,174.40400000000002,0.0181,0.0217
10.06.2020 01:32:15.909 GMT+0200,174.40599999999998,174.36900000000003,0.0181,0.0217
10.06.2020 01:32:27.982 GMT+0200,174.408,174.37400000000002,0.0181,0.0217
10.06.2020 01:32:29.971 GMT+0200,174.408,174.37,0.0181,0.0217
10.06.2020 01:32:46.246 GMT+0200,174.382,174.33900000000003,0.0181,0.0217
10.06.2020 01:32:46.359 GMT+0200,174.378,174.338,0.0181,0.0217
10.06.2020 01:32:47.767 GMT+0200,174.351,174.31400000000002,0.0181,0.0217
10.06.2020 01:33:04.291 GMT+0200,174.38,174.343,0.0181,0.0217
10.06.2020 01:33:04.396 GMT+0200,174.381,174.345,0.0181,0.0217
10.06.2020 01:33:11.241 GMT+0200,174.36200000000002,174.327,0.0181,0.0217
10.06.2020 01:33:12.635 GMT+0200,174.34799999999998,174.31,0.0181,0.0217
10.06.2020 01:33:17.410 GMT+0200,174.34400000000002,174.30700000000002,0.0181,0.0217
10.06.2020 01:34:00.171 GMT+0200,174.34799999999998,174.31099999999998,0.0181,0.0217
10.06.2020 01:34:15.764 GMT+0200,174.34799999999998,174.312,0.0181,0.0217
10.06.2020 01:34:24.068 GMT+0200,174.34400000000002,174.31,0.0181,0.0217
10.06.2020 01:35:36.043 GMT+0200,174.377,174.343,0.0181,0.0217
10.06.2020 01:36:31.018 GMT+0200,174.351,174.308,0.0181,0.0217
10.06.2020 01:36:31.143 GMT+0200,174.34599999999998,174.30700000000002,0.0181,0.0217
10.06.2020 01:36:34.343 GMT+0200,174.34400000000002,174.30700000000002,0.0181,0.0217
10.06.2020 01:36:57.169 GMT+0200,174.35,174.31400000000002,0.0181,0.0217
10.06.2020 01:37:02.267 GMT+0200,174.347,174.30900000000003,0.0181,0.0217
10.06.2020 01:37:02.427 GMT+0200,174.351,174.31099999999998,0.0181,0.0217
10.06.2020 01:37:13.161 GMT+0200,174.351,174.31400000000002,0.0181,0.0217
10.06.2020 01:37:43.025 GMT+0200,174.312,174.28,0.0181,0.0217
10.06.2020 01:37:44.033 GMT+0200,174.31799999999998,174.27900000000002,0.0181,0.0217
10.06.2020 01:38:01.410 GMT+0200,174.34599999999998,174.31400000000002,0.0181,0.0217
10.06.2020 01:38:01.513 GMT+0200,174.35,174.31400000000002,0.0181,0.0217
10.06.2020 01:38:07.045 GMT+0200,174.347,174.30700000000002,0.0181,0.0217
10.06.2020 01:38:14.398 GMT+0200,174.34400000000002,174.30900000000003,0.0181,0.0217
10.06.2020 01:38:52.069 GMT+0200,174.34799999999998,174.31400000000002,0.0181,0.0217
10.06.2020 01:38:52.897 GMT+0200,174.375,174.34099999999998,0.0181,0.0217
10.06.2020 01:38:54.396 GMT+0200,174.377,174.34,0.0181,0.0217
10.06.2020 01:39:01.885 GMT+0200,174.37900000000002,174.34,0.0181,0.0217
10.06.2020 01:39:05.898 GMT+0200,174.377,174.342,0.0181,0.0217
10.06.2020 01:40:01.034 GMT+0200,174.382,174.34099999999998,0.0181,0.0217
10.06.2020 01:42:09.297 GMT+0200,174.40599999999998,174.37599999999998,0.0181,0.0217
10.06.2020 01:42:10.545 GMT+0200,174.40900000000002,174.37400000000002,0.0181,0.0217
10.06.2020 01:42:59.267 GMT+0200,174.412,174.37099999999998,0.0181,0.0217
10.06.2020 01:42:59.318 GMT+0200,174.43900000000002,174.40099999999998,0.0181,0.0217
10.06.2020 01:43:00.098 GMT+0200,174.43900000000002,174.40200000000002,0.0181,0.0217
10.06.2020 01:43:57.638 GMT+0200,174.472,174.43599999999998,0.0181,0.0217
10.06.2020 01:43:58.768 GMT+0200,174.47299999999998,174.43599999999998,0.0181,0.0217
10.06.2020 01:43:58.903 GMT+0200,174.44400000000002,174.407,0.0181,0.0217
10.06.2020 01:44:00.343 GMT+0200,174.44,174.407,0.0181,0.0217
10.06.2020 01:44:00.706 GMT+0200,174.455,174.416,0.0181,0.0217
10.06.2020 01:44:00.842 GMT+0200,174.455,174.417,0.0181,0.0217
10.06.2020 01:44:01.008 GMT+0200,174.472,174.43400000000003,0.0181,0.0217
10.06.2020 01:44:02.454 GMT+0200,174.47299999999998,174.437,0.0181,0.0217
10.06.2020 01:44:59.572 GMT+0200,174.458,174.423,0.0181,0.0217
10.06.2020 01:45:00.742 GMT+0200,174.442,174.40099999999998,0.0181,0.0217
10.06.2020 01:45:02.262 GMT+0200,174.437,174.403,0.0181,0.0217
10.06.2020 01:45:33.657 GMT+0200,174.47299999999998,174.43200000000002,0.0181,0.0217
10.06.2020 01:45:59.482 GMT+0200,174.502,174.46599999999998,0.0181,0.0217
10.06.2020 01:45:59.928 GMT+0200,174.488,174.447,0.0181,0.0217
10.06.2020 01:46:00.077 GMT+0200,174.49,174.452,0.0181,0.0217
10.06.2020 01:46:30.681 GMT+0200,174.472,174.43599999999998,0.0181,0.0217
10.06.2020 01:46:30.928 GMT+0200,174.472,174.435,0.0181,0.0217
10.06.2020 01:47:00.341 GMT+0200,174.5,174.468,0.0181,0.0217
10.06.2020 01:47:00.494 GMT+0200,174.503,174.468,0.0181,0.0217
10.06.2020 01:47:07.996 GMT+0200,174.507,174.467,0.0181,0.0217
10.06.2020 01:47:37.462 GMT+0200,174.50400000000002,174.465,0.0181,0.0217
10.06.2020 01:47:38.204 GMT+0200,174.47400000000002,174.43200000000002,0.0181,0.0217
10.06.2020 01:47:38.846 GMT+0200,174.47299999999998,174.433,0.0181,0.0217
10.06.2020 01:48:13.185 GMT+0200,174.437,174.4,0.0181,0.0217
10.06.2020 01:50:08.638 GMT+0200,174.44,174.4,0.0181,0.0217
10.06.2020 01:50:11.596 GMT+0200,174.441,174.405,0.0181,0.0217
10.06.2020 01:50:18.585 GMT+0200,174.44400000000002,174.40200000000002,0.0181,0.0217
10.06.2020 01:51:23.461 GMT+0200,174.47400000000002,174.43400000000003,0.0181,0.0217
10.06.2020 01:51:24.647 GMT+0200,174.47299999999998,174.437,0.0181,0.0217
10.06.2020 01:51:46.070 GMT+0200,174.46900000000002,174.43900000000002,0.0181,0.0217
10.06.2020 01:51:50.577 GMT+0200,174.44299999999998,174.405,0.0181,0.0217
10.06.2020 01:51:53.647 GMT+0200,174.441,174.407,0.0181,0.0217
10.06.2020 01:52:31.313 GMT+0200,174.43900000000002,174.4,0.0181,0.0217
10.06.2020 01:52:31.415 GMT+0200,174.422,174.385,0.0181,0.0217
10.06.2020 01:52:39.662 GMT+0200,174.41299999999998,174.37,0.0181,0.0217
10.06.2020 01:52:39.713 GMT+0200,174.44299999999998,174.40200000000002,0.0181,0.0217
10.06.2020 01:52:42.243 GMT+0200,174.44299999999998,174.403,0.0181,0.0217
10.06.2020 01:56:00.107 GMT+0200,174.41299999999998,174.36900000000003,0.0181,0.0217
10.06.2020 01:56:00.747 GMT+0200,174.412,174.36900000000003,0.0181,0.0217
10.06.2020 01:56:28.259 GMT+0200,174.441,174.403,0.0181,0.0217
10.06.2020 01:56:28.894 GMT+0200,174.44400000000002,174.403,0.0181,0.0217
10.06.2020 01:56:39.909 GMT+0200,174.41299999999998,174.37099999999998,0.0181,0.0217
10.06.2020 01:56:40.906 GMT+0200,174.40599999999998,174.36900000000003,0.0181,0.0217
10.06.2020 01:56:51.047 GMT+0200,174.44400000000002,174.40099999999998,0.0181,0.0217
10.06.2020 01:56:56.784 GMT+0200,174.44299999999998,174.405,0.0181,0.0217
10.06.2020 01:57:34.341 GMT+0200,174.42900000000003,174.386,0.0181,0.0217
10.06.2020 01:57:34.514 GMT+0200,174.424,174.388,0.0181,0.0217
10.06.2020 01:57:36.717 GMT+0200,174.43900000000002,174.407,0.0181,0.0217
10.06.2020 01:57:37.396 GMT+0200,174.44,174.407,0.0181,0.0217
10.06.2020 01:57:54.453 GMT+0200,174.428,174.39200000000002,0.0181,0.0217
10.06.2020 01:57:57.771 GMT+0200,174.44400000000002,174.4,0.0181,0.0217
10.06.2020 01:57:58.263 GMT+0200,174.437,174.403,0.0181,0.0217
10.06.2020 01:58:42.148 GMT+0200,174.476,174.43900000000002,0.0181,0.0217
10.06.2020 01:58:42.254 GMT+0200,174.47299999999998,174.43599999999998,0.0181,0.0217
10.06.2020 01:58:42.872 GMT+0200,174.476,174.43599999999998,0.0181,0.0217
10.06.2020 01:59:02.451 GMT+0200,174.47299999999998,174.433,0.0181,0.0217
10.06.2020 01:59:14.557 GMT+0200,174.507,174.47,0.0181,0.0217
10.06.2020 01:59:16.585 GMT+0200,174.47099999999998,174.437,0.0181,0.0217
10.06.2020 01:59:16.644 GMT+0200,174.506,174.468,0.0181,0.0217
10.06.2020 01:59:16.694 GMT+0200,174.47299999999998,174.437,0.0181,0.0217
10.06.2020 01:59:28.713 GMT+0200,174.47400000000002,174.43400000000003,0.0181,0.0217
10.06.2020 02:00:02.241 GMT+0200,174.476,174.43900000000002,0.0181,0.0217
10.06.2020 02:00:14.284 GMT+0200,174.47299999999998,174.43900000000002,0.0181,0.0217
10.06.2020 02:00:20.291 GMT+0200,174.502,174.467,0.0181,0.0217
10.06.2020 02:00:21.019 GMT+0200,174.49099999999999,174.452,0.0181,0.0217
10.06.2020 02:00:21.588 GMT+0200,174.507,174.463,0.0181,0.0217
10.06.2020 02:00:22.360 GMT+0200,174.505,174.46400000000003,0.0181,0.0217
10.06.2020 02:00:24.029 GMT+0200,174.486,174.454,0.0181,0.0217
10.06.2020 02:00:24.207 GMT+0200,174.47400000000002,174.437,0.0181,0.0217
10.06.2020 02:00:26.411 GMT+0200,174.46900000000002,174.43400000000003,0.0181,0.0217
10.06.2020 02:00:36.586 GMT+0200,174.437,174.4,0.0181,0.0217
10.06.2020 02:00:37.651 GMT+0200,174.44,174.407,0.0181,0.0217
10.06.2020 02:00:52.647 GMT+0200,174.44400000000002,174.40200000000002,0.0181,0.0217
10.06.2020 02:01:17.136 GMT+0200,174.44299999999998,174.405,0.0181,0.0217
10.06.2020 02:01:17.698 GMT+0200,174.47099999999998,174.43200000000002,0.0181,0.0217
10.06.2020 02:01:22.344 GMT+0200,174.47099999999998,174.43900000000002,0.0181,0.0217
10.06.2020 02:01:29.745 GMT+0200,174.476,174.435,0.0181,0.0217
10.06.2020 02:01:30.641 GMT+0200,174.44299999999998,174.40200000000002,0.0181,0.0217
10.06.2020 02:01:30.998 GMT+0200,174.442,174.403,0.0181,0.0217
10.06.2020 02:01:37.285 GMT+0200,174.44,174.40099999999998,0.0181,0.0217
10.06.2020 02:01:57.851 GMT+0200,174.47400000000002,174.43900000000002,0.0181,0.0217
10.06.2020 02:02:09.425 GMT+0200,174.441,174.407,0.0181,0.0217
10.06.2020 02:02:09.669 GMT+0200,174.458,174.419,0.0181,0.0217
10.06.2020 02:02:09.968 GMT+0200,174.45900000000003,174.421,0.0181,0.0217
10.06.2020 02:02:27.174 GMT+0200,174.442,174.405,0.0181,0.0217
10.06.2020 02:02:27.280 GMT+0200,174.442,174.40099999999998,0.0181,0.0217
10.06.2020 02:02:30.851 GMT+0200,174.47299999999998,174.437,0.0181,0.0217
10.06.2020 02:02:31.221 GMT+0200,174.45700000000002,174.421,0.0181,0.0217
10.06.2020 02:02:35.882 GMT+0200,174.47099999999998,174.43200000000002,0.0181,0.0217
10.06.2020 02:02:36.096 GMT+0200,174.45900000000003,174.419,0.0181,0.0217
10.06.2020 02:02:36.963 GMT+0200,174.458,174.417,0.0181,0.0217
10.06.2020 02:02:38.943 GMT+0200,174.47299999999998,174.43599999999998,0.0181,0.0217
10.06.2020 02:02:39.149 GMT+0200,174.476,174.43900000000002,0.0181,0.0217
10.06.2020 02:03:04.348 GMT+0200,174.472,174.433,0.0181,0.0217
10.06.2020 02:03:19.872 GMT+0200,174.506,174.463,0.0181,0.0217
10.06.2020 02:03:21.050 GMT+0200,174.502,174.46400000000003,0.0181,0.0217
10.06.2020 02:03:33.310 GMT+0200,174.506,174.465,0.0181,0.0217
10.06.2020 02:03:40.293 GMT+0200,174.5,174.47,0.0181,0.0217
10.06.2020 02:03:48.499 GMT+0200,174.503,174.463,0.0181,0.0217
10.06.2020 02:03:49.659 GMT+0200,174.472,174.433,0.0181,0.0217
10.06.2020 02:03:49.917 GMT+0200,174.5,174.467,0.0181,0.0217
10.06.2020 02:03:51.096 GMT+0200,174.503,174.46599999999998,0.0181,0.0217
10.06.2020 02:03:57.205 GMT+0200,174.47299999999998,174.43400000000003,0.0181,0.0217
10.06.2020 02:04:02.544 GMT+0200,174.46900000000002,174.43900000000002,0.0181,0.0217
10.06.2020 02:05:01.448 GMT+0200,174.488,174.454,0.0181,0.0217
10.06.2020 02:05:01.907 GMT+0200,174.50400000000002,174.47,0.0181,0.0217
10.06.2020 02:05:01.958 GMT+0200,174.47400000000002,174.43599999999998,0.0181,0.0217
10.06.2020 02:05:02.570 GMT+0200,174.49,174.448,0.0181,0.0217
10.06.2020 02:05:03.030 GMT+0200,174.49099999999999,174.449,0.0181,0.0217
10.06.2020 02:05:05.776 GMT+0200,174.472,174.433,0.0181,0.0217
10.06.2020 02:05:05.878 GMT+0200,174.476,174.43200000000002,0.0181,0.0217
10.06.2020 02:05:14.802 GMT+0200,174.489,174.448,0.0181,0.0217
10.06.2020 02:05:15.160 GMT+0200,174.47400000000002,174.43200000000002,0.0181,0.0217
10.06.2020 02:05:16.780 GMT+0200,174.488,174.447,0.0181,0.0217
10.06.2020 02:05:18.340 GMT+0200,174.484,174.452,0.0181,0.0217
10.06.2020 02:05:24.606 GMT+0200,174.507,174.47,0.0181,0.0217
10.06.2020 02:05:26.260 GMT+0200,174.505,174.467,0.0181,0.0217
10.06.2020 02:05:36.441 GMT+0200,174.506,174.467,0.0181,0.0217
10.06.2020 02:06:34.315 GMT+0200,174.503,174.47,0.0181,0.0217
10.06.2020 02:06:34.738 GMT+0200,174.506,174.463,0.0181,0.0217
10.06.2020 02:06:47.459 GMT+0200,174.507,174.467,0.0181,0.0217
10.06.2020 02:06:50.403 GMT+0200,174.535,174.50099999999998,0.0181,0.0217
10.06.2020 02:06:58.457 GMT+0200,174.50400000000002,174.468,0.0181,0.0217
10.06.2020 02:06:58.712 GMT+0200,174.52,174.48,0.0181,0.0217
10.06.2020 02:06:59.488 GMT+0200,174.537,174.50099999999998,0.0181,0.0217
10.06.2020 02:07:01.023 GMT+0200,174.53799999999998,174.50099999999998,0.0181,0.0217
10.06.2020 02:07:01.295 GMT+0200,174.537,174.498,0.0181,0.0217
10.06.2020 02:07:43.214 GMT+0200,174.507,174.47,0.0181,0.0217
10.06.2020 02:07:43.684 GMT+0200,174.519,174.479,0.0181,0.0217
10.06.2020 02:07:45.286 GMT+0200,174.53799999999998,174.495,0.0181,0.0217
10.06.2020 02:07:45.966 GMT+0200,174.52,174.479,0.0181,0.0217
10.06.2020 02:07:46.332 GMT+0200,174.523,174.48,0.0181,0.0217
10.06.2020 02:07:49.405 GMT+0200,174.519,174.481,0.0181,0.0217
10.06.2020 02:07:49.542 GMT+0200,174.50400000000002,174.467,0.0181,0.0217
10.06.2020 02:07:50.417 GMT+0200,174.50400000000002,174.46400000000003,0.0181,0.0217
10.06.2020 02:08:01.942 GMT+0200,174.50400000000002,174.465,0.0181,0.0217
10.06.2020 02:08:03.653 GMT+0200,174.506,174.467,0.0181,0.0217
10.06.2020 02:08:13.939 GMT+0200,174.50400000000002,174.465,0.0181,0.0217
10.06.2020 02:08:14.495 GMT+0200,174.505,174.467,0.0181,0.0217
10.06.2020 02:08:17.316 GMT+0200,174.502,174.468,0.0181,0.0217
10.06.2020 02:08:21.858 GMT+0200,174.533,174.50099999999998,0.0181,0.0217
10.06.2020 02:08:22.094 GMT+0200,174.53099999999998,174.49900000000002,0.0181,0.0217
10.06.2020 02:08:38.423 GMT+0200,174.503,174.46599999999998,0.0181,0.0217
10.06.2020 02:08:59.143 GMT+0200,174.502,174.467,0.0181,0.0217
10.06.2020 02:09:00.359 GMT+0200,174.506,174.463,0.0181,0.0217
10.06.2020 02:09:14.217 GMT+0200,174.506,174.46400000000003,0.0181,0.0217
10.06.2020 02:09:17.050 GMT+0200,174.5,174.46599999999998,0.0181,0.0217
10.06.2020 02:09:25.154 GMT+0200,174.472,174.433,0.0181,0.0217
10.06.2020 02:09:26.713 GMT+0200,174.476,174.437,0.0181,0.0217
10.06.2020 02:09:34.350 GMT+0200,174.5,174.465,0.0181,0.0217
10.06.2020 02:09:34.622 GMT+0200,174.486,174.45000000000002,0.0181,0.0217
10.06.2020 02:09:39.681 GMT+0200,174.502,174.467,0.0181,0.0217
10.06.2020 02:09:39.850 GMT+0200,174.507,174.467,0.0181,0.0217
10.06.2020 02:09:41.121 GMT+0200,174.5,174.46599999999998,0.0181,0.0217
10.06.2020 02:09:42.461 GMT+0200,174.49099999999999,174.452,0.0181,0.0217
10.06.2020 02:09:47.825 GMT+0200,174.503,174.468,0.0181,0.0217
10.06.2020 02:09:47.964 GMT+0200,174.502,174.465,0.0181,0.0217
10.06.2020 02:09:51.015 GMT+0200,174.5,174.46599999999998,0.0181,0.0217
10.06.2020 02:09:52.435 GMT+0200,174.488,174.454,0.0181,0.0217
10.06.2020 02:09:52.845 GMT+0200,174.47400000000002,174.43900000000002,0.0181,0.0217
10.06.2020 02:09:53.047 GMT+0200,174.472,174.433,0.0181,0.0217
10.06.2020 02:09:53.739 GMT+0200,174.502,174.467,0.0181,0.0217
10.06.2020 02:09:54.098 GMT+0200,174.507,174.463,0.0181,0.0217
10.06.2020 02:09:56.647 GMT+0200,174.505,174.46400000000003,0.0181,0.0217
10.06.2020 02:09:58.850 GMT+0200,174.49,174.447,0.0181,0.0217
10.06.2020 02:10:03.515 GMT+0200,174.49099999999999,174.451,0.0181,0.0217
10.06.2020 02:10:09.176 GMT+0200,174.505,174.47,0.0181,0.0217
10.06.2020 02:10:09.411 GMT+0200,174.505,174.465,0.0181,0.0217
10.06.2020 02:10:10.180 GMT+0200,174.5,174.46599999999998,0.0181,0.0217
10.06.2020 02:10:12.776 GMT+0200,174.506,174.46599999999998,0.0181,0.0217
10.06.2020 02:10:13.872 GMT+0200,174.505,174.465,0.0181,0.0217
10.06.2020 02:10:15.833 GMT+0200,174.49099999999999,174.449,0.0181,0.0217
10.06.2020 02:10:16.196 GMT+0200,174.489,174.45000000000002,0.0181,0.0217
10.06.2020 02:10:16.448 GMT+0200,174.5,174.468,0.0181,0.0217
10.06.2020 02:10:17.832 GMT+0200,174.505,174.47,0.0181,0.0217
10.06.2020 02:10:20.608 GMT+0200,174.50400000000002,174.465,0.0181,0.0217
10.06.2020 02:10:37.639 GMT+0200,174.5,174.46400000000003,0.0181,0.0217
10.06.2020 02:10:46.437 GMT+0200,174.506,174.46400000000003,0.0181,0.0217
10.06.2020 02:11:26.053 GMT+0200,174.505,174.463,0.0181,0.0217
10.06.2020 02:11:29.562 GMT+0200,174.484,174.45000000000002,0.0181,0.0217
10.06.2020 02:11:29.924 GMT+0200,174.49,174.449,0.0181,0.0217
10.06.2020 02:11:54.464 GMT+0200,174.505,174.46400000000003,0.0181,0.0217
10.06.2020 02:11:55.810 GMT+0200,174.47400000000002,174.43200000000002,0.0181,0.0217
10.06.2020 02:12:21.182 GMT+0200,174.506,174.467,0.0181,0.0217
10.06.2020 02:12:22.055 GMT+0200,174.5,174.463,0.0181,0.0217
10.06.2020 02:12:24.195 GMT+0200,174.49099999999999,174.451,0.0181,0.0217
10.06.2020 02:12:24.304 GMT+0200,174.46900000000002,174.433,0.0181,0.0217
10.06.2020 02:12:32.641 GMT+0200,174.47400000000002,174.43900000000002,0.0181,0.0217
10.06.2020 02:14:23.519 GMT+0200,174.5,174.468,0.0181,0.0217
10.06.2020 02:14:23.710 GMT+0200,174.502,174.468,0.0181,0.0217
10.06.2020 02:14:24.140 GMT+0200,174.506,174.47,0.0181,0.0217
10.06.2020 02:14:31.707 GMT+0200,174.507,174.468,0.0181,0.0217
10.06.2020 02:15:40.105 GMT+0200,174.53799999999998,174.49400000000003,0.0181,0.0217
10.06.2020 02:15:40.778 GMT+0200,174.536,174.49400000000003,0.0181,0.0217
10.06.2020 02:15:58.456 GMT+0200,174.535,174.50099999999998,0.0181,0.0217
10.06.2020 02:16:10.409 GMT+0200,174.553,174.51500000000001,0.0181,0.0217
10.06.2020 02:16:10.508 GMT+0200,174.53099999999998,174.49400000000003,0.0181,0.0217
10.06.2020 02:16:11.043 GMT+0200,174.536,174.495,0.0181,0.0217
10.06.2020 02:16:25.256 GMT+0200,174.533,174.50099999999998,0.0181,0.0217
10.06.2020 02:16:50.450 GMT+0200,174.521,174.484,0.0181,0.0217
10.06.2020 02:16:51.087 GMT+0200,174.516,174.481,0.0181,0.0217
10.06.2020 02:16:55.841 GMT+0200,174.537,174.49599999999998,0.0181,0.0217
10.06.2020 02:16:55.953 GMT+0200,174.503,174.463,0.0181,0.0217
10.06.2020 02:16:56.844 GMT+0200,174.53400000000002,174.497,0.0181,0.0217
10.06.2020 02:16:57.302 GMT+0200,174.535,174.50099999999998,0.0181,0.0217
10.06.2020 02:17:00.577 GMT+0200,174.502,174.467,0.0181,0.0217
10.06.2020 02:17:00.769 GMT+0200,174.5,174.468,0.0181,0.0217
10.06.2020 02:17:01.388 GMT+0200,174.523,174.48,0.0181,0.0217
10.06.2020 02:17:01.754 GMT+0200,174.518,174.484,0.0181,0.0217
10.06.2020 02:17:03.665 GMT+0200,174.518,174.479,0.0181,0.0217
10.06.2020 02:17:12.909 GMT+0200,174.505,174.47,0.0181,0.0217
10.06.2020 02:17:13.029 GMT+0200,174.50400000000002,174.463,0.0181,0.0217
10.06.2020 02:17:23.538 GMT+0200,174.507,174.467,0.0181,0.0217
10.06.2020 02:17:25.852 GMT+0200,174.507,174.465,0.0181,0.0217
10.06.2020 02:17:38.027 GMT+0200,174.535,174.49599999999998,0.0181,0.0217
10.06.2020 02:17:39.052 GMT+0200,174.507,174.465,0.0181,0.0217
10.06.2020 02:18:26.353 GMT+0200,174.506,174.47,0.0181,0.0217
10.06.2020 02:18:35.102 GMT+0200,174.505,174.467,0.0181,0.0217
10.06.2020 02:18:36.813 GMT+0200,174.50400000000002,174.465,0.0181,0.0217
10.06.2020 02:19:14.805 GMT+0200,174.505,174.468,0.0181,0.0217
10.06.2020 02:19:15.032 GMT+0200,174.476,174.435,0.0181,0.0217
10.06.2020 02:19:15.453 GMT+0200,174.475,174.433,0.0181,0.0217
10.06.2020 02:19:21.762 GMT+0200,174.5,174.46599999999998,0.0181,0.0217
10.06.2020 02:19:22.122 GMT+0200,174.502,174.467,0.0181,0.0217
10.06.2020 02:19:29.417 GMT+0200,174.486,174.45000000000002,0.0181,0.0217
10.06.2020 02:19:34.774 GMT+0200,174.503,174.46400000000003,0.0181,0.0217
10.06.2020 02:19:52.731 GMT+0200,174.49099999999999,174.448,0.0181,0.0217
10.06.2020 02:19:53.852 GMT+0200,174.488,174.45000000000002,0.0181,0.0217
10.06.2020 02:19:56.009 GMT+0200,174.46900000000002,174.43200000000002,0.0181,0.0217
10.06.2020 02:19:59.356 GMT+0200,174.46900000000002,174.437,0.0181,0.0217
10.06.2020 02:20:03.546 GMT+0200,174.475,174.43200000000002,0.0181,0.0217
10.06.2020 02:20:03.704 GMT+0200,174.45900000000003,174.418,0.0181,0.0217
10.06.2020 02:20:03.844 GMT+0200,174.47099999999998,174.433,0.0181,0.0217
10.06.2020 02:20:05.153 GMT+0200,174.44299999999998,174.403,0.0181,0.0217
10.06.2020 02:20:05.226 GMT+0200,174.47299999999998,174.437,0.0181,0.0217
10.06.2020 02:20:05.501 GMT+0200,174.44,174.40200000000002,0.0181,0.0217
10.06.2020 02:20:05.846 GMT+0200,174.453,174.416,0.0181,0.0217
10.06.2020 02:20:06.080 GMT+0200,174.45900000000003,174.418,0.0181,0.0217
10.06.2020 02:20:06.259 GMT+0200,174.472,174.43400000000003,0.0181,0.0217
10.06.2020 02:20:06.396 GMT+0200,174.475,174.435,0.0181,0.0217
10.06.2020 02:20:06.515 GMT+0200,174.455,174.419,0.0181,0.0217
10.06.2020 02:20:07.670 GMT+0200,174.456,174.421,0.0181,0.0217
10.06.2020 02:20:08.112 GMT+0200,174.46900000000002,174.43400000000003,0.0181,0.0217
10.06.2020 02:20:10.749 GMT+0200,174.47099999999998,174.43900000000002,0.0181,0.0217
10.06.2020 02:20:27.890 GMT+0200,174.47099999999998,174.437,0.0181,0.0217
10.06.2020 02:20:29.362 GMT+0200,174.47400000000002,174.43599999999998,0.0181,0.0217
10.06.2020 02:20:37.855 GMT+0200,174.50400000000002,174.465,0.0181,0.0217
10.06.2020 02:20:38.054 GMT+0200,174.505,174.46400000000003,0.0181,0.0217
10.06.2020 02:21:37.603 GMT+0200,174.506,174.46599999999998,0.0181,0.0217
10.06.2020 02:22:52.894 GMT+0200,174.536,174.495,0.0181,0.0217
10.06.2020 02:22:52.999 GMT+0200,174.533,174.50099999999998,0.0181,0.0217
10.06.2020 02:22:53.132 GMT+0200,174.507,174.465,0.0181,0.0217
10.06.2020 02:22:57.354 GMT+0200,174.506,174.468,0.0181,0.0217
10.06.2020 02:23:00.836 GMT+0200,174.537,174.49900000000002,0.0181,0.0217
10.06.2020 02:23:00.981 GMT+0200,174.537,174.495,0.0181,0.0217
10.06.2020 02:23:04.158 GMT+0200,174.533,174.50099999999998,0.0181,0.0217
10.06.2020 02:23:19.173 GMT+0200,174.53799999999998,174.495,0.0181,0.0217
10.06.2020 02:23:32.290 GMT+0200,174.533,174.49599999999998,0.0181,0.0217
10.06.2020 02:24:02.354 GMT+0200,174.535,174.50099999999998,0.0181,0.0217
10.06.2020 02:24:14.793 GMT+0200,174.50400000000002,174.46400000000003,0.0181,0.0217
10.06.2020 02:24:15.827 GMT+0200,174.533,174.498,0.0181,0.0217
10.06.2020 02:24:31.142 GMT+0200,174.533,174.497,0.0181,0.0217
10.06.2020 02:24:31.277 GMT+0200,174.503,174.46400000000003,0.0181,0.0217
10.06.2020 02:24:34.977 GMT+0200,174.49,174.454,0.0181,0.0217
10.06.2020 02:24:35.996 GMT+0200,174.46900000000002,174.437,0.0181,0.0217
10.06.2020 02:24:43.627 GMT+0200,174.47099999999998,174.43200000000002,0.0181,0.0217
10.06.2020 02:26:31.468 GMT+0200,174.503,174.467,0.0181,0.0217
10.06.2020 02:26:56.377 GMT+0200,174.507,174.468,0.0181,0.0217
10.06.2020 02:26:56.489 GMT+0200,174.502,174.463,0.0181,0.0217
10.06.2020 02:27:11.809 GMT+0200,174.506,174.467,0.0181,0.0217
10.06.2020 02:27:56.843 GMT+0200,174.535,174.497,0.0181,0.0217
10.06.2020 02:27:59.185 GMT+0200,174.52,174.482,0.0181,0.0217
10.06.2020 02:27:59.474 GMT+0200,174.521,174.48,0.0181,0.0217
10.06.2020 02:28:05.489 GMT+0200,174.502,174.467,0.0181,0.0217
10.06.2020 02:28:05.662 GMT+0200,174.505,174.465,0.0181,0.0217
10.06.2020 02:29:02.249 GMT+0200,174.53099999999998,174.498,0.0181,0.0217
10.06.2020 02:29:02.608 GMT+0200,174.537,174.49900000000002,0.0181,0.0217
10.06.2020 02:29:34.913 GMT+0200,174.503,174.46599999999998,0.0181,0.0217
10.06.2020 02:29:37.228 GMT+0200,174.507,174.46599999999998,0.0181,0.0217
10.06.2020 02:30:11.857 GMT+0200,174.505,174.46400000000003,0.0181,0.0217
10.06.2020 02:30:12.343 GMT+0200,174.50400000000002,174.467,0.0181,0.0217
10.06.2020 02:30:16.172 GMT+0200,174.503,174.467,0.0181,0.0217
10.06.2020 02:30:16.534 GMT+0200,174.50400000000002,174.465,0.0181,0.0217
10.06.2020 02:30:22.433 GMT+0200,174.507,174.46400000000003,0.0181,0.0217
10.06.2020 02:30:44.436 GMT+0200,174.503,174.46599999999998,0.0181,0.0217
10.06.2020 02:30:44.637 GMT+0200,174.503,174.47,0.0181,0.0217
10.06.2020 02:30:44.692 GMT+0200,174.47400000000002,174.437,0.0181,0.0217
10.06.2020 02:30:45.087 GMT+0200,174.47299999999998,174.43900000000002,0.0181,0.0217
10.06.2020 02:30:55.800 GMT+0200,174.489,174.449,0.0181,0.0217
10.06.2020 02:30:55.909 GMT+0200,174.502,174.468,0.0181,0.0217
10.06.2020 02:30:57.299 GMT+0200,174.506,174.465,0.0181,0.0217
10.06.2020 02:30:58.597 GMT+0200,174.486,174.448,0.0181,0.0217
10.06.2020 02:30:58.714 GMT+0200,174.47299999999998,174.433,0.0181,0.0217
10.06.2020 02:31:00.482 GMT+0200,174.47099999999998,174.437,0.0181,0.0217
10.06.2020 02:31:29.087 GMT+0200,174.49,174.45000000000002,0.0181,0.0217
10.06.2020 02:31:29.259 GMT+0200,174.49,174.452,0.0181,0.0217
10.06.2020 02:31:30.324 GMT+0200,174.475,174.43400000000003,0.0181,0.0217
10.06.2020 02:31:37.005 GMT+0200,174.47299999999998,174.433,0.0181,0.0217
10.06.2020 02:31:37.363 GMT+0200,174.49,174.448,0.0181,0.0217
10.06.2020 02:31:45.354 GMT+0200,174.47400000000002,174.43900000000002,0.0181,0.0217
10.06.2020 02:31:45.527 GMT+0200,174.476,174.437,0.0181,0.0217
10.06.2020 02:32:47.050 GMT+0200,174.47099999999998,174.437,0.0181,0.0217
10.06.2020 02:32:49.158 GMT+0200,174.47400000000002,174.437,0.0181,0.0217
10.06.2020 02:33:00.394 GMT+0200,174.45700000000002,174.421,0.0181,0.0217
10.06.2020 02:33:00.724 GMT+0200,174.44,174.40200000000002,0.0181,0.0217
10.06.2020 02:33:02.237 GMT+0200,174.44299999999998,174.403,0.0181,0.0217
10.06.2020 02:33:07.861 GMT+0200,174.44400000000002,174.403,0.0181,0.0217
10.06.2020 02:33:10.829 GMT+0200,174.44400000000002,174.40400000000002,0.0181,0.0217
10.06.2020 02:33:17.494 GMT+0200,174.43900000000002,174.40200000000002,0.0181,0.0217
10.06.2020 02:33:47.641 GMT+0200,174.43900000000002,174.40099999999998,0.0181,0.0217
10.06.2020 02:33:47.986 GMT+0200,174.455,174.423,0.0181,0.0217
10.06.2020 02:33:48.557 GMT+0200,174.46,174.418,0.0181,0.0217
10.06.2020 02:33:49.853 GMT+0200,174.47400000000002,174.437,0.0181,0.0217
10.06.2020 02:33:52.291 GMT+0200,174.47400000000002,174.43200000000002,0.0181,0.0217
10.06.2020 02:34:05.302 GMT+0200,174.476,174.43400000000003,0.0181,0.0217
10.06.2020 02:34:24.723 GMT+0200,174.442,174.403,0.0181,0.0217
10.06.2020 02:34:28.421 GMT+0200,174.44,174.40400000000002,0.0181,0.0217
10.06.2020 02:34:32.659 GMT+0200,174.44400000000002,174.40099999999998,0.0181,0.0217
10.06.2020 02:34:38.899 GMT+0200,174.437,174.4,0.0181,0.0217
10.06.2020 02:34:54.757 GMT+0200,174.44400000000002,174.4,0.0181,0.0217
10.06.2020 02:35:12.419 GMT+0200,174.441,174.40099999999998,0.0181,0.0217
10.06.2020 02:35:33.527 GMT+0200,174.44299999999998,174.405,0.0181,0.0217
10.06.2020 02:35:33.917 GMT+0200,174.475,174.43599999999998,0.0181,0.0217
10.06.2020 02:35:34.262 GMT+0200,174.47299999999998,174.433,0.0181,0.0217
10.06.2020 02:35:39.745 GMT+0200,174.442,174.4,0.0181,0.0217
10.06.2020 02:35:39.869 GMT+0200,174.44400000000002,174.405,0.0181,0.0217
10.06.2020 02:35:41.654 GMT+0200,174.44400000000002,174.40099999999998,0.0181,0.0217
10.06.2020 02:35:49.732 GMT+0200,174.442,174.40200000000002,0.0181,0.0217
10.06.2020 02:35:50.483 GMT+0200,174.453,174.42000000000002,0.0181,0.0217
10.06.2020 02:35:52.057 GMT+0200,174.45900000000003,174.423,0.0181,0.0217
10.06.2020 02:35:58.530 GMT+0200,174.47299999999998,174.435,0.0181,0.0217
10.06.2020 02:36:13.739 GMT+0200,174.47099999999998,174.43599999999998,0.0181,0.0217
10.06.2020 02:36:53.302 GMT+0200,174.47299999999998,174.435,0.0181,0.0217
10.06.2020 02:36:57.535 GMT+0200,174.472,174.43400000000003,0.0181,0.0217
10.06.2020 02:38:19.164 GMT+0200,174.44299999999998,174.40400000000002,0.0181,0.0217
10.06.2020 02:38:25.012 GMT+0200,174.442,174.40200000000002,0.0181,0.0217
10.06.2020 02:38:32.750 GMT+0200,174.44400000000002,174.407,0.0181,0.0217
10.06.2020 02:38:45.860 GMT+0200,174.44,174.4,0.0181,0.0217
10.06.2020 02:38:49.120 GMT+0200,174.44299999999998,174.40099999999998,0.0181,0.0217
10.06.2020 02:40:16.600 GMT+0200,174.377,174.343,0.0181,0.0217
10.06.2020 02:40:24.074 GMT+0200,174.40900000000002,174.36900000000003,0.0181,0.0217
10.06.2020 02:40:24.144 GMT+0200,174.377,174.343,0.0181,0.0217
10.06.2020 02:40:24.821 GMT+0200,174.393,174.361,0.0181,0.0217
10.06.2020 02:40:25.904 GMT+0200,174.375,174.342,0.0181,0.0217
10.06.2020 02:40:26.009 GMT+0200,174.37900000000002,174.34099999999998,0.0181,0.0217
10.06.2020 02:40:27.798 GMT+0200,174.382,174.345,0.0181,0.0217
10.06.2020 02:40:33.056 GMT+0200,174.381,174.343,0.0181,0.0217
10.06.2020 02:40:35.255 GMT+0200,174.381,174.34,0.0181,0.0217
10.06.2020 02:40:47.938 GMT+0200,174.40599999999998,174.36900000000003,0.0181,0.0217
10.06.2020 02:40:48.095 GMT+0200,174.41299999999998,174.373,0.0181,0.0217
10.06.2020 02:40:51.097 GMT+0200,174.37900000000002,174.34,0.0181,0.0217
10.06.2020 02:41:00.256 GMT+0200,174.375,174.342,0.0181,0.0217
10.06.2020 02:41:02.239 GMT+0200,174.393,174.358,0.0181,0.0217
10.06.2020 02:41:02.434 GMT+0200,174.398,174.361,0.0181,0.0217
10.06.2020 02:41:11.147 GMT+0200,174.411,174.37599999999998,0.0181,0.0217
10.06.2020 02:41:14.905 GMT+0200,174.41,174.37400000000002,0.0181,0.0217
10.06.2020 02:41:21.024 GMT+0200,174.442,174.40099999999998,0.0181,0.0217
10.06.2020 02:41:23.669 GMT+0200,174.40599999999998,174.37400000000002,0.0181,0.0217
10.06.2020 02:41:26.694 GMT+0200,174.40599999999998,174.372,0.0181,0.0217
10.06.2020 02:41:30.750 GMT+0200,174.43900000000002,174.4,0.0181,0.0217
10.06.2020 02:41:30.886 GMT+0200,174.437,174.405,0.0181,0.0217
10.06.2020 02:41:34.660 GMT+0200,174.40900000000002,174.37599999999998,0.0181,0.0217
10.06.2020 02:41:41.008 GMT+0200,174.408,174.36900000000003,0.0181,0.0217
10.06.2020 02:41:45.632 GMT+0200,174.44,174.4,0.0181,0.0217
10.06.2020 02:41:45.971 GMT+0200,174.44299999999998,174.403,0.0181,0.0217
10.06.2020 02:41:46.777 GMT+0200,174.424,174.385,0.0181,0.0217
10.06.2020 02:41:46.919 GMT+0200,174.42900000000003,174.39200000000002,0.0181,0.0217
10.06.2020 02:42:07.692 GMT+0200,174.442,174.407,0.0181,0.0217
10.06.2020 02:42:07.915 GMT+0200,174.441,174.40099999999998,0.0181,0.0217
10.06.2020 02:42:19.228 GMT+0200,174.40900000000002,174.373,0.0181,0.0217
10.06.2020 02:42:21.065 GMT+0200,174.41299999999998,174.37400000000002,0.0181,0.0217
10.06.2020 02:42:51.761 GMT+0200,174.40599999999998,174.37,0.0181,0.0217
10.06.2020 02:43:33.693 GMT+0200,174.39700000000002,174.355,0.0181,0.0217
10.06.2020 02:43:34.054 GMT+0200,174.394,174.356,0.0181,0.0217
10.06.2020 02:43:34.956 GMT+0200,174.382,174.34,0.0181,0.0217
10.06.2020 02:43:35.175 GMT+0200,174.375,174.34,0.0181,0.0217
10.06.2020 02:43:46.738 GMT+0200,174.396,174.355,0.0181,0.0217
10.06.2020 02:43:47.257 GMT+0200,174.39700000000002,174.358,0.0181,0.0217
10.06.2020 02:43:56.737 GMT+0200,174.40599999999998,174.37599999999998,0.0181,0.0217
10.06.2020 02:43:58.381 GMT+0200,174.411,174.37400000000002,0.0181,0.0217
10.06.2020 02:43:58.576 GMT+0200,174.393,174.356,0.0181,0.0217
10.06.2020 02:44:00.783 GMT+0200,174.411,174.373,0.0181,0.0217
10.06.2020 02:44:08.418 GMT+0200,174.412,174.372,0.0181,0.0217
10.06.2020 02:44:10.462 GMT+0200,174.40900000000002,174.373,0.0181,0.0217
10.06.2020 02:44:45.257 GMT+0200,174.40599999999998,174.37400000000002,0.0181,0.0217
10.06.2020 02:44:53.163 GMT+0200,174.411,174.37400000000002,0.0181,0.0217
10.06.2020 02:44:54.918 GMT+0200,174.411,174.372,0.0181,0.0217
10.06.2020 02:45:02.324 GMT+0200,174.375,174.343,0.0181,0.0217
10.06.2020 02:45:03.071 GMT+0200,174.378,174.33900000000003,0.0181,0.0217
10.06.2020 02:45:09.728 GMT+0200,174.391,174.355,0.0181,0.0217
10.06.2020 02:45:10.044 GMT+0200,174.39700000000002,174.359,0.0181,0.0217
10.06.2020 02:45:15.604 GMT+0200,174.375,174.33900000000003,0.0181,0.0217
10.06.2020 02:45:15.772 GMT+0200,174.377,174.33900000000003,0.0181,0.0217
10.06.2020 02:45:18.852 GMT+0200,174.396,174.354,0.0181,0.0217
10.06.2020 02:45:20.846 GMT+0200,174.391,174.356,0.0181,0.0217
10.06.2020 02:45:33.951 GMT+0200,174.41299999999998,174.37099999999998,0.0181,0.0217
10.06.2020 02:45:44.831 GMT+0200,174.40599999999998,174.37599999999998,0.0181,0.0217
10.06.2020 02:45:52.069 GMT+0200,174.39700000000002,174.361,0.0181,0.0217
10.06.2020 02:45:57.925 GMT+0200,174.391,174.358,0.0181,0.0217
10.06.2020 02:45:58.102 GMT+0200,174.41299999999998,174.37099999999998,0.0181,0.0217
10.06.2020 02:45:59.219 GMT+0200,174.408,174.36900000000003,0.0181,0.0217
10.06.2020 02:46:03.552 GMT+0200,174.393,174.361,0.0181,0.0217
10.06.2020 02:46:03.900 GMT+0200,174.411,174.373,0.0181,0.0217
10.06.2020 02:46:12.474 GMT+0200,174.408,174.373,0.0181,0.0217
10.06.2020 02:46:13.739 GMT+0200,174.41,174.37400000000002,0.0181,0.0217
10.06.2020 02:46:13.861 GMT+0200,174.426,174.386,0.0181,0.0217
10.06.2020 02:46:16.154 GMT+0200,174.422,174.385,0.0181,0.0217
10.06.2020 02:46:21.664 GMT+0200,174.43900000000002,174.40400000000002,0.0181,0.0217
10.06.2020 02:46:22.095 GMT+0200,174.44400000000002,174.40200000000002,0.0181,0.0217
10.06.2020 02:46:23.538 GMT+0200,174.424,174.385,0.0181,0.0217
10.06.2020 02:46:26.307 GMT+0200,174.44299999999998,174.40099999999998,0.0181,0.0217
10.06.2020 02:47:08.868 GMT+0200,174.422,174.39000000000001,0.0181,0.0217
10.06.2020 02:47:08.989 GMT+0200,174.412,174.37599999999998,0.0181,0.0217
10.06.2020 02:47:09.347 GMT+0200,174.42900000000003,174.39200000000002,0.0181,0.0217
10.06.2020 02:47:14.516 GMT+0200,174.426,174.389,0.0181,0.0217
10.06.2020 02:47:15.583 GMT+0200,174.40599999999998,174.37599999999998,0.0181,0.0217
10.06.2020 02:47:17.514 GMT+0200,174.408,174.37,0.0181,0.0217
10.06.2020 02:47:22.248 GMT+0200,174.41,174.373,0.0181,0.0217
10.06.2020 02:47:34.675 GMT+0200,174.40599999999998,174.37099999999998,0.0181,0.0217
10.06.2020 02:47:37.960 GMT+0200,174.41299999999998,174.37400000000002,0.0181,0.0217
10.06.2020 02:47:58.361 GMT+0200,174.411,174.36900000000003,0.0181,0.0217
10.06.2020 02:48:22.177 GMT+0200,174.43900000000002,174.4,0.0181,0.0217
10.06.2020 02:48:23.168 GMT+0200,174.437,174.4,0.0181,0.0217
10.06.2020 02:49:21.282 GMT+0200,174.411,174.373,0.0181,0.0217
10.06.2020 02:49:21.617 GMT+0200,174.412,174.37099999999998,0.0181,0.0217
10.06.2020 02:49:33.561 GMT+0200,174.40900000000002,174.372,0.0181,0.0217
10.06.2020 02:49:55.131 GMT+0200,174.40900000000002,174.36900000000003,0.0181,0.0217
10.06.2020 02:50:07.008 GMT+0200,174.412,174.37599999999998,0.0181,0.0217
10.06.2020 02:50:07.507 GMT+0200,174.37900000000002,174.342,0.0181,0.0217
10.06.2020 02:50:07.663 GMT+0200,174.375,174.34,0.0181,0.0217
10.06.2020 02:50:17.633 GMT+0200,174.37900000000002,174.345,0.0181,0.0217
10.06.2020 02:50:17.811 GMT+0200,174.35,174.31,0.0181,0.0217
10.06.2020 02:50:25.448 GMT+0200,174.347,174.31,0.0181,0.0217
10.06.2020 02:50:36.126 GMT+0200,174.381,174.33900000000003,0.0181,0.0217
10.06.2020 02:50:36.247 GMT+0200,174.36200000000002,174.326,0.0181,0.0217
10.06.2020 02:50:39.619 GMT+0200,174.34900000000002,174.30700000000002,0.0181,0.0217
10.06.2020 02:50:44.848 GMT+0200,174.351,174.30700000000002,0.0181,0.0217
10.06.2020 02:50:55.251 GMT+0200,174.364,174.323,0.0181,0.0217
10.06.2020 02:50:59.419 GMT+0200,174.359,174.324,0.0181,0.0217
10.06.2020 02:51:02.253 GMT+0200,174.34400000000002,174.31,0.0181,0.0217
10.06.2020 02:51:02.378 GMT+0200,174.375,174.34,0.0181,0.0217
10.06.2020 02:51:17.029 GMT+0200,174.375,174.34099999999998,0.0181,0.0217
10.06.2020 02:51:37.380 GMT+0200,174.351,174.31099999999998,0.0181,0.0217
10.06.2020 02:51:37.744 GMT+0200,174.359,174.322,0.0181,0.0217
10.06.2020 02:51:38.414 GMT+0200,174.34400000000002,174.30700000000002,0.0181,0.0217
10.06.2020 02:51:39.862 GMT+0200,174.364,174.323,0.0181,0.0217
10.06.2020 02:51:40.231 GMT+0200,174.36599999999999,174.327,0.0181,0.0217
10.06.2020 02:51:40.832 GMT+0200,174.347,174.31400000000002,0.0181,0.0217
10.06.2020 02:51:45.881 GMT+0200,174.34400000000002,174.31,0.0181,0.0217
10.06.2020 02:51:48.969 GMT+0200,174.359,174.324,0.0181,0.0217
10.06.2020 02:51:49.325 GMT+0200,174.365,174.323,0.0181,0.0217
10.06.2020 02:51:50.605 GMT+0200,174.364,174.322,0.0181,0.0217
10.06.2020 02:51:52.557 GMT+0200,174.351,174.312,0.0181,0.0217
10.06.2020 02:51:52.667 GMT+0200,174.34900000000002,174.308,0.0181,0.0217
10.06.2020 02:51:53.152 GMT+0200,174.364,174.327,0.0181,0.0217
10.06.2020 02:51:54.344 GMT+0200,174.34799999999998,174.30700000000002,0.0181,0.0217
10.06.2020 02:51:55.198 GMT+0200,174.35,174.31,0.0181,0.0217
10.06.2020 02:52:29.933 GMT+0200,174.38,174.342,0.0181,0.0217
10.06.2020 02:52:30.445 GMT+0200,174.35,174.30900000000003,0.0181,0.0217
10.06.2020 02:52:30.926 GMT+0200,174.377,174.343,0.0181,0.0217
10.06.2020 02:52:32.023 GMT+0200,174.365,174.323,0.0181,0.0217
10.06.2020 02:52:32.126 GMT+0200,174.378,174.345,0.0181,0.0217
10.06.2020 02:52:35.036 GMT+0200,174.34599999999998,174.31099999999998,0.0181,0.0217
10.06.2020 02:52:35.401 GMT+0200,174.359,174.329,0.0181,0.0217
10.06.2020 02:52:36.018 GMT+0200,174.359,174.323,0.0181,0.0217
10.06.2020 02:52:36.252 GMT+0200,174.38,174.338,0.0181,0.0217
10.06.2020 02:52:36.360 GMT+0200,174.37900000000002,174.33900000000003,0.0181,0.0217
10.06.2020 02:52:39.907 GMT+0200,174.363,174.32500000000002,0.0181,0.0217
10.06.2020 02:52:40.125 GMT+0200,174.359,174.322,0.0181,0.0217
10.06.2020 02:52:42.631 GMT+0200,174.347,174.308,0.0181,0.0217
10.06.2020 02:52:42.735 GMT+0200,174.36599999999999,174.324,0.0181,0.0217
10.06.2020 02:52:42.839 GMT+0200,174.347,174.31099999999998,0.0181,0.0217
10.06.2020 02:52:45.116 GMT+0200,174.36599999999999,174.323,0.0181,0.0217
10.06.2020 02:52:46.975 GMT+0200,174.34799999999998,174.31400000000002,0.0181,0.0217
10.06.2020 02:52:51.897 GMT+0200,174.34599999999998,174.31099999999998,0.0181,0.0217
10.06.2020 02:52:55.579 GMT+0200,174.34400000000002,174.31400000000002,0.0181,0.0217
10.06.2020 02:53:20.961 GMT+0200,174.34400000000002,174.31099999999998,0.0181,0.0217
10.06.2020 02:53:21.062 GMT+0200,174.34599999999998,174.31,0.0181,0.0217
10.06.2020 02:53:24.586 GMT+0200,174.347,174.31,0.0181,0.0217
10.06.2020 02:53:27.114 GMT+0200,174.34900000000002,174.31,0.0181,0.0217
10.06.2020 02:53:51.565 GMT+0200,174.351,174.312,0.0181,0.0217
10.06.2020 02:53:59.269 GMT+0200,174.351,174.30700000000002,0.0181,0.0217
10.06.2020 02:53:59.463 GMT+0200,174.34599999999998,174.31,0.0181,0.0217
10.06.2020 02:54:00.967 GMT+0200,174.34599999999998,174.30900000000003,0.0181,0.0217
10.06.2020 02:54:07.464 GMT+0200,174.34900000000002,174.30700000000002,0.0181,0.0217
10.06.2020 02:54:13.041 GMT+0200,174.34599999999998,174.308,0.0181,0.0217
10.06.2020 02:54:55.462 GMT+0200,174.35,174.30900000000003,0.0181,0.0217
10.06.2020 02:54:59.513 GMT+0200,174.34900000000002,174.308,0.0181,0.0217
10.06.2020 02:55:11.447 GMT+0200,174.351,174.31,0.0181,0.0217
10.06.2020 02:55:17.981 GMT+0200,174.38,174.338,0.0181,0.0217
10.06.2020 02:55:20.530 GMT+0200,174.381,174.33900000000003,0.0181,0.0217
10.06.2020 02:55:21.455 GMT+0200,174.381,174.34,0.0181,0.0217
10.06.2020 02:55:27.048 GMT+0200,174.381,174.33900000000003,0.0181,0.0217
10.06.2020 02:55:29.344 GMT+0200,174.37900000000002,174.342,0.0181,0.0217
10.06.2020 02:55:31.358 GMT+0200,174.381,174.342,0.0181,0.0217
10.06.2020 02:56:37.685 GMT+0200,174.381,174.342,0.0181,0.0217
10.06.2020 02:56:47.007 GMT+0200,174.377,174.34099999999998,0.0181,0.0217
10.06.2020 02:56:49.678 GMT+0200,174.382,174.338,0.0181,0.0217
10.06.2020 02:56:55.865 GMT+0200,174.375,174.338,0.0181,0.0217
10.06.2020 02:57:22.208 GMT+0200,174.35,174.31099999999998,0.0181,0.0217
10.06.2020 02:57:24.058 GMT+0200,174.347,174.30700000000002,0.0181,0.0217
10.06.2020 02:57:24.946 GMT+0200,174.351,174.31400000000002,0.0181,0.0217
10.06.2020 02:57:34.717 GMT+0200,174.34799999999998,174.31400000000002,0.0181,0.0217
10.06.2020 02:57:38.811 GMT+0200,174.34599999999998,174.312,0.0181,0.0217
10.06.2020 02:58:27.800 GMT+0200,174.347,174.308,0.0181,0.0217
10.06.2020 02:58:29.742 GMT+0200,174.34400000000002,174.308,0.0181,0.0217
10.06.2020 02:58:32.563 GMT+0200,174.34900000000002,174.31099999999998,0.0181,0.0217
10.06.2020 02:59:00.131 GMT+0200,174.34400000000002,174.308,0.0181,0.0217
10.06.2020 02:59:06.825 GMT+0200,174.35,174.31400000000002,0.0181,0.0217
10.06.2020 02:59:20.436 GMT+0200,174.351,174.312,0.0181,0.0217
10.06.2020 02:59:21.882 GMT+0200,174.315,174.27599999999998,0.0181,0.0217
10.06.2020 02:59:22.577 GMT+0200,174.31400000000002,174.27599999999998,0.0181,0.0217
10.06.2020 02:59:30.876 GMT+0200,174.316,174.278,0.0181,0.0217
10.06.2020 02:59:39.232 GMT+0200,174.316,174.27700000000002,0.0181,0.0217
10.06.2020 02:59:56.698 GMT+0200,174.34400000000002,174.312,0.0181,0.0217
10.06.2020 02:59:57.319 GMT+0200,174.351,174.30700000000002,0.0181,0.0217
10.06.2020 03:00:00.125 GMT+0200,174.34799999999998,174.308,0.0181,0.0217
10.06.2020 03:00:20.138 GMT+0200,174.381,174.338,0.0181,0.0217
10.06.2020 03:00:20.257 GMT+0200,174.37900000000002,174.34099999999998,0.0181,0.0217
10.06.2020 03:00:22.215 GMT+0200,174.361,174.32500000000002,0.0181,0.0217
10.06.2020 03:00:22.377 GMT+0200,174.381,174.345,0.0181,0.0217
10.06.2020 03:00:23.575 GMT+0200,174.38,174.34099999999998,0.0181,0.0217
10.06.2020 03:00:43.006 GMT+0200,174.378,174.342,0.0181,0.0217
10.06.2020 03:00:44.248 GMT+0200,174.375,174.338,0.0181,0.0217
10.06.2020 03:00:44.472 GMT+0200,174.378,174.34,0.0181,0.0217
10.06.2020 03:00:46.564 GMT+0200,174.394,174.355,0.0181,0.0217
10.06.2020 03:00:46.666 GMT+0200,174.391,174.354,0.0181,0.0217
10.06.2020 03:00:47.529 GMT+0200,174.411,174.36900000000003,0.0181,0.0217
10.06.2020 03:00:48.930 GMT+0200,174.411,174.37599999999998,0.0181,0.0217
10.06.2020 03:00:52.239 GMT+0200,174.381,174.34099999999998,0.0181,0.0217
10.06.2020 03:00:52.586 GMT+0200,174.377,174.343,0.0181,0.0217
10.06.2020 03:00:55.001 GMT+0200,174.40900000000002,174.37,0.0181,0.0217
10.06.2020 03:00:55.201 GMT+0200,174.41299999999998,174.373,0.0181,0.0217
10.06.2020 03:00:55.450 GMT+0200,174.395,174.356,0.0181,0.0217
10.06.2020 03:00:55.809 GMT+0200,174.394,174.358,0.0181,0.0217
10.06.2020 03:01:21.679 GMT+0200,174.40900000000002,174.37,0.0181,0.0217
10.06.2020 03:01:21.892 GMT+0200,174.412,174.36900000000003,0.0181,0.0217
10.06.2020 03:01:29.541 GMT+0200,174.37900000000002,174.34099999999998,0.0181,0.0217
10.06.2020 03:01:29.829 GMT+0200,174.38,174.343,0.0181,0.0217
10.06.2020 03:01:32.763 GMT+0200,174.381,174.33900000000003,0.0181,0.0217
10.06.2020 03:01:39.464 GMT+0200,174.38,174.34,0.0181,0.0217
10.06.2020 03:01:42.964 GMT+0200,174.38,174.338,0.0181,0.0217
10.06.2020 03:01:50.831 GMT+0200,174.378,174.34,0.0181,0.0217
10.06.2020 03:01:51.996 GMT+0200,174.391,174.357,0.0181,0.0217
10.06.2020 03:01:52.131 GMT+0200,174.398,174.358,0.0181,0.0217
10.06.2020 03:01:53.888 GMT+0200,174.41,174.372,0.0181,0.0217
10.06.2020 03:01:54.013 GMT+0200,174.408,174.373,0.0181,0.0217
10.06.2020 03:01:54.595 GMT+0200,174.412,174.37599999999998,0.0181,0.0217
10.06.2020 03:01:55.617 GMT+0200,174.41299999999998,174.37599999999998,0.0181,0.0217
10.06.2020 03:01:55.978 GMT+0200,174.391,174.359,0.0181,0.0217
10.06.2020 03:01:57.601 GMT+0200,174.395,174.354,0.0181,0.0217
10.06.2020 03:01:58.413 GMT+0200,174.41,174.37599999999998,0.0181,0.0217
10.06.2020 03:01:58.537 GMT+0200,174.412,174.37099999999998,0.0181,0.0217
10.06.2020 03:02:27.265 GMT+0200,174.393,174.354,0.0181,0.0217
10.06.2020 03:02:39.635 GMT+0200,174.396,174.356,0.0181,0.0217
10.06.2020 03:02:41.363 GMT+0200,174.412,174.37099999999998,0.0181,0.0217
10.06.2020 03:02:55.436 GMT+0200,174.40900000000002,174.37099999999998,0.0181,0.0217
10.06.2020 03:03:15.362 GMT+0200,174.412,174.373,0.0181,0.0217
10.06.2020 03:03:15.961 GMT+0200,174.411,174.37400000000002,0.0181,0.0217
10.06.2020 03:03:41.315 GMT+0200,174.38,174.338,0.0181,0.0217
10.06.2020 03:03:41.551 GMT+0200,174.38,174.343,0.0181,0.0217
10.06.2020 03:03:53.701 GMT+0200,174.412,174.37400000000002,0.0181,0.0217
10.06.2020 03:03:54.061 GMT+0200,174.396,174.356,0.0181,0.0217
10.06.2020 03:03:54.246 GMT+0200,174.39700000000002,174.355,0.0181,0.0217
10.06.2020 03:03:59.143 GMT+0200,174.40599999999998,174.37599999999998,0.0181,0.0217
10.06.2020 03:03:59.256 GMT+0200,174.411,174.37,0.0181,0.0217
10.06.2020 03:04:35.998 GMT+0200,174.395,174.355,0.0181,0.0217
10.06.2020 03:04:39.141 GMT+0200,174.40900000000002,174.372,0.0181,0.0217
10.06.2020 03:04:39.308 GMT+0200,174.40599999999998,174.37599999999998,0.0181,0.0217
10.06.2020 03:05:18.197 GMT+0200,174.412,174.36900000000003,0.0181,0.0217
10.06.2020 03:05:24.212 GMT+0200,174.426,174.388,0.0181,0.0217
10.06.2020 03:05:24.474 GMT+0200,174.424,174.389,0.0181,0.0217
10.06.2020 03:05:28.425 GMT+0200,174.41299999999998,174.37400000000002,0.0181,0.0217
10.06.2020 03:05:28.650 GMT+0200,174.412,174.36900000000003,0.0181,0.0217
10.06.2020 03:05:59.282 GMT+0200,174.40900000000002,174.37400000000002,0.0181,0.0217
10.06.2020 03:06:00.919 GMT+0200,174.40900000000002,174.37,0.0181,0.0217
10.06.2020 03:06:38.982 GMT+0200,174.408,174.36900000000003,0.0181,0.0217
10.06.2020 03:06:53.766 GMT+0200,174.40599999999998,174.373,0.0181,0.0217
10.06.2020 03:06:54.968 GMT+0200,174.411,174.37400000000002,0.0181,0.0217
10.06.2020 03:07:00.567 GMT+0200,174.41299999999998,174.372,0.0181,0.0217
10.06.2020 03:07:03.667 GMT+0200,174.40599999999998,174.37,0.0181,0.0217
10.06.2020 03:07:15.564 GMT+0200,174.411,174.37400000000002,0.0181,0.0217
10.06.2020 03:07:24.209 GMT+0200,174.377,174.342,0.0181,0.0217
10.06.2020 03:07:24.367 GMT+0200,174.398,174.354,0.0181,0.0217
10.06.2020 03:07:24.571 GMT+0200,174.398,174.357,0.0181,0.0217
10.06.2020 03:07:32.900 GMT+0200,174.40900000000002,174.37099999999998,0.0181,0.0217
10.06.2020 03:07:33.420 GMT+0200,174.408,174.373,0.0181,0.0217
10.06.2020 03:07:34.569 GMT+0200,174.393,174.356,0.0181,0.0217
10.06.2020 03:07:34.707 GMT+0200,174.395,174.359,0.0181,0.0217
10.06.2020 03:07:36.039 GMT+0200,174.38,174.338,0.0181,0.0217
10.06.2020 03:07:36.139 GMT+0200,174.375,174.343,0.0181,0.0217
10.06.2020 03:07:43.446 GMT+0200,174.38,174.34099999999998,0.0181,0.0217
10.06.2020 03:07:45.251 GMT+0200,174.377,174.342,0.0181,0.0217
10.06.2020 03:07:53.151 GMT+0200,174.391,174.355,0.0181,0.0217
10.06.2020 03:07:53.253 GMT+0200,174.411,174.37599999999998,0.0181,0.0217
10.06.2020 03:07:53.516 GMT+0200,174.40599999999998,174.37599999999998,0.0181,0.0217
10.06.2020 03:07:58.454 GMT+0200,174.412,174.36900000000003,0.0181,0.0217
10.06.2020 03:07:58.710 GMT+0200,174.408,174.37,0.0181,0.0217
10.06.2020 03:07:59.550 GMT+0200,174.41299999999998,174.37,0.0181,0.0217
10.06.2020 03:07:59.909 GMT+0200,174.381,174.343,0.0181,0.0217
10.06.2020 03:08:00.786 GMT+0200,174.375,174.34,0.0181,0.0217
10.06.2020 03:08:27.271 GMT+0200,174.382,174.338,0.0181,0.0217
10.06.2020 03:08:27.591 GMT+0200,174.375,174.342,0.0181,0.0217
10.06.2020 03:08:39.370 GMT+0200,174.412,174.37599999999998,0.0181,0.0217
10.06.2020 03:08:39.476 GMT+0200,174.411,174.37599999999998,0.0181,0.0217
10.06.2020 03:08:39.727 GMT+0200,174.408,174.37,0.0181,0.0217
10.06.2020 03:09:00.181 GMT+0200,174.411,174.372,0.0181,0.0217
10.06.2020 03:09:00.231 GMT+0200,174.38,174.342,0.0181,0.0217
10.06.2020 03:09:00.417 GMT+0200,174.378,174.33900000000003,0.0181,0.0217
10.06.2020 03:09:01.173 GMT+0200,174.378,174.338,0.0181,0.0217
10.06.2020 03:09:05.123 GMT+0200,174.38,174.34,0.0181,0.0217
10.06.2020 03:09:09.192 GMT+0200,174.382,174.342,0.0181,0.0217
10.06.2020 03:09:17.448 GMT+0200,174.375,174.34,0.0181,0.0217
10.06.2020 03:10:15.271 GMT+0200,174.37900000000002,174.345,0.0181,0.0217
10.06.2020 03:10:16.557 GMT+0200,174.382,174.34099999999998,0.0181,0.0217
10.06.2020 03:11:24.111 GMT+0200,174.393,174.361,0.0181,0.0217
10.06.2020 03:11:24.222 GMT+0200,174.396,174.358,0.0181,0.0217
10.06.2020 03:11:24.470 GMT+0200,174.382,174.33900000000003,0.0181,0.0217
10.06.2020 03:11:27.700 GMT+0200,174.382,174.338,0.0181,0.0217
10.06.2020 03:11:54.809 GMT+0200,174.38,174.34,0.0181,0.0217
10.06.2020 03:12:14.521 GMT+0200,174.382,174.343,0.0181,0.0217
10.06.2020 03:12:23.366 GMT+0200,174.377,174.33900000000003,0.0181,0.0217
10.06.2020 03:12:26.556 GMT+0200,174.375,174.33900000000003,0.0181,0.0217
10.06.2020 03:12:26.985 GMT+0200,174.381,174.345,0.0181,0.0217
10.06.2020 03:12:28.868 GMT+0200,174.381,174.34,0.0181,0.0217
10.06.2020 03:12:30.753 GMT+0200,174.382,174.342,0.0181,0.0217
10.06.2020 03:12:33.668 GMT+0200,174.37900000000002,174.34,0.0181,0.0217
10.06.2020 03:12:34.067 GMT+0200,174.38,174.34099999999998,0.0181,0.0217
10.06.2020 03:12:35.835 GMT+0200,174.377,174.33900000000003,0.0181,0.0217
10.06.2020 03:12:41.773 GMT+0200,174.347,174.31,0.0181,0.0217
10.06.2020 03:12:41.906 GMT+0200,174.34900000000002,174.31099999999998,0.0181,0.0217
10.06.2020 03:12:42.128 GMT+0200,174.316,174.278,0.0181,0.0217
10.06.2020 03:12:44.622 GMT+0200,174.316,174.27599999999998,0.0181,0.0217
10.06.2020 03:12:44.672 GMT+0200,174.34400000000002,174.30700000000002,0.0181,0.0217
10.06.2020 03:12:46.266 GMT+0200,174.34599999999998,174.30700000000002,0.0181,0.0217
10.06.2020 03:12:47.500 GMT+0200,174.35,174.308,0.0181,0.0217
10.06.2020 03:12:49.982 GMT+0200,174.31900000000002,174.27700000000002,0.0181,0.0217
10.06.2020 03:12:50.128 GMT+0200,174.315,174.27599999999998,0.0181,0.0217
10.06.2020 03:12:50.343 GMT+0200,174.33,174.292,0.0181,0.0217
10.06.2020 03:12:50.857 GMT+0200,174.331,174.294,0.0181,0.0217
10.06.2020 03:12:54.313 GMT+0200,174.34900000000002,174.31400000000002,0.0181,0.0217
10.06.2020 03:12:58.765 GMT+0200,174.315,174.282,0.0181,0.0217
10.06.2020 03:12:59.130 GMT+0200,174.312,174.27700000000002,0.0181,0.0217
10.06.2020 03:13:00.955 GMT+0200,174.34799999999998,174.31099999999998,0.0181,0.0217
10.06.2020 03:13:01.313 GMT+0200,174.333,174.29500000000002,0.0181,0.0217
10.06.2020 03:13:01.514 GMT+0200,174.33400000000003,174.292,0.0181,0.0217
10.06.2020 03:13:02.244 GMT+0200,174.34599999999998,174.30700000000002,0.0181,0.0217
10.06.2020 03:13:02.445 GMT+0200,174.33200000000002,174.29500000000002,0.0181,0.0217
10.06.2020 03:13:02.958 GMT+0200,174.35,174.31099999999998,0.0181,0.0217
10.06.2020 03:13:04.068 GMT+0200,174.35,174.308,0.0181,0.0217
10.06.2020 03:13:05.606 GMT+0200,174.34900000000002,174.308,0.0181,0.0217
10.06.2020 03:13:14.754 GMT+0200,174.34900000000002,174.30900000000003,0.0181,0.0217
10.06.2020 03:13:19.738 GMT+0200,174.351,174.31099999999998,0.0181,0.0217
10.06.2020 03:13:20.431 GMT+0200,174.351,174.31400000000002,0.0181,0.0217
10.06.2020 03:13:23.065 GMT+0200,174.34400000000002,174.31,0.0181,0.0217
10.06.2020 03:13:44.459 GMT+0200,174.36200000000002,174.329,0.0181,0.0217
10.06.2020 03:13:45.654 GMT+0200,174.34599999999998,174.30700000000002,0.0181,0.0217
10.06.2020 03:13:55.158 GMT+0200,174.347,174.312,0.0181,0.0217
10.06.2020 03:13:58.078 GMT+0200,174.34400000000002,174.31099999999998,0.0181,0.0217
10.06.2020 03:14:05.234 GMT+0200,174.33200000000002,174.296,0.0181,0.0217
10.06.2020 03:14:07.307 GMT+0200,174.31400000000002,174.28,0.0181,0.0217
10.06.2020 03:14:08.318 GMT+0200,174.335,174.291,0.0181,0.0217
10.06.2020 03:14:08.441 GMT+0200,174.33400000000003,174.292,0.0181,0.0217
10.06.2020 03:14:12.231 GMT+0200,174.347,174.31,0.0181,0.0217
10.06.2020 03:14:12.333 GMT+0200,174.34400000000002,174.31,0.0181,0.0217
10.06.2020 03:14:14.669 GMT+0200,174.347,174.30700000000002,0.0181,0.0217
10.06.2020 03:14:14.784 GMT+0200,174.34799999999998,174.308,0.0181,0.0217
10.06.2020 03:14:21.067 GMT+0200,174.333,174.29500000000002,0.0181,0.0217
10.06.2020 03:14:22.056 GMT+0200,174.33200000000002,174.291,0.0181,0.0217
10.06.2020 03:14:27.217 GMT+0200,174.31900000000002,174.282,0.0181,0.0217
10.06.2020 03:15:02.319 GMT+0200,174.35,174.31400000000002,0.0181,0.0217
10.06.2020 03:15:02.489 GMT+0200,174.331,174.293,0.0181,0.0217
10.06.2020 03:15:02.594 GMT+0200,174.34400000000002,174.31,0.0181,0.0217
10.06.2020 03:15:07.888 GMT+0200,174.35,174.31,0.0181,0.0217
10.06.2020 03:15:11.801 GMT+0200,174.34599999999998,174.31400000000002,0.0181,0.0217
10.06.2020 03:15:15.316 GMT+0200,174.35,174.312,0.0181,0.0217
10.06.2020 03:15:16.603 GMT+0200,174.35,174.30900000000003,0.0181,0.0217
10.06.2020 03:15:17.898 GMT+0200,174.347,174.31,0.0181,0.0217
10.06.2020 03:15:19.276 GMT+0200,174.34400000000002,174.30900000000003,0.0181,0.0217
10.06.2020 03:15:20.677 GMT+0200,174.347,174.30700000000002,0.0181,0.0217
10.06.2020 03:15:34.775 GMT+0200,174.34400000000002,174.31,0.0181,0.0217
10.06.2020 03:15:42.224 GMT+0200,174.31900000000002,174.275,0.0181,0.0217
10.06.2020 03:15:42.436 GMT+0200,174.312,174.27700000000002,0.0181,0.0217
10.06.2020 03:15:44.244 GMT+0200,174.333,174.296,0.0181,0.0217
10.06.2020 03:15:44.376 GMT+0200,174.328,174.296,0.0181,0.0217
10.06.2020 03:15:46.837 GMT+0200,174.34799999999998,174.31,0.0181,0.0217
10.06.2020 03:15:47.248 GMT+0200,174.34900000000002,174.31400000000002,0.0181,0.0217
10.06.2020 03:15:48.920 GMT+0200,174.33400000000003,174.29500000000002,0.0181,0.0217
10.06.2020 03:15:55.030 GMT+0200,174.34900000000002,174.31400000000002,0.0181,0.0217
10.06.2020 03:15:55.136 GMT+0200,174.347,174.31400000000002,0.0181,0.0217
10.06.2020 03:15:59.164 GMT+0200,174.35,174.308,0.0181,0.0217
10.06.2020 03:16:01.387 GMT+0200,174.347,174.31099999999998,0.0181,0.0217
10.06.2020 03:16:21.140 GMT+0200,174.351,174.31,0.0181,0.0217
10.06.2020 03:16:28.046 GMT+0200,174.34599999999998,174.312,0.0181,0.0217
10.06.2020 03:16:29.015 GMT+0200,174.347,174.30900000000003,0.0181,0.0217
10.06.2020 03:16:30.452 GMT+0200,174.34400000000002,174.31400000000002,0.0181,0.0217
10.06.2020 03:16:33.858 GMT+0200,174.35,174.31400000000002,0.0181,0.0217
10.06.2020 03:16:36.309 GMT+0200,174.31799999999998,174.278,0.0181,0.0217
10.06.2020 03:16:36.498 GMT+0200,174.31799999999998,174.275,0.0181,0.0217
10.06.2020 03:16:43.239 GMT+0200,174.347,174.308,0.0181,0.0217
10.06.2020 03:16:43.431 GMT+0200,174.347,174.30700000000002,0.0181,0.0217
10.06.2020 03:16:46.458 GMT+0200,174.34799999999998,174.30900000000003,0.0181,0.0217
10.06.2020 03:16:50.776 GMT+0200,174.347,174.312,0.0181,0.0217
10.06.2020 03:17:00.817 GMT+0200,174.34400000000002,174.31099999999998,0.0181,0.0217
10.06.2020 03:17:40.275 GMT+0200,174.34799999999998,174.312,0.0181,0.0217
10.06.2020 03:18:07.098 GMT+0200,174.316,174.27900000000002,0.0181,0.0217
10.06.2020 03:18:07.233 GMT+0200,174.316,174.278,0.0181,0.0217
10.06.2020 03:18:09.655 GMT+0200,174.33,174.291,0.0181,0.0217
10.06.2020 03:18:09.762 GMT+0200,174.35,174.30900000000003,0.0181,0.0217
10.06.2020 03:18:09.928 GMT+0200,174.34400000000002,174.31,0.0181,0.0217
10.06.2020 03:18:13.078 GMT+0200,174.315,174.27700000000002,0.0181,0.0217
10.06.2020 03:18:13.226 GMT+0200,174.31900000000002,174.27700000000002,0.0181,0.0217
10.06.2020 03:18:25.301 GMT+0200,174.34900000000002,174.308,0.0181,0.0217
10.06.2020 03:18:25.491 GMT+0200,174.34900000000002,174.30700000000002,0.0181,0.0217
10.06.2020 03:18:25.665 GMT+0200,174.347,174.31400000000002,0.0181,0.0217
10.06.2020 03:18:29.766 GMT+0200,174.315,174.27700000000002,0.0181,0.0217
10.06.2020 03:18:30.034 GMT+0200,174.316,174.28,0.0181,0.0217
10.06.2020 03:18:33.409 GMT+0200,174.31799999999998,174.278,0.0181,0.0217
10.06.2020 03:18:42.504 GMT+0200,174.317,174.27900000000002,0.0181,0.0217
10.06.2020 03:18:42.682 GMT+0200,174.34799999999998,174.31400000000002,0.0181,0.0217
10.06.2020 03:18:43.006 GMT+0200,174.33,174.298,0.0181,0.0217
10.06.2020 03:18:44.070 GMT+0200,174.331,174.291,0.0181,0.0217
10.06.2020 03:18:44.260 GMT+0200,174.347,174.31400000000002,0.0181,0.0217
10.06.2020 03:18:44.360 GMT+0200,174.35,174.30700000000002,0.0181,0.0217
10.06.2020 03:18:54.795 GMT+0200,174.34400000000002,174.30900000000003,0.0181,0.0217
10.06.2020 03:19:00.116 GMT+0200,174.35,174.31,0.0181,0.0217
10.06.2020 03:19:01.038 GMT+0200,174.315,174.27599999999998,0.0181,0.0217
10.06.2020 03:19:01.352 GMT+0200,174.317,174.27599999999998,0.0181,0.0217
10.06.2020 03:19:05.391 GMT+0200,174.31900000000002,174.27599999999998,0.0181,0.0217
10.06.2020 03:19:21.777 GMT+0200,174.312,174.282,0.0181,0.0217
10.06.2020 03:19:24.515 GMT+0200,174.317,174.275,0.0181,0.0217
10.06.2020 03:19:25.756 GMT+0200,174.31400000000002,174.28,0.0181,0.0217
10.06.2020 03:19:26.384 GMT+0200,174.31900000000002,174.275,0.0181,0.0217
10.06.2020 03:19:33.953 GMT+0200,174.317,174.28,0.0181,0.0217
10.06.2020 03:20:09.880 GMT+0200,174.31799999999998,174.28,0.0181,0.0217
10.06.2020 03:20:17.327 GMT+0200,174.31900000000002,174.27599999999998,0.0181,0.0217
10.06.2020 03:20:22.171 GMT+0200,174.31799999999998,174.27700000000002,0.0181,0.0217
10.06.2020 03:20:26.456 GMT+0200,174.31799999999998,174.27900000000002,0.0181,0.0217
10.06.2020 03:20:30.612 GMT+0200,174.316,174.275,0.0181,0.0217
10.06.2020 03:20:44.701 GMT+0200,174.31400000000002,174.27599999999998,0.0181,0.0217
10.06.2020 03:20:46.681 GMT+0200,174.315,174.28,0.0181,0.0217
10.06.2020 03:20:50.366 GMT+0200,174.312,174.27700000000002,0.0181,0.0217
10.06.2020 03:20:51.535 GMT+0200,174.28799999999998,174.245,0.0181,0.0217
10.06.2020 03:20:51.694 GMT+0200,174.285,174.247,0.0181,0.0217
10.06.2020 03:20:58.759 GMT+0200,174.283,174.24900000000002,0.0181,0.0217
10.06.2020 03:21:06.232 GMT+0200,174.28099999999998,174.248,0.0181,0.0217
10.06.2020 03:21:15.393 GMT+0200,174.28400000000002,174.24599999999998,0.0181,0.0217
10.06.2020 03:21:15.847 GMT+0200,174.299,174.262,0.0181,0.0217
10.06.2020 03:21:20.763 GMT+0200,174.28099999999998,174.24900000000002,0.0181,0.0217
10.06.2020 03:21:24.008 GMT+0200,174.3,174.26500000000001,0.0181,0.0217
10.06.2020 03:21:24.570 GMT+0200,174.285,174.25099999999998,0.0181,0.0217
10.06.2020 03:21:24.812 GMT+0200,174.28799999999998,174.247,0.0181,0.0217
10.06.2020 03:21:26.797 GMT+0200,174.30400000000003,174.261,0.0181,0.0217
10.06.2020 03:21:27.424 GMT+0200,174.30200000000002,174.26500000000001,0.0181,0.0217
10.06.2020 03:21:27.551 GMT+0200,174.285,174.24400000000003,0.0181,0.0217
10.06.2020 03:21:27.895 GMT+0200,174.285,174.247,0.0181,0.0217
10.06.2020 03:21:31.569 GMT+0200,174.285,174.24400000000003,0.0181,0.0217
10.06.2020 03:21:34.139 GMT+0200,174.287,174.25099999999998,0.0181,0.0217
10.06.2020 03:21:42.869 GMT+0200,174.283,174.247,0.0181,0.0217
10.06.2020 03:21:43.469 GMT+0200,174.303,174.26500000000001,0.0181,0.0217
10.06.2020 03:21:45.524 GMT+0200,174.28799999999998,174.25099999999998,0.0181,0.0217
10.06.2020 03:21:45.726 GMT+0200,174.28400000000002,174.24400000000003,0.0181,0.0217
10.06.2020 03:22:03.702 GMT+0200,174.28799999999998,174.25099999999998,0.0181,0.0217
10.06.2020 03:22:04.075 GMT+0200,174.28099999999998,174.24599999999998,0.0181,0.0217
10.06.2020 03:22:05.104 GMT+0200,174.286,174.24599999999998,0.0181,0.0217
10.06.2020 03:22:06.391 GMT+0200,174.28799999999998,174.24900000000002,0.0181,0.0217
10.06.2020 03:22:07.503 GMT+0200,174.266,174.231,0.0181,0.0217
10.06.2020 03:22:09.104 GMT+0200,174.271,174.232,0.0181,0.0217
10.06.2020 03:22:09.348 GMT+0200,174.27,174.236,0.0181,0.0217
10.06.2020 03:22:12.979 GMT+0200,174.252,174.21400000000003,0.0181,0.0217
10.06.2020 03:22:13.085 GMT+0200,174.25,174.21599999999998,0.0181,0.0217
10.06.2020 03:22:15.947 GMT+0200,174.266,174.231,0.0181,0.0217
10.06.2020 03:22:16.071 GMT+0200,174.269,174.236,0.0181,0.0217
10.06.2020 03:22:20.922 GMT+0200,174.257,174.22,0.0181,0.0217
10.06.2020 03:22:25.457 GMT+0200,174.273,174.229,0.0181,0.0217
10.06.2020 03:22:27.664 GMT+0200,174.273,174.234,0.0181,0.0217
10.06.2020 03:22:37.919 GMT+0200,174.27200000000002,174.229,0.0181,0.0217
10.06.2020 03:22:44.174 GMT+0200,174.257,174.217,0.0181,0.0217
10.06.2020 03:22:45.186 GMT+0200,174.25,174.21400000000003,0.0181,0.0217
10.06.2020 03:22:51.088 GMT+0200,174.253,174.213,0.0181,0.0217
10.06.2020 03:23:00.869 GMT+0200,174.25,174.22,0.0181,0.0217
10.06.2020 03:23:02.353 GMT+0200,174.256,174.21599999999998,0.0181,0.0217
10.06.2020 03:23:06.570 GMT+0200,174.253,174.213,0.0181,0.0217
10.06.2020 03:23:09.897 GMT+0200,174.25,174.21599999999998,0.0181,0.0217
10.06.2020 03:23:14.470 GMT+0200,174.256,174.22,0.0181,0.0217
10.06.2020 03:23:15.171 GMT+0200,174.257,174.215,0.0181,0.0217
10.06.2020 03:23:29.245 GMT+0200,174.256,174.215,0.0181,0.0217
10.06.2020 03:23:32.413 GMT+0200,174.256,174.218,0.0181,0.0217
10.06.2020 03:23:32.567 GMT+0200,174.256,174.213,0.0181,0.0217
10.06.2020 03:23:44.248 GMT+0200,174.286,174.247,0.0181,0.0217
10.06.2020 03:23:44.685 GMT+0200,174.28799999999998,174.24900000000002,0.0181,0.0217
10.06.2020 03:23:45.245 GMT+0200,174.252,174.21400000000003,0.0181,0.0217
10.06.2020 03:23:48.306 GMT+0200,174.252,174.21599999999998,0.0181,0.0217
10.06.2020 03:24:00.126 GMT+0200,174.285,174.248,0.0181,0.0217
10.06.2020 03:24:00.254 GMT+0200,174.28099999999998,174.247,0.0181,0.0217
10.06.2020 03:24:01.826 GMT+0200,174.27,174.234,0.0181,0.0217
10.06.2020 03:24:19.532 GMT+0200,174.283,174.247,0.0181,0.0217
10.06.2020 03:24:19.673 GMT+0200,174.28799999999998,174.24400000000003,0.0181,0.0217
10.06.2020 03:24:23.271 GMT+0200,174.286,174.247,0.0181,0.0217
10.06.2020 03:24:32.992 GMT+0200,174.315,174.27700000000002,0.0181,0.0217
10.06.2020 03:24:33.095 GMT+0200,174.316,174.278,0.0181,0.0217
10.06.2020 03:24:37.714 GMT+0200,174.287,174.247,0.0181,0.0217
10.06.2020 03:24:38.276 GMT+0200,174.28799999999998,174.24900000000002,0.0181,0.0217
10.06.2020 03:24:41.923 GMT+0200,174.303,174.262,0.0181,0.0217
10.06.2020 03:24:42.287 GMT+0200,174.30400000000003,174.262,0.0181,0.0217
10.06.2020 03:24:44.461 GMT+0200,174.31400000000002,174.282,0.0181,0.0217
10.06.2020 03:24:44.570 GMT+0200,174.312,174.27700000000002,0.0181,0.0217
10.06.2020 03:24:44.695 GMT+0200,174.31799999999998,174.282,0.0181,0.0217
10.06.2020 03:24:48.177 GMT+0200,174.287,174.247,0.0181,0.0217
10.06.2020 03:24:48.867 GMT+0200,174.28799999999998,174.247,0.0181,0.0217
10.06.2020 03:24:49.788 GMT+0200,174.315,174.282,0.0181,0.0217
10.06.2020 03:24:51.514 GMT+0200,174.316,174.282,0.0181,0.0217
10.06.2020 03:25:37.124 GMT+0200,174.315,174.278,0.0181,0.0217
10.06.2020 03:25:39.694 GMT+0200,174.31900000000002,174.275,0.0181,0.0217
10.06.2020 03:26:02.160 GMT+0200,174.28400000000002,174.24599999999998,0.0181,0.0217
10.06.2020 03:26:02.269 GMT+0200,174.283,174.248,0.0181,0.0217
10.06.2020 03:26:47.055 GMT+0200,174.28400000000002,174.245,0.0181,0.0217
10.06.2020 03:26:49.555 GMT+0200,174.28099999999998,174.25099999999998,0.0181,0.0217
10.06.2020 03:27:55.053 GMT+0200,174.256,174.218,0.0181,0.0217
10.06.2020 03:27:55.287 GMT+0200,174.28400000000002,174.247,0.0181,0.0217
10.06.2020 03:27:55.389 GMT+0200,174.28400000000002,174.24900000000002,0.0181,0.0217
10.06.2020 03:28:03.758 GMT+0200,174.255,174.21400000000003,0.0181,0.0217
10.06.2020 03:28:03.820 GMT+0200,174.286,174.248,0.0181,0.0217
10.06.2020 03:28:03.955 GMT+0200,174.28400000000002,174.24900000000002,0.0181,0.0217
10.06.2020 03:28:13.968 GMT+0200,174.25400000000002,174.217,0.0181,0.0217
10.06.2020 03:28:14.018 GMT+0200,174.28099999999998,174.248,0.0181,0.0217
10.06.2020 03:28:16.184 GMT+0200,174.27,174.234,0.0181,0.0217
10.06.2020 03:28:25.244 GMT+0200,174.285,174.245,0.0181,0.0217
10.06.2020 03:28:25.372 GMT+0200,174.28400000000002,174.25099999999998,0.0181,0.0217
10.06.2020 03:28:27.644 GMT+0200,174.285,174.24599999999998,0.0181,0.0217
10.06.2020 03:28:28.009 GMT+0200,174.27200000000002,174.229,0.0181,0.0217
10.06.2020 03:28:28.535 GMT+0200,174.268,174.23,0.0181,0.0217
10.06.2020 03:28:30.072 GMT+0200,174.268,174.231,0.0181,0.0217
10.06.2020 03:28:34.096 GMT+0200,174.28099999999998,174.245,0.0181,0.0217
10.06.2020 03:28:34.335 GMT+0200,174.28400000000002,174.25099999999998,0.0181,0.0217
10.06.2020 03:28:34.847 GMT+0200,174.28099999999998,174.247,0.0181,0.0217
10.06.2020 03:28:50.279 GMT+0200,174.271,174.236,0.0181,0.0217
10.06.2020 03:28:51.685 GMT+0200,174.266,174.233,0.0181,0.0217
10.06.2020 03:28:51.962 GMT+0200,174.256,174.213,0.0181,0.0217
10.06.2020 03:28:58.644 GMT+0200,174.28400000000002,174.24900000000002,0.0181,0.0217
10.06.2020 03:28:58.964 GMT+0200,174.287,174.248,0.0181,0.0217
10.06.2020 03:29:33.545 GMT+0200,174.28799999999998,174.24900000000002,0.0181,0.0217
10.06.2020 03:29:34.285 GMT+0200,174.287,174.25099999999998,0.0181,0.0217
10.06.2020 03:29:43.936 GMT+0200,174.257,174.22,0.0181,0.0217
10.06.2020 03:29:44.029 GMT+0200,174.25400000000002,174.217,0.0181,0.0217
10.06.2020 03:29:49.843 GMT+0200,174.253,174.21400000000003,0.0181,0.0217
10.06.2020 03:29:57.451 GMT+0200,174.257,174.217,0.0181,0.0217
10.06.2020 03:30:02.428 GMT+0200,174.255,174.22,0.0181,0.0217
10.06.2020 03:30:09.346 GMT+0200,174.253,174.215,0.0181,0.0217
10.06.2020 03:30:11.810 GMT+0200,174.257,174.218,0.0181,0.0217
10.06.2020 03:30:19.807 GMT+0200,174.25400000000002,174.213,0.0181,0.0217
10.06.2020 03:30:20.280 GMT+0200,174.253,174.22,0.0181,0.0217
10.06.2020 03:30:27.147 GMT+0200,174.28799999999998,174.247,0.0181,0.0217
10.06.2020 03:30:27.272 GMT+0200,174.285,174.25099999999998,0.0181,0.0217
10.06.2020 03:30:33.418 GMT+0200,174.31799999999998,174.282,0.0181,0.0217
10.06.2020 03:30:33.603 GMT+0200,174.315,174.27599999999998,0.0181,0.0217
10.06.2020 03:30:33.777 GMT+0200,174.31400000000002,174.278,0.0181,0.0217
10.06.2020 03:30:35.757 GMT+0200,174.312,174.27900000000002,0.0181,0.0217
10.06.2020 03:30:37.320 GMT+0200,174.315,174.27599999999998,0.0181,0.0217
10.06.2020 03:30:39.190 GMT+0200,174.31900000000002,174.27900000000002,0.0181,0.0217
10.06.2020 03:30:42.967 GMT+0200,174.31799999999998,174.27599999999998,0.0181,0.0217
10.06.2020 03:30:44.794 GMT+0200,174.28799999999998,174.24599999999998,0.0181,0.0217
10.06.2020 03:30:44.993 GMT+0200,174.286,174.25099999999998,0.0181,0.0217
10.06.2020 03:30:45.196 GMT+0200,174.31900000000002,174.27700000000002,0.0181,0.0217
10.06.2020 03:30:45.246 GMT+0200,174.285,174.24900000000002,0.0181,0.0217
10.06.2020 03:30:45.591 GMT+0200,174.285,174.247,0.0181,0.0217
10.06.2020 03:30:48.774 GMT+0200,174.285,174.24900000000002,0.0181,0.0217
10.06.2020 03:30:52.735 GMT+0200,174.285,174.247,0.0181,0.0217
10.06.2020 03:31:02.832 GMT+0200,174.28099999999998,174.24599999999998,0.0181,0.0217
10.06.2020 03:31:11.246 GMT+0200,174.287,174.24400000000003,0.0181,0.0217
10.06.2020 03:31:22.170 GMT+0200,174.316,174.275,0.0181,0.0217
10.06.2020 03:31:22.277 GMT+0200,174.31400000000002,174.27599999999998,0.0181,0.0217
10.06.2020 03:31:28.229 GMT+0200,174.312,174.278,0.0181,0.0217
10.06.2020 03:31:33.904 GMT+0200,174.316,174.27700000000002,0.0181,0.0217
10.06.2020 03:31:39.213 GMT+0200,174.316,174.28,0.0181,0.0217
10.06.2020 03:31:45.818 GMT+0200,174.312,174.27900000000002,0.0181,0.0217
10.06.2020 03:31:45.925 GMT+0200,174.316,174.27700000000002,0.0181,0.0217
10.06.2020 03:31:56.079 GMT+0200,174.315,174.27599999999998,0.0181,0.0217
10.06.2020 03:31:56.188 GMT+0200,174.31799999999998,174.27599999999998,0.0181,0.0217
10.06.2020 03:31:56.817 GMT+0200,174.31799999999998,174.282,0.0181,0.0217
10.06.2020 03:31:57.378 GMT+0200,174.28400000000002,174.245,0.0181,0.0217
10.06.2020 03:31:57.826 GMT+0200,174.317,174.27700000000002,0.0181,0.0217
10.06.2020 03:31:59.820 GMT+0200,174.31400000000002,174.27900000000002,0.0181,0.0217
10.06.2020 03:32:07.479 GMT+0200,174.285,174.24599999999998,0.0181,0.0217
10.06.2020 03:32:07.671 GMT+0200,174.287,174.24900000000002,0.0181,0.0217
10.06.2020 03:32:16.042 GMT+0200,174.287,174.24599999999998,0.0181,0.0217
10.06.2020 03:32:24.604 GMT+0200,174.28799999999998,174.25099999999998,0.0181,0.0217
10.06.2020 03:32:25.734 GMT+0200,174.28400000000002,174.24599999999998,0.0181,0.0217
10.06.2020 03:32:36.848 GMT+0200,174.25400000000002,174.213,0.0181,0.0217
10.06.2020 03:32:36.898 GMT+0200,174.28099999999998,174.245,0.0181,0.0217
10.06.2020 03:32:37.113 GMT+0200,174.28799999999998,174.247,0.0181,0.0217
10.06.2020 03:32:42.936 GMT+0200,174.28799999999998,174.24900000000002,0.0181,0.0217
10.06.2020 03:32:43.051 GMT+0200,174.286,174.248,0.0181,0.0217
10.06.2020 03:32:43.242 GMT+0200,174.28400000000002,174.25099999999998,0.0181,0.0217
10.06.2020 03:32:50.073 GMT+0200,174.28400000000002,174.24599999999998,0.0181,0.0217
10.06.2020 03:32:54.305 GMT+0200,174.286,174.245,0.0181,0.0217
10.06.2020 03:32:57.535 GMT+0200,174.286,174.24400000000003,0.0181,0.0217
10.06.2020 03:33:27.365 GMT+0200,174.269,174.234,0.0181,0.0217
10.06.2020 03:33:27.625 GMT+0200,174.273,174.233,0.0181,0.0217
10.06.2020 03:33:42.359 GMT+0200,174.257,174.217,0.0181,0.0217
10.06.2020 03:33:42.597 GMT+0200,174.25,174.213,0.0181,0.0217
10.06.2020 03:33:47.460 GMT+0200,174.268,174.233,0.0181,0.0217
10.06.2020 03:33:47.585 GMT+0200,174.27,174.233,0.0181,0.0217
10.06.2020 03:33:49.451 GMT+0200,174.256,174.215,0.0181,0.0217
10.06.2020 03:33:49.567 GMT+0200,174.253,174.21400000000003,0.0181,0.0217
10.06.2020 03:33:50.883 GMT+0200,174.255,174.213,0.0181,0.0217
10.06.2020 03:34:00.810 GMT+0200,174.25400000000002,174.21400000000003,0.0181,0.0217
10.06.2020 03:34:00.860 GMT+0200,174.283,174.248,0.0181,0.0217
10.06.2020 03:34:01.029 GMT+0200,174.28799999999998,174.245,0.0181,0.0217
10.06.2020 03:34:01.181 GMT+0200,174.27,174.232,0.0181,0.0217
10.06.2020 03:34:02.374 GMT+0200,174.27,174.231,0.0181,0.0217
10.06.2020 03:34:03.260 GMT+0200,174.28799999999998,174.248,0.0181,0.0217
10.06.2020 03:34:03.378 GMT+0200,174.285,174.24599999999998,0.0181,0.0217
10.06.2020 03:34:03.741 GMT+0200,174.28099999999998,174.24599999999998,0.0181,0.0217
10.06.2020 03:34:04.188 GMT+0200,174.286,174.248,0.0181,0.0217
10.06.2020 03:34:11.787 GMT+0200,174.28799999999998,174.248,0.0181,0.0217
10.06.2020 03:34:59.761 GMT+0200,174.28099999999998,174.24400000000003,0.0181,0.0217
10.06.2020 03:35:17.155 GMT+0200,174.286,174.24900000000002,0.0181,0.0217
10.06.2020 03:35:35.076 GMT+0200,174.287,174.245,0.0181,0.0217
10.06.2020 03:35:42.194 GMT+0200,174.287,174.24900000000002,0.0181,0.0217
10.06.2020 03:36:09.064 GMT+0200,174.286,174.24599999999998,0.0181,0.0217
10.06.2020 03:36:32.790 GMT+0200,174.285,174.24599999999998,0.0181,0.0217
10.06.2020 03:36:33.172 GMT+0200,174.271,174.231,0.0181,0.0217
10.06.2020 03:36:35.106 GMT+0200,174.27,174.231,0.0181,0.0217
10.06.2020 03:36:37.851 GMT+0200,174.286,174.24900000000002,0.0181,0.0217
10.06.2020 03:36:46.547 GMT+0200,174.285,174.25099999999998,0.0181,0.0217
10.06.2020 03:36:46.652 GMT+0200,174.285,174.24400000000003,0.0181,0.0217
10.06.2020 03:37:20.273 GMT+0200,174.28799999999998,174.248,0.0181,0.0217
10.06.2020 03:37:31.254 GMT+0200,174.287,174.24400000000003,0.0181,0.0217
10.06.2020 03:37:47.770 GMT+0200,174.285,174.24599999999998,0.0181,0.0217
10.06.2020 03:37:53.268 GMT+0200,174.286,174.247,0.0181,0.0217
10.06.2020 03:37:53.393 GMT+0200,174.286,174.25099999999998,0.0181,0.0217
10.06.2020 03:38:09.651 GMT+0200,174.286,174.245,0.0181,0.0217
10.06.2020 03:38:10.874 GMT+0200,174.28400000000002,174.24400000000003,0.0181,0.0217
10.06.2020 03:38:29.997 GMT+0200,174.28099999999998,174.248,0.0181,0.0217
10.06.2020 03:39:02.290 GMT+0200,174.28099999999998,174.247,0.0181,0.0217
10.06.2020 03:39:02.451 GMT+0200,174.285,174.248,0.0181,0.0217
10.06.2020 03:39:18.874 GMT+0200,174.287,174.24900000000002,0.0181,0.0217
10.06.2020 03:39:26.631 GMT+0200,174.299,174.26500000000001,0.0181,0.0217
10.06.2020 03:39:59.643 GMT+0200,174.312,174.27700000000002,0.0181,0.0217
10.06.2020 03:39:59.742 GMT+0200,174.317,174.275,0.0181,0.0217
10.06.2020 03:40:00.192 GMT+0200,174.315,174.278,0.0181,0.0217
10.06.2020 03:40:00.733 GMT+0200,174.299,174.264,0.0181,0.0217
10.06.2020 03:40:00.865 GMT+0200,174.297,174.264,0.0181,0.0217
10.06.2020 03:40:06.564 GMT+0200,174.31400000000002,174.28,0.0181,0.0217
10.06.2020 03:40:06.687 GMT+0200,174.317,174.27900000000002,0.0181,0.0217
10.06.2020 03:40:09.175 GMT+0200,174.28799999999998,174.25099999999998,0.0181,0.0217
10.06.2020 03:40:09.292 GMT+0200,174.28099999999998,174.245,0.0181,0.0217
10.06.2020 03:40:10.112 GMT+0200,174.312,174.27900000000002,0.0181,0.0217
10.06.2020 03:40:10.288 GMT+0200,174.317,174.27599999999998,0.0181,0.0217
10.06.2020 03:40:10.717 GMT+0200,174.317,174.275,0.0181,0.0217
10.06.2020 03:40:17.484 GMT+0200,174.301,174.264,0.0181,0.0217
10.06.2020 03:40:20.182 GMT+0200,174.315,174.27900000000002,0.0181,0.0217
10.06.2020 03:40:21.219 GMT+0200,174.316,174.278,0.0181,0.0217
10.06.2020 03:40:24.593 GMT+0200,174.297,174.262,0.0181,0.0217
10.06.2020 03:40:24.732 GMT+0200,174.317,174.27599999999998,0.0181,0.0217
10.06.2020 03:40:27.676 GMT+0200,174.31799999999998,174.275,0.0181,0.0217
10.06.2020 03:40:50.020 GMT+0200,174.31400000000002,174.27599999999998,0.0181,0.0217
10.06.2020 03:41:07.494 GMT+0200,174.301,174.264,0.0181,0.0217
10.06.2020 03:41:07.852 GMT+0200,174.297,174.263,0.0181,0.0217
10.06.2020 03:41:11.542 GMT+0200,174.31400000000002,174.27599999999998,0.0181,0.0217
10.06.2020 03:41:16.380 GMT+0200,174.31900000000002,174.28,0.0181,0.0217
10.06.2020 03:41:37.921 GMT+0200,174.31900000000002,174.27700000000002,0.0181,0.0217
10.06.2020 03:41:40.187 GMT+0200,174.31400000000002,174.27700000000002,0.0181,0.0217
10.06.2020 03:41:44.753 GMT+0200,174.31799999999998,174.27700000000002,0.0181,0.0217
10.06.2020 03:41:44.856 GMT+0200,174.328,174.298,0.0181,0.0217
10.06.2020 03:41:46.469 GMT+0200,174.328,174.293,0.0181,0.0217
10.06.2020 03:41:46.685 GMT+0200,174.315,174.278,0.0181,0.0217
10.06.2020 03:41:46.902 GMT+0200,174.31400000000002,174.275,0.0181,0.0217
10.06.2020 03:42:02.852 GMT+0200,174.333,174.298,0.0181,0.0217
10.06.2020 03:42:07.549 GMT+0200,174.333,174.294,0.0181,0.0217
10.06.2020 03:42:10.810 GMT+0200,174.34900000000002,174.30900000000003,0.0181,0.0217
10.06.2020 03:42:10.915 GMT+0200,174.34799999999998,174.31,0.0181,0.0217
10.06.2020 03:42:19.413 GMT+0200,174.328,174.294,0.0181,0.0217
10.06.2020 03:42:24.227 GMT+0200,174.35,174.30700000000002,0.0181,0.0217
10.06.2020 03:42:24.426 GMT+0200,174.34400000000002,174.312,0.0181,0.0217
10.06.2020 03:42:29.699 GMT+0200,174.33400000000003,174.298,0.0181,0.0217
10.06.2020 03:42:34.374 GMT+0200,174.34599999999998,174.30700000000002,0.0181,0.0217
10.06.2020 03:42:34.623 GMT+0200,174.35,174.30700000000002,0.0181,0.0217
10.06.2020 03:42:57.874 GMT+0200,174.34799999999998,174.30700000000002,0.0181,0.0217
10.06.2020 03:44:13.390 GMT+0200,174.34900000000002,174.312,0.0181,0.0217
10.06.2020 03:44:37.393 GMT+0200,174.34599999999998,174.312,0.0181,0.0217
10.06.2020 03:44:47.248 GMT+0200,174.34400000000002,174.31099999999998,0.0181,0.0217
10.06.2020 03:45:02.936 GMT+0200,174.38,174.342,0.0181,0.0217
10.06.2020 03:45:03.075 GMT+0200,174.377,174.34099999999998,0.0181,0.0217
10.06.2020 03:45:06.020 GMT+0200,174.36599999999999,174.322,0.0181,0.0217
10.06.2020 03:45:06.141 GMT+0200,174.365,174.323,0.0181,0.0217
10.06.2020 03:45:11.641 GMT+0200,174.382,174.33900000000003,0.0181,0.0217
10.06.2020 03:45:21.087 GMT+0200,174.381,174.34,0.0181,0.0217
10.06.2020 03:45:33.581 GMT+0200,174.375,174.33900000000003,0.0181,0.0217
10.06.2020 03:45:35.650 GMT+0200,174.37900000000002,174.342,0.0181,0.0217
10.06.2020 03:45:36.037 GMT+0200,174.382,174.342,0.0181,0.0217
10.06.2020 03:45:37.798 GMT+0200,174.375,174.338,0.0181,0.0217
10.06.2020 03:45:40.311 GMT+0200,174.381,174.34099999999998,0.0181,0.0217
10.06.2020 03:45:44.473 GMT+0200,174.364,174.322,0.0181,0.0217
10.06.2020 03:45:44.601 GMT+0200,174.36599999999999,174.322,0.0181,0.0217
10.06.2020 03:45:52.661 GMT+0200,174.38,174.34,0.0181,0.0217
10.06.2020 03:45:52.915 GMT+0200,174.382,174.338,0.0181,0.0217
10.06.2020 03:45:54.511 GMT+0200,174.34400000000002,174.31400000000002,0.0181,0.0217
10.06.2020 03:45:54.656 GMT+0200,174.35,174.308,0.0181,0.0217
10.06.2020 03:45:55.858 GMT+0200,174.382,174.338,0.0181,0.0217
10.06.2020 03:45:56.218 GMT+0200,174.363,174.327,0.0181,0.0217
10.06.2020 03:45:56.572 GMT+0200,174.359,174.32500000000002,0.0181,0.0217
10.06.2020 03:45:57.568 GMT+0200,174.364,174.32500000000002,0.0181,0.0217
10.06.2020 03:45:58.994 GMT+0200,174.351,174.30900000000003,0.0181,0.0217
10.06.2020 03:46:02.025 GMT+0200,174.38,174.338,0.0181,0.0217
10.06.2020 03:46:02.133 GMT+0200,174.381,174.33900000000003,0.0181,0.0217
10.06.2020 03:46:02.391 GMT+0200,174.381,174.342,0.0181,0.0217
10.06.2020 03:46:04.592 GMT+0200,174.37900000000002,174.34,0.0181,0.0217
10.06.2020 03:46:41.273 GMT+0200,174.382,174.34099999999998,0.0181,0.0217
10.06.2020 03:46:41.478 GMT+0200,174.375,174.345,0.0181,0.0217
10.06.2020 03:46:59.284 GMT+0200,174.375,174.343,0.0181,0.0217
10.06.2020 03:47:00.758 GMT+0200,174.378,174.342,0.0181,0.0217
10.06.2020 03:48:05.238 GMT+0200,174.378,174.34099999999998,0.0181,0.0217
10.06.2020 03:48:05.288 GMT+0200,174.347,174.312,0.0181,0.0217
10.06.2020 03:48:05.778 GMT+0200,174.347,174.31,0.0181,0.0217
10.06.2020 03:48:06.793 GMT+0200,174.351,174.30900000000003,0.0181,0.0217
10.06.2020 03:48:07.267 GMT+0200,174.34599999999998,174.30700000000002,0.0181,0.0217
10.06.2020 03:48:08.275 GMT+0200,174.34400000000002,174.31099999999998,0.0181,0.0217
10.06.2020 03:48:12.254 GMT+0200,174.34599999999998,174.31099999999998,0.0181,0.0217
10.06.2020 03:48:13.541 GMT+0200,174.34599999999998,174.31400000000002,0.0181,0.0217
10.06.2020 03:48:14.796 GMT+0200,174.34799999999998,174.30900000000003,0.0181,0.0217
10.06.2020 03:48:19.513 GMT+0200,174.35,174.31400000000002,0.0181,0.0217
10.06.2020 03:48:23.938 GMT+0200,174.351,174.31400000000002,0.0181,0.0217
10.06.2020 03:48:30.159 GMT+0200,174.35,174.31400000000002,0.0181,0.0217
10.06.2020 03:48:36.472 GMT+0200,174.34400000000002,174.30900000000003,0.0181,0.0217
10.06.2020 03:48:52.041 GMT+0200,174.34799999999998,174.308,0.0181,0.0217
10.06.2020 03:48:52.178 GMT+0200,174.34799999999998,174.31099999999998,0.0181,0.0217
10.06.2020 03:49:55.088 GMT+0200,174.34599999999998,174.308,0.0181,0.0217
10.06.2020 03:50:00.354 GMT+0200,174.35,174.31,0.0181,0.0217
10.06.2020 03:50:00.470 GMT+0200,174.34799999999998,174.30700000000002,0.0181,0.0217
10.06.2020 03:50:01.444 GMT+0200,174.333,174.296,0.0181,0.0217
10.06.2020 03:50:02.824 GMT+0200,174.33400000000003,174.292,0.0181,0.0217
10.06.2020 03:50:03.064 GMT+0200,174.347,174.31099999999998,0.0181,0.0217
10.06.2020 03:50:08.742 GMT+0200,174.316,174.27599999999998,0.0181,0.0217
10.06.2020 03:50:08.860 GMT+0200,174.315,174.278,0.0181,0.0217
10.06.2020 03:50:10.598 GMT+0200,174.333,174.298,0.0181,0.0217
10.06.2020 03:50:11.102 GMT+0200,174.34799999999998,174.312,0.0181,0.0217
10.06.2020 03:50:11.624 GMT+0200,174.34599999999998,174.31099999999998,0.0181,0.0217
10.06.2020 03:50:11.675 GMT+0200,174.31900000000002,174.278,0.0181,0.0217
10.06.2020 03:50:11.998 GMT+0200,174.335,174.293,0.0181,0.0217
10.06.2020 03:50:14.063 GMT+0200,174.33,174.296,0.0181,0.0217
10.06.2020 03:50:14.428 GMT+0200,174.31900000000002,174.28,0.0181,0.0217
10.06.2020 03:50:18.094 GMT+0200,174.347,174.312,0.0181,0.0217
10.06.2020 03:50:18.289 GMT+0200,174.347,174.31400000000002,0.0181,0.0217
10.06.2020 03:50:18.606 GMT+0200,174.33400000000003,174.293,0.0181,0.0217
10.06.2020 03:50:18.721 GMT+0200,174.317,174.27599999999998,0.0181,0.0217
10.06.2020 03:50:19.112 GMT+0200,174.31900000000002,174.27700000000002,0.0181,0.0217
10.06.2020 03:50:25.000 GMT+0200,174.31400000000002,174.27700000000002,0.0181,0.0217
10.06.2020 03:50:26.556 GMT+0200,174.31400000000002,174.275,0.0181,0.0217
10.06.2020 03:50:28.483 GMT+0200,174.347,174.30900000000003,0.0181,0.0217
10.06.2020 03:50:28.678 GMT+0200,174.34599999999998,174.31400000000002,0.0181,0.0217
10.06.2020 03:50:56.919 GMT+0200,174.351,174.30700000000002,0.0181,0.0217
10.06.2020 03:50:58.775 GMT+0200,174.35,174.31099999999998,0.0181,0.0217
10.06.2020 03:50:59.065 GMT+0200,174.34599999999998,174.30900000000003,0.0181,0.0217
10.06.2020 03:51:03.305 GMT+0200,174.347,174.31099999999998,0.0181,0.0217
10.06.2020 03:51:06.617 GMT+0200,174.351,174.31400000000002,0.0181,0.0217
10.06.2020 03:51:10.046 GMT+0200,174.35,174.30700000000002,0.0181,0.0217
10.06.2020 03:51:18.342 GMT+0200,174.34400000000002,174.30700000000002,0.0181,0.0217
10.06.2020 03:51:20.380 GMT+0200,174.351,174.30900000000003,0.0181,0.0217
10.06.2020 03:51:20.629 GMT+0200,174.34599999999998,174.308,0.0181,0.0217
10.06.2020 03:51:36.487 GMT+0200,174.34900000000002,174.31400000000002,0.0181,0.0217
10.06.2020 03:51:50.097 GMT+0200,174.351,174.31099999999998,0.0181,0.0217
10.06.2020 03:52:21.851 GMT+0200,174.34799999999998,174.308,0.0181,0.0217
10.06.2020 03:52:24.540 GMT+0200,174.312,174.28,0.0181,0.0217
10.06.2020 03:52:24.590 GMT+0200,174.347,174.31400000000002,0.0181,0.0217
10.06.2020 03:52:24.777 GMT+0200,174.331,174.293,0.0181,0.0217
10.06.2020 03:52:24.951 GMT+0200,174.33400000000003,174.296,0.0181,0.0217
10.06.2020 03:52:28.091 GMT+0200,174.34400000000002,174.31099999999998,0.0181,0.0217
10.06.2020 03:52:28.277 GMT+0200,174.35,174.31,0.0181,0.0217
10.06.2020 03:52:35.195 GMT+0200,174.333,174.298,0.0181,0.0217
10.06.2020 03:52:36.725 GMT+0200,174.33,174.294,0.0181,0.0217
10.06.2020 03:52:38.716 GMT+0200,174.315,174.27599999999998,0.0181,0.0217
10.06.2020 03:52:38.817 GMT+0200,174.31400000000002,174.278,0.0181,0.0217
10.06.2020 03:52:38.867 GMT+0200,174.35,174.31,0.0181,0.0217
10.06.2020 03:52:39.900 GMT+0200,174.347,174.31,0.0181,0.0217
10.06.2020 03:52:47.816 GMT+0200,174.335,174.291,0.0181,0.0217
10.06.2020 03:52:52.457 GMT+0200,174.331,174.293,0.0181,0.0217
10.06.2020 03:52:52.742 GMT+0200,174.31799999999998,174.28,0.0181,0.0217
10.06.2020 03:52:52.977 GMT+0200,174.316,174.27700000000002,0.0181,0.0217
10.06.2020 03:52:53.226 GMT+0200,174.317,174.27700000000002,0.0181,0.0217
10.06.2020 03:53:25.219 GMT+0200,174.34400000000002,174.312,0.0181,0.0217
10.06.2020 03:53:25.332 GMT+0200,174.34599999999998,174.31,0.0181,0.0217
10.06.2020 03:53:25.575 GMT+0200,174.333,174.294,0.0181,0.0217
10.06.2020 03:53:33.099 GMT+0200,174.316,174.27900000000002,0.0181,0.0217
10.06.2020 03:53:33.316 GMT+0200,174.317,174.27700000000002,0.0181,0.0217
10.06.2020 03:53:37.690 GMT+0200,174.31900000000002,174.282,0.0181,0.0217
10.06.2020 03:54:03.411 GMT+0200,174.317,174.278,0.0181,0.0217
10.06.2020 03:54:04.376 GMT+0200,174.31799999999998,174.27599999999998,0.0181,0.0217
10.06.2020 03:55:20.935 GMT+0200,174.351,174.31099999999998,0.0181,0.0217
10.06.2020 03:55:21.076 GMT+0200,174.34599999999998,174.312,0.0181,0.0217
10.06.2020 03:55:27.700 GMT+0200,174.34900000000002,174.312,0.0181,0.0217
10.06.2020 03:55:43.979 GMT+0200,174.35,174.31,0.0181,0.0217
10.06.2020 03:56:02.614 GMT+0200,174.34799999999998,174.31,0.0181,0.0217
10.06.2020 03:56:23.036 GMT+0200,174.317,174.27599999999998,0.0181,0.0217
10.06.2020 03:56:23.139 GMT+0200,174.312,174.28,0.0181,0.0217
10.06.2020 03:57:00.700 GMT+0200,174.317,174.278,0.0181,0.0217
10.06.2020 03:57:04.357 GMT+0200,174.31799999999998,174.278,0.0181,0.0217
10.06.2020 03:57:07.767 GMT+0200,174.31799999999998,174.27700000000002,0.0181,0.0217
10.06.2020 03:57:08.579 GMT+0200,174.31799999999998,174.28,0.0181,0.0217
10.06.2020 03:57:09.690 GMT+0200,174.316,174.275,0.0181,0.0217
10.06.2020 03:57:09.907 GMT+0200,174.31900000000002,174.275,0.0181,0.0217
10.06.2020 03:58:08.013 GMT+0200,174.33,174.296,0.0181,0.0217
10.06.2020 03:58:08.974 GMT+0200,174.331,174.298,0.0181,0.0217
10.06.2020 03:58:12.344 GMT+0200,174.34900000000002,174.308,0.0181,0.0217
10.06.2020 03:58:12.444 GMT+0200,174.351,174.30900000000003,0.0181,0.0217
10.06.2020 03:58:12.655 GMT+0200,174.347,174.30700000000002,0.0181,0.0217
10.06.2020 04:00:00.737 GMT+0200,174.34799999999998,174.31,0.0181,0.0217
10.06.2020 04:00:05.178 GMT+0200,174.34799999999998,174.312,0.0181,0.0217
10.06.2020 04:00:17.121 GMT+0200,174.34400000000002,174.31,0.0181,0.0217
10.06.2020 04:01:39.981 GMT+0200,174.35,174.30700000000002,0.0181,0.0217
10.06.2020 04:02:03.876 GMT+0200,174.381,174.34099999999998,0.0181,0.0217
10.06.2020 04:02:04.011 GMT+0200,174.375,174.338,0.0181,0.0217
10.06.2020 04:02:04.158 GMT+0200,174.381,174.343,0.0181,0.0217
10.06.2020 04:02:47.113 GMT+0200,174.38,174.33900000000003,0.0181,0.0217
10.06.2020 04:03:07.187 GMT+0200,174.37900000000002,174.33900000000003,0.0181,0.0217
10.06.2020 04:03:22.133 GMT+0200,174.382,174.34099999999998,0.0181,0.0217
10.06.2020 04:03:54.633 GMT+0200,174.38,174.338,0.0181,0.0217
10.06.2020 04:04:25.279 GMT+0200,174.382,174.338,0.0181,0.0217
10.06.2020 04:04:53.511 GMT+0200,174.382,174.34,0.0181,0.0217
10.06.2020 04:05:17.117 GMT+0200,174.37900000000002,174.34,0.0181,0.0217
10.06.2020 04:05:17.751 GMT+0200,174.378,174.34099999999998,0.0181,0.0217
10.06.2020 04:05:24.273 GMT+0200,174.377,174.33900000000003,0.0181,0.0217
10.06.2020 04:05:24.765 GMT+0200,174.381,174.342,0.0181,0.0217
10.06.2020 04:05:25.769 GMT+0200,174.377,174.338,0.0181,0.0217
10.06.2020 04:05:33.253 GMT+0200,174.381,174.345,0.0181,0.0217
10.06.2020 04:05:33.755 GMT+0200,174.382,174.343,0.0181,0.0217
10.06.2020 04:05:35.481 GMT+0200,174.37900000000002,174.34099999999998,0.0181,0.0217
10.06.2020 04:06:21.677 GMT+0200,174.382,174.338,0.0181,0.0217
10.06.2020 04:06:28.445 GMT+0200,174.377,174.338,0.0181,0.0217
10.06.2020 04:06:33.996 GMT+0200,174.377,174.343,0.0181,0.0217
10.06.2020 04:07:10.821 GMT+0200,174.375,174.345,0.0181,0.0217
10.06.2020 04:07:12.909 GMT+0200,174.381,174.343,0.0181,0.0217
10.06.2020 04:07:21.703 GMT+0200,174.37900000000002,174.34099999999998,0.0181,0.0217
10.06.2020 04:07:23.176 GMT+0200,174.377,174.34,0.0181,0.0217
10.06.2020 04:07:27.178 GMT+0200,174.378,174.33900000000003,0.0181,0.0217
10.06.2020 04:07:31.157 GMT+0200,174.381,174.342,0.0181,0.0217
10.06.2020 04:08:02.848 GMT+0200,174.375,174.34099999999998,0.0181,0.0217
10.06.2020 04:08:04.117 GMT+0200,174.382,174.33900000000003,0.0181,0.0217
10.06.2020 04:08:25.052 GMT+0200,174.381,174.34099999999998,0.0181,0.0217
10.06.2020 04:08:25.557 GMT+0200,174.37900000000002,174.34099999999998,0.0181,0.0217
10.06.2020 04:08:33.081 GMT+0200,174.37900000000002,174.343,0.0181,0.0217
10.06.2020 04:08:40.152 GMT+0200,174.381,174.342,0.0181,0.0217
10.06.2020 04:08:42.913 GMT+0200,174.40599999999998,174.372,0.0181,0.0217
10.06.2020 04:08:43.018 GMT+0200,174.40900000000002,174.37599999999998,0.0181,0.0217
10.06.2020 04:08:44.153 GMT+0200,174.40599999999998,174.37599999999998,0.0181,0.0217
10.06.2020 04:09:10.341 GMT+0200,174.38,174.34,0.0181,0.0217
10.06.2020 04:09:10.482 GMT+0200,174.378,174.34,0.0181,0.0217
10.06.2020 04:09:16.793 GMT+0200,174.398,174.355,0.0181,0.0217
10.06.2020 04:09:16.986 GMT+0200,174.41,174.372,0.0181,0.0217
10.06.2020 04:09:28.924 GMT+0200,174.41299999999998,174.36900000000003,0.0181,0.0217
10.06.2020 04:09:29.073 GMT+0200,174.40599999999998,174.36900000000003,0.0181,0.0217
10.06.2020 04:09:29.924 GMT+0200,174.41299999999998,174.37099999999998,0.0181,0.0217
10.06.2020 04:11:38.995 GMT+0200,174.41,174.37599999999998,0.0181,0.0217
10.06.2020 04:11:58.127 GMT+0200,174.412,174.37099999999998,0.0181,0.0217
10.06.2020 04:12:11.119 GMT+0200,174.40599999999998,174.36900000000003,0.0181,0.0217
10.06.2020 04:12:26.136 GMT+0200,174.411,174.36900000000003,0.0181,0.0217
10.06.2020 04:12:35.933 GMT+0200,174.381,174.343,0.0181,0.0217
10.06.2020 04:12:36.020 GMT+0200,174.41,174.37099999999998,0.0181,0.0217
10.06.2020 04:12:36.139 GMT+0200,174.408,174.36900000000003,0.0181,0.0217
10.06.2020 04:12:37.094 GMT+0200,174.40900000000002,174.373,0.0181,0.0217
10.06.2020 04:12:40.083 GMT+0200,174.412,174.37099999999998,0.0181,0.0217
10.06.2020 04:12:59.393 GMT+0200,174.412,174.37,0.0181,0.0217
10.06.2020 04:13:02.801 GMT+0200,174.41,174.373,0.0181,0.0217
10.06.2020 04:13:05.132 GMT+0200,174.41299999999998,174.37,0.0181,0.0217
10.06.2020 04:13:15.594 GMT+0200,174.411,174.37599999999998,0.0181,0.0217
10.06.2020 04:13:18.415 GMT+0200,174.408,174.36900000000003,0.0181,0.0217
10.06.2020 04:13:20.700 GMT+0200,174.41299999999998,174.37599999999998,0.0181,0.0217
