Local time,Ask,Bid,AskVolume,BidVolume
29.04.2020 00:00:00.432 GMT+0200,181.877,181.84,0.0197,0.0203
29.04.2020 00:00:00.921 GMT+0200,181.859,181.82500000000002,0.0197,0.0203
29.04.2020 00:00:01.205 GMT+0200,181.83,181.792,0.0197,0.0203
29.04.2020 00:00:02.261 GMT+0200,181.86200000000002,181.82500000000002,0.0197,0.0203
29.04.2020 00:00:03.612 GMT+0200,181.878,181.843,0.0197,0.0203
29.04.2020 00:00:05.404 GMT+0200,181.912,181.87,0.0197,0.0203
29.04.2020 00:00:06.221 GMT+0200,181.893,181.858,0.0197,0.0203
29.04.2020 00:00:07.497 GMT+0200,181.91,181.87,0.0197,0.0203
29.04.2020 00:00:07.986 GMT+0200,181.877,181.84,0.0197,0.0203
29.04.2020 00:00:08.244 GMT+0200,181.89700000000002,181.854,0.0197,0.0203
29.04.2020 00:00:08.793 GMT+0200,181.90599999999998,181.87,0.0197,0.0203
29.04.2020 00:00:12.823 GMT+0200,181.881,181.84099999999998,0.0197,0.0203
29.04.2020 00:00:15.711 GMT+0200,181.861,181.824,0.0197,0.0203
29.04.2020 00:00:15.810 GMT+0200,181.878,181.83900000000003,0.0197,0.0203
29.04.2020 00:00:16.967 GMT+0200,181.86200000000002,181.826,0.0197,0.0203
29.04.2020 00:00:17.137 GMT+0200,181.877,181.842,0.0197,0.0203
29.04.2020 00:00:21.604 GMT+0200,181.877,181.843,0.0197,0.0203
29.04.2020 00:00:23.969 GMT+0200,181.90599999999998,181.87599999999998,0.0197,0.0203
29.04.2020 00:00:24.870 GMT+0200,181.891,181.854,0.0197,0.0203
29.04.2020 00:00:25.872 GMT+0200,181.90900000000002,181.87,0.0197,0.0203
29.04.2020 00:01:00.411 GMT+0200,181.891,181.854,0.0197,0.0203
29.04.2020 00:01:00.633 GMT+0200,181.908,181.87,0.0197,0.0203
29.04.2020 00:01:36.986 GMT+0200,181.937,181.907,0.0197,0.0203
29.04.2020 00:01:56.169 GMT+0200,181.924,181.885,0.0197,0.0203
29.04.2020 00:01:56.423 GMT+0200,181.908,181.87599999999998,0.0197,0.0203
29.04.2020 00:02:29.797 GMT+0200,181.94400000000002,181.907,0.0197,0.0203
29.04.2020 00:02:30.027 GMT+0200,181.91299999999998,181.86900000000003,0.0197,0.0203
29.04.2020 00:02:35.539 GMT+0200,181.92700000000002,181.889,0.0197,0.0203
29.04.2020 00:02:36.391 GMT+0200,181.94299999999998,181.90099999999998,0.0197,0.0203
29.04.2020 00:02:46.630 GMT+0200,181.972,181.937,0.0197,0.0203
29.04.2020 00:02:47.169 GMT+0200,181.953,181.918,0.0197,0.0203
29.04.2020 00:02:55.028 GMT+0200,181.941,181.90400000000002,0.0197,0.0203
29.04.2020 00:03:08.723 GMT+0200,181.96900000000002,181.93900000000002,0.0197,0.0203
29.04.2020 00:03:13.355 GMT+0200,181.95700000000002,181.92000000000002,0.0197,0.0203
29.04.2020 00:03:13.574 GMT+0200,181.942,181.907,0.0197,0.0203
29.04.2020 00:04:44.458 GMT+0200,181.92900000000003,181.888,0.0197,0.0203
29.04.2020 00:05:08.145 GMT+0200,181.93900000000002,181.90200000000002,0.0197,0.0203
29.04.2020 00:05:16.506 GMT+0200,181.926,181.886,0.0197,0.0203
29.04.2020 00:05:16.800 GMT+0200,181.937,181.90200000000002,0.0197,0.0203
29.04.2020 00:05:17.373 GMT+0200,181.922,181.888,0.0197,0.0203
29.04.2020 00:05:24.023 GMT+0200,181.91,181.87,0.0197,0.0203
29.04.2020 00:07:07.519 GMT+0200,181.898,181.856,0.0197,0.0203
29.04.2020 00:07:10.936 GMT+0200,181.911,181.87099999999998,0.0197,0.0203
29.04.2020 00:08:00.102 GMT+0200,181.877,181.84099999999998,0.0197,0.0203
29.04.2020 00:08:51.621 GMT+0200,181.912,181.87,0.0197,0.0203
29.04.2020 00:13:34.140 GMT+0200,181.94299999999998,181.907,0.0197,0.0203
29.04.2020 00:15:09.869 GMT+0200,181.975,181.933,0.0197,0.0203
29.04.2020 00:18:46.083 GMT+0200,182,181.97,0.0197,0.0203
29.04.2020 00:18:59.795 GMT+0200,181.97299999999998,181.935,0.0197,0.0203
29.04.2020 00:18:59.974 GMT+0200,181.97400000000002,181.933,0.0197,0.0203
29.04.2020 00:19:52.938 GMT+0200,182.00400000000002,181.97,0.0197,0.0203
29.04.2020 00:19:52.989 GMT+0200,181.96900000000002,181.935,0.0197,0.0203
29.04.2020 00:19:53.223 GMT+0200,181.99099999999999,181.948,0.0197,0.0203
29.04.2020 00:19:53.846 GMT+0200,182.007,181.963,0.0197,0.0203
29.04.2020 00:20:47.116 GMT+0200,181.97099999999998,181.935,0.0197,0.0203
29.04.2020 00:21:02.309 GMT+0200,182.006,181.963,0.0197,0.0203
29.04.2020 00:21:12.194 GMT+0200,181.975,181.93900000000002,0.0197,0.0203
29.04.2020 00:22:00.397 GMT+0200,181.98700000000002,181.948,0.0197,0.0203
29.04.2020 00:22:00.785 GMT+0200,182.006,181.968,0.0197,0.0203
29.04.2020 00:23:00.191 GMT+0200,181.989,181.947,0.0197,0.0203
29.04.2020 00:23:00.976 GMT+0200,181.96900000000002,181.93200000000002,0.0197,0.0203
29.04.2020 00:25:40.989 GMT+0200,181.95700000000002,181.916,0.0197,0.0203
29.04.2020 00:26:05.886 GMT+0200,181.975,181.937,0.0197,0.0203
29.04.2020 00:26:30.560 GMT+0200,181.955,181.923,0.0197,0.0203
29.04.2020 00:26:32.485 GMT+0200,181.972,181.93200000000002,0.0197,0.0203
29.04.2020 00:26:52.675 GMT+0200,181.958,181.92000000000002,0.0197,0.0203
29.04.2020 00:28:16.408 GMT+0200,181.972,181.933,0.0197,0.0203
29.04.2020 00:28:52.608 GMT+0200,181.95700000000002,181.919,0.0197,0.0203
29.04.2020 00:30:10.925 GMT+0200,181.96900000000002,181.93200000000002,0.0197,0.0203
29.04.2020 00:30:15.823 GMT+0200,181.955,181.917,0.0197,0.0203
29.04.2020 00:30:20.551 GMT+0200,181.94,181.907,0.0197,0.0203
29.04.2020 00:31:56.904 GMT+0200,181.94,181.90200000000002,0.0197,0.0203
29.04.2020 00:32:56.207 GMT+0200,181.972,181.935,0.0197,0.0203
29.04.2020 00:34:02.666 GMT+0200,181.94400000000002,181.905,0.0197,0.0203
29.04.2020 00:34:10.560 GMT+0200,181.972,181.93400000000003,0.0197,0.0203
29.04.2020 00:36:00.200 GMT+0200,181.942,181.903,0.0197,0.0203
29.04.2020 00:36:37.936 GMT+0200,181.95700000000002,181.919,0.0197,0.0203
29.04.2020 00:36:54.133 GMT+0200,181.986,181.948,0.0197,0.0203
29.04.2020 00:37:10.866 GMT+0200,181.975,181.93400000000003,0.0197,0.0203
29.04.2020 00:44:33.181 GMT+0200,182.00400000000002,181.965,0.0197,0.0203
29.04.2020 00:44:45.689 GMT+0200,181.97099999999998,181.93599999999998,0.0197,0.0203
29.04.2020 00:44:45.975 GMT+0200,181.988,181.949,0.0197,0.0203
29.04.2020 00:44:46.251 GMT+0200,181.96900000000002,181.93200000000002,0.0197,0.0203
29.04.2020 00:52:59.418 GMT+0200,181.986,181.952,0.0197,0.0203
29.04.2020 00:52:59.606 GMT+0200,181.97299999999998,181.93200000000002,0.0197,0.0203
29.04.2020 00:53:51.810 GMT+0200,182.007,181.97,0.0197,0.0203
29.04.2020 00:54:03.333 GMT+0200,181.99,181.95000000000002,0.0197,0.0203
29.04.2020 00:54:20.025 GMT+0200,182.002,181.965,0.0197,0.0203
29.04.2020 00:54:20.299 GMT+0200,181.98700000000002,181.949,0.0197,0.0203
29.04.2020 00:54:22.892 GMT+0200,182.006,181.963,0.0197,0.0203
29.04.2020 00:54:30.056 GMT+0200,181.984,181.95000000000002,0.0197,0.0203
29.04.2020 00:54:39.007 GMT+0200,182.00400000000002,181.967,0.0197,0.0203
29.04.2020 00:56:02.526 GMT+0200,181.984,181.948,0.0197,0.0203
29.04.2020 00:58:36.286 GMT+0200,181.972,181.933,0.0197,0.0203
29.04.2020 01:01:55.847 GMT+0200,181.989,181.951,0.0197,0.0203
29.04.2020 01:02:00.210 GMT+0200,181.976,181.93200000000002,0.0197,0.0203
29.04.2020 01:10:01.294 GMT+0200,182.00400000000002,181.963,0.0197,0.0203
29.04.2020 01:11:26.040 GMT+0200,181.976,181.933,0.0197,0.0203
29.04.2020 01:11:26.171 GMT+0200,181.99099999999999,181.95000000000002,0.0197,0.0203
29.04.2020 01:11:26.444 GMT+0200,181.97400000000002,181.93900000000002,0.0197,0.0203
29.04.2020 01:17:52.109 GMT+0200,181.95900000000003,181.916,0.0197,0.0203
29.04.2020 01:17:52.211 GMT+0200,181.975,181.93200000000002,0.0197,0.0203
29.04.2020 01:17:52.563 GMT+0200,181.956,181.92000000000002,0.0197,0.0203
29.04.2020 01:17:54.131 GMT+0200,181.942,181.903,0.0197,0.0203
29.04.2020 01:18:24.665 GMT+0200,181.96,181.919,0.0197,0.0203
29.04.2020 01:19:00.872 GMT+0200,181.97400000000002,181.93599999999998,0.0197,0.0203
29.04.2020 01:22:42.696 GMT+0200,182.005,181.97,0.0197,0.0203
29.04.2020 01:23:17.554 GMT+0200,182.006,181.96400000000003,0.0197,0.0203
29.04.2020 01:23:24.099 GMT+0200,182.006,181.968,0.0197,0.0203
29.04.2020 01:23:29.437 GMT+0200,181.97299999999998,181.935,0.0197,0.0203
29.04.2020 01:23:34.353 GMT+0200,181.989,181.949,0.0197,0.0203
29.04.2020 01:23:34.460 GMT+0200,182.006,181.97,0.0197,0.0203
29.04.2020 01:23:36.962 GMT+0200,181.98700000000002,181.95000000000002,0.0197,0.0203
29.04.2020 01:23:37.130 GMT+0200,181.96900000000002,181.937,0.0197,0.0203
29.04.2020 01:23:52.056 GMT+0200,181.989,181.954,0.0197,0.0203
29.04.2020 01:23:56.238 GMT+0200,181.97099999999998,181.93200000000002,0.0197,0.0203
29.04.2020 01:24:54.884 GMT+0200,181.975,181.93400000000003,0.0197,0.0203
29.04.2020 01:25:00.261 GMT+0200,181.97299999999998,181.93900000000002,0.0197,0.0203
29.04.2020 01:25:15.995 GMT+0200,181.975,181.93900000000002,0.0197,0.0203
29.04.2020 01:25:19.783 GMT+0200,182.006,181.963,0.0197,0.0203
29.04.2020 01:25:19.980 GMT+0200,181.99,181.947,0.0197,0.0203
29.04.2020 01:25:21.492 GMT+0200,181.97099999999998,181.935,0.0197,0.0203
29.04.2020 01:25:21.746 GMT+0200,181.975,181.933,0.0197,0.0203
29.04.2020 01:25:41.826 GMT+0200,182.005,181.967,0.0197,0.0203
29.04.2020 01:25:43.038 GMT+0200,181.988,181.947,0.0197,0.0203
29.04.2020 01:25:46.378 GMT+0200,182.003,181.96400000000003,0.0197,0.0203
29.04.2020 01:25:51.089 GMT+0200,181.98700000000002,181.951,0.0197,0.0203
29.04.2020 01:25:58.649 GMT+0200,181.984,181.948,0.0197,0.0203
29.04.2020 01:26:21.781 GMT+0200,181.989,181.95000000000002,0.0197,0.0203
29.04.2020 01:26:29.458 GMT+0200,182.002,181.963,0.0197,0.0203
29.04.2020 01:26:33.525 GMT+0200,181.972,181.93400000000003,0.0197,0.0203
29.04.2020 01:26:36.081 GMT+0200,181.99,181.948,0.0197,0.0203
29.04.2020 01:26:45.621 GMT+0200,182.005,181.965,0.0197,0.0203
29.04.2020 01:26:51.033 GMT+0200,181.97400000000002,181.935,0.0197,0.0203
29.04.2020 01:27:15.758 GMT+0200,181.96900000000002,181.93200000000002,0.0197,0.0203
29.04.2020 01:27:39.564 GMT+0200,182.007,181.96599999999998,0.0197,0.0203
29.04.2020 01:27:39.616 GMT+0200,181.97099999999998,181.933,0.0197,0.0203
29.04.2020 01:27:39.751 GMT+0200,181.976,181.937,0.0197,0.0203
29.04.2020 01:27:46.007 GMT+0200,181.975,181.93200000000002,0.0197,0.0203
29.04.2020 01:28:07.941 GMT+0200,181.94,181.905,0.0197,0.0203
29.04.2020 01:28:08.079 GMT+0200,181.93900000000002,181.903,0.0197,0.0203
29.04.2020 01:28:37.011 GMT+0200,181.953,181.921,0.0197,0.0203
29.04.2020 01:28:37.113 GMT+0200,181.93900000000002,181.907,0.0197,0.0203
29.04.2020 01:28:38.713 GMT+0200,181.96,181.92000000000002,0.0197,0.0203
29.04.2020 01:29:29.073 GMT+0200,181.97400000000002,181.93400000000003,0.0197,0.0203
29.04.2020 01:29:33.232 GMT+0200,181.96,181.921,0.0197,0.0203
29.04.2020 01:29:35.219 GMT+0200,181.937,181.90200000000002,0.0197,0.0203
29.04.2020 01:29:44.626 GMT+0200,181.956,181.923,0.0197,0.0203
29.04.2020 01:31:08.800 GMT+0200,181.972,181.933,0.0197,0.0203
29.04.2020 01:31:14.225 GMT+0200,181.941,181.903,0.0197,0.0203
29.04.2020 01:31:17.366 GMT+0200,181.955,181.921,0.0197,0.0203
29.04.2020 01:32:30.123 GMT+0200,181.97299999999998,181.93400000000003,0.0197,0.0203
29.04.2020 01:32:33.137 GMT+0200,181.958,181.919,0.0197,0.0203
29.04.2020 01:32:33.264 GMT+0200,181.94299999999998,181.905,0.0197,0.0203
29.04.2020 01:32:49.370 GMT+0200,181.958,181.919,0.0197,0.0203
29.04.2020 01:32:49.506 GMT+0200,181.972,181.93599999999998,0.0197,0.0203
29.04.2020 01:32:56.591 GMT+0200,181.976,181.93599999999998,0.0197,0.0203
29.04.2020 01:33:12.887 GMT+0200,181.955,181.916,0.0197,0.0203
29.04.2020 01:33:13.082 GMT+0200,181.955,181.921,0.0197,0.0203
29.04.2020 01:33:21.110 GMT+0200,181.975,181.935,0.0197,0.0203
29.04.2020 01:33:21.299 GMT+0200,181.96900000000002,181.933,0.0197,0.0203
29.04.2020 01:33:32.336 GMT+0200,181.94299999999998,181.90200000000002,0.0197,0.0203
29.04.2020 01:33:32.863 GMT+0200,181.95700000000002,181.921,0.0197,0.0203
29.04.2020 01:33:37.419 GMT+0200,181.958,181.919,0.0197,0.0203
29.04.2020 01:33:40.640 GMT+0200,181.937,181.90400000000002,0.0197,0.0203
29.04.2020 01:34:01.436 GMT+0200,181.953,181.92000000000002,0.0197,0.0203
29.04.2020 01:34:02.363 GMT+0200,181.941,181.905,0.0197,0.0203
29.04.2020 01:34:02.552 GMT+0200,181.937,181.90099999999998,0.0197,0.0203
29.04.2020 01:34:06.687 GMT+0200,181.96,181.918,0.0197,0.0203
29.04.2020 01:34:08.336 GMT+0200,181.956,181.916,0.0197,0.0203
29.04.2020 01:34:18.551 GMT+0200,181.96900000000002,181.93200000000002,0.0197,0.0203
29.04.2020 01:34:19.855 GMT+0200,181.95900000000003,181.921,0.0197,0.0203
29.04.2020 01:34:24.462 GMT+0200,181.93900000000002,181.90099999999998,0.0197,0.0203
29.04.2020 01:34:24.626 GMT+0200,181.94400000000002,181.90400000000002,0.0197,0.0203
29.04.2020 01:34:35.563 GMT+0200,181.94,181.90099999999998,0.0197,0.0203
29.04.2020 01:35:01.161 GMT+0200,181.92900000000003,181.889,0.0197,0.0203
29.04.2020 01:35:01.264 GMT+0200,181.912,181.87,0.0197,0.0203
29.04.2020 01:35:01.448 GMT+0200,181.928,181.889,0.0197,0.0203
29.04.2020 01:35:03.200 GMT+0200,181.91,181.87400000000002,0.0197,0.0203
29.04.2020 01:35:07.959 GMT+0200,181.92900000000003,181.889,0.0197,0.0203
29.04.2020 01:35:16.998 GMT+0200,181.911,181.87599999999998,0.0197,0.0203
29.04.2020 01:35:34.110 GMT+0200,181.928,181.888,0.0197,0.0203
29.04.2020 01:35:36.530 GMT+0200,181.926,181.886,0.0197,0.0203
29.04.2020 01:36:09.707 GMT+0200,181.90599999999998,181.873,0.0197,0.0203
29.04.2020 01:36:23.398 GMT+0200,181.925,181.887,0.0197,0.0203
29.04.2020 01:36:28.001 GMT+0200,181.937,181.90099999999998,0.0197,0.0203
29.04.2020 01:36:29.513 GMT+0200,181.90900000000002,181.87099999999998,0.0197,0.0203
29.04.2020 01:39:10.974 GMT+0200,181.92700000000002,181.887,0.0197,0.0203
29.04.2020 01:39:34.429 GMT+0200,181.91,181.87400000000002,0.0197,0.0203
29.04.2020 01:40:10.225 GMT+0200,181.924,181.885,0.0197,0.0203
29.04.2020 01:40:13.826 GMT+0200,181.908,181.86900000000003,0.0197,0.0203
29.04.2020 01:40:14.495 GMT+0200,181.926,181.89000000000001,0.0197,0.0203
29.04.2020 01:40:14.671 GMT+0200,181.941,181.90200000000002,0.0197,0.0203
29.04.2020 01:40:14.769 GMT+0200,181.91299999999998,181.87,0.0197,0.0203
29.04.2020 01:40:16.943 GMT+0200,181.925,181.885,0.0197,0.0203
29.04.2020 01:40:17.048 GMT+0200,181.90599999999998,181.87099999999998,0.0197,0.0203
29.04.2020 01:40:49.874 GMT+0200,181.896,181.858,0.0197,0.0203
29.04.2020 01:40:54.822 GMT+0200,181.882,181.843,0.0197,0.0203
29.04.2020 01:41:05.854 GMT+0200,181.911,181.873,0.0197,0.0203
29.04.2020 01:41:35.817 GMT+0200,181.898,181.858,0.0197,0.0203
29.04.2020 01:41:36.095 GMT+0200,181.908,181.873,0.0197,0.0203
29.04.2020 01:52:31.509 GMT+0200,181.875,181.843,0.0197,0.0203
29.04.2020 01:52:32.007 GMT+0200,181.882,181.83900000000003,0.0197,0.0203
29.04.2020 01:57:07.300 GMT+0200,181.895,181.857,0.0197,0.0203
29.04.2020 01:58:50.477 GMT+0200,181.87900000000002,181.83900000000003,0.0197,0.0203
29.04.2020 01:59:14.701 GMT+0200,181.896,181.858,0.0197,0.0203
29.04.2020 01:59:20.343 GMT+0200,181.911,181.87599999999998,0.0197,0.0203
29.04.2020 02:01:46.485 GMT+0200,181.891,181.859,0.0197,0.0203
29.04.2020 02:02:04.421 GMT+0200,181.877,181.842,0.0197,0.0203
29.04.2020 02:09:57.674 GMT+0200,181.90599999999998,181.87099999999998,0.0197,0.0203
29.04.2020 02:09:57.809 GMT+0200,181.91299999999998,181.873,0.0197,0.0203
29.04.2020 02:10:02.419 GMT+0200,181.895,181.856,0.0197,0.0203
29.04.2020 02:10:02.537 GMT+0200,181.875,181.843,0.0197,0.0203
29.04.2020 02:10:02.683 GMT+0200,181.87900000000002,181.84099999999998,0.0197,0.0203
29.04.2020 02:10:31.836 GMT+0200,181.895,181.856,0.0197,0.0203
29.04.2020 02:10:37.619 GMT+0200,181.891,181.861,0.0197,0.0203
29.04.2020 02:10:52.745 GMT+0200,181.891,181.856,0.0197,0.0203
29.04.2020 02:11:53.168 GMT+0200,181.881,181.84,0.0197,0.0203
29.04.2020 02:15:17.006 GMT+0200,181.85,181.81400000000002,0.0197,0.0203
29.04.2020 02:16:01.344 GMT+0200,181.882,181.838,0.0197,0.0203
29.04.2020 02:16:01.538 GMT+0200,181.864,181.82500000000002,0.0197,0.0203
29.04.2020 02:16:02.044 GMT+0200,181.875,181.838,0.0197,0.0203
29.04.2020 02:16:02.701 GMT+0200,181.864,181.823,0.0197,0.0203
29.04.2020 02:16:04.841 GMT+0200,181.881,181.84099999999998,0.0197,0.0203
29.04.2020 02:16:13.950 GMT+0200,181.86599999999999,181.824,0.0197,0.0203
29.04.2020 02:16:25.521 GMT+0200,181.85,181.81400000000002,0.0197,0.0203
29.04.2020 02:16:25.632 GMT+0200,181.861,181.826,0.0197,0.0203
29.04.2020 02:16:26.497 GMT+0200,181.878,181.838,0.0197,0.0203
29.04.2020 02:17:27.883 GMT+0200,181.864,181.829,0.0197,0.0203
29.04.2020 02:17:31.759 GMT+0200,181.847,181.812,0.0197,0.0203
29.04.2020 02:17:33.324 GMT+0200,181.863,181.823,0.0197,0.0203
29.04.2020 02:17:43.959 GMT+0200,181.88,181.838,0.0197,0.0203
29.04.2020 02:18:02.411 GMT+0200,181.864,181.827,0.0197,0.0203
29.04.2020 02:18:25.741 GMT+0200,181.877,181.84099999999998,0.0197,0.0203
29.04.2020 02:18:55.212 GMT+0200,181.851,181.81099999999998,0.0197,0.0203
29.04.2020 02:19:01.756 GMT+0200,181.864,181.826,0.0197,0.0203
29.04.2020 02:19:02.363 GMT+0200,181.881,181.843,0.0197,0.0203
29.04.2020 02:22:01.142 GMT+0200,181.861,181.823,0.0197,0.0203
29.04.2020 02:22:19.072 GMT+0200,181.84799999999998,181.81099999999998,0.0197,0.0203
29.04.2020 02:22:49.508 GMT+0200,181.865,181.829,0.0197,0.0203
29.04.2020 02:22:57.843 GMT+0200,181.847,181.808,0.0197,0.0203
29.04.2020 02:22:58.004 GMT+0200,181.851,181.80700000000002,0.0197,0.0203
29.04.2020 02:22:59.605 GMT+0200,181.87900000000002,181.84,0.0197,0.0203
29.04.2020 02:22:59.909 GMT+0200,181.859,181.826,0.0197,0.0203
29.04.2020 02:23:02.084 GMT+0200,181.865,181.823,0.0197,0.0203
29.04.2020 02:23:09.380 GMT+0200,181.863,181.826,0.0197,0.0203
29.04.2020 02:23:09.576 GMT+0200,181.84599999999998,181.81400000000002,0.0197,0.0203
29.04.2020 02:25:02.268 GMT+0200,181.86599999999999,181.823,0.0197,0.0203
29.04.2020 02:25:12.977 GMT+0200,181.88,181.84,0.0197,0.0203
29.04.2020 02:25:53.983 GMT+0200,181.84599999999998,181.80900000000003,0.0197,0.0203
29.04.2020 02:26:40.735 GMT+0200,181.859,181.824,0.0197,0.0203
29.04.2020 02:26:40.990 GMT+0200,181.877,181.838,0.0197,0.0203
29.04.2020 02:26:52.208 GMT+0200,181.864,181.829,0.0197,0.0203
29.04.2020 02:26:52.964 GMT+0200,181.881,181.838,0.0197,0.0203
29.04.2020 02:27:02.436 GMT+0200,181.861,181.826,0.0197,0.0203
29.04.2020 02:27:16.822 GMT+0200,181.88,181.843,0.0197,0.0203
29.04.2020 02:27:18.576 GMT+0200,181.86200000000002,181.827,0.0197,0.0203
29.04.2020 02:27:34.036 GMT+0200,181.88,181.843,0.0197,0.0203
29.04.2020 02:32:25.044 GMT+0200,181.881,181.83900000000003,0.0197,0.0203
29.04.2020 02:32:25.148 GMT+0200,181.882,181.845,0.0197,0.0203
29.04.2020 02:32:34.449 GMT+0200,181.877,181.83900000000003,0.0197,0.0203
29.04.2020 02:33:25.721 GMT+0200,181.861,181.827,0.0197,0.0203
29.04.2020 02:33:50.774 GMT+0200,181.875,181.843,0.0197,0.0203
29.04.2020 02:37:58.016 GMT+0200,181.864,181.82500000000002,0.0197,0.0203
29.04.2020 02:38:54.273 GMT+0200,181.878,181.84,0.0197,0.0203
29.04.2020 02:42:28.656 GMT+0200,181.861,181.826,0.0197,0.0203
29.04.2020 02:42:49.458 GMT+0200,181.87900000000002,181.838,0.0197,0.0203
29.04.2020 02:43:01.485 GMT+0200,181.86599999999999,181.826,0.0197,0.0203
29.04.2020 02:43:07.780 GMT+0200,181.875,181.838,0.0197,0.0203
29.04.2020 02:44:11.060 GMT+0200,181.84400000000002,181.81400000000002,0.0197,0.0203
29.04.2020 02:44:28.240 GMT+0200,181.877,181.83900000000003,0.0197,0.0203
29.04.2020 02:44:32.642 GMT+0200,181.865,181.823,0.0197,0.0203
29.04.2020 02:44:35.397 GMT+0200,181.882,181.84,0.0197,0.0203
29.04.2020 02:44:36.754 GMT+0200,181.859,181.822,0.0197,0.0203
29.04.2020 02:44:46.353 GMT+0200,181.881,181.842,0.0197,0.0203
29.04.2020 02:44:55.423 GMT+0200,181.865,181.824,0.0197,0.0203
29.04.2020 02:45:00.116 GMT+0200,181.875,181.843,0.0197,0.0203
29.04.2020 02:47:59.644 GMT+0200,181.88,181.83900000000003,0.0197,0.0203
29.04.2020 02:48:00.009 GMT+0200,181.863,181.82500000000002,0.0197,0.0203
29.04.2020 02:48:00.147 GMT+0200,181.863,181.827,0.0197,0.0203
29.04.2020 02:48:01.151 GMT+0200,181.84400000000002,181.81,0.0197,0.0203
29.04.2020 02:48:01.256 GMT+0200,181.84400000000002,181.80700000000002,0.0197,0.0203
29.04.2020 02:48:09.981 GMT+0200,181.86200000000002,181.823,0.0197,0.0203
29.04.2020 02:48:12.489 GMT+0200,181.861,181.826,0.0197,0.0203
29.04.2020 02:48:13.476 GMT+0200,181.86200000000002,181.826,0.0197,0.0203
29.04.2020 02:48:17.368 GMT+0200,181.863,181.82500000000002,0.0197,0.0203
29.04.2020 02:48:28.248 GMT+0200,181.864,181.823,0.0197,0.0203
29.04.2020 02:48:44.191 GMT+0200,181.859,181.827,0.0197,0.0203
29.04.2020 02:48:46.909 GMT+0200,181.861,181.82500000000002,0.0197,0.0203
29.04.2020 02:48:48.438 GMT+0200,181.881,181.843,0.0197,0.0203
29.04.2020 02:48:49.574 GMT+0200,181.859,181.822,0.0197,0.0203
29.04.2020 02:49:04.881 GMT+0200,181.85,181.808,0.0197,0.0203
29.04.2020 02:49:14.467 GMT+0200,181.86200000000002,181.82500000000002,0.0197,0.0203
29.04.2020 02:49:15.779 GMT+0200,181.859,181.823,0.0197,0.0203
29.04.2020 02:49:19.288 GMT+0200,181.875,181.842,0.0197,0.0203
29.04.2020 02:49:21.974 GMT+0200,181.863,181.827,0.0197,0.0203
29.04.2020 02:49:22.101 GMT+0200,181.851,181.81400000000002,0.0197,0.0203
29.04.2020 02:49:28.908 GMT+0200,181.87900000000002,181.83900000000003,0.0197,0.0203
29.04.2020 02:50:12.108 GMT+0200,181.864,181.823,0.0197,0.0203
29.04.2020 02:50:12.210 GMT+0200,181.84799999999998,181.80700000000002,0.0197,0.0203
29.04.2020 03:00:17.682 GMT+0200,181.83200000000002,181.791,0.0197,0.0203
29.04.2020 03:00:37.419 GMT+0200,181.847,181.80700000000002,0.0197,0.0203
29.04.2020 03:01:06.633 GMT+0200,181.835,181.79500000000002,0.0197,0.0203
29.04.2020 03:01:51.475 GMT+0200,181.81900000000002,181.77900000000002,0.0197,0.0203
29.04.2020 03:01:55.232 GMT+0200,181.828,181.794,0.0197,0.0203
29.04.2020 03:03:29.161 GMT+0200,181.81799999999998,181.782,0.0197,0.0203
29.04.2020 03:06:43.096 GMT+0200,181.80400000000003,181.76,0.0197,0.0203
29.04.2020 03:06:43.200 GMT+0200,181.81799999999998,181.77599999999998,0.0197,0.0203
29.04.2020 03:06:43.631 GMT+0200,181.815,181.77599999999998,0.0197,0.0203
29.04.2020 03:09:22.384 GMT+0200,181.78400000000002,181.745,0.0197,0.0203
29.04.2020 03:09:22.490 GMT+0200,181.783,181.74900000000002,0.0197,0.0203
29.04.2020 03:09:28.917 GMT+0200,181.80400000000003,181.762,0.0197,0.0203
29.04.2020 03:09:30.706 GMT+0200,181.78799999999998,181.748,0.0197,0.0203
29.04.2020 03:09:31.417 GMT+0200,181.816,181.78,0.0197,0.0203
29.04.2020 03:09:31.707 GMT+0200,181.815,181.78,0.0197,0.0203
29.04.2020 03:09:38.026 GMT+0200,181.80400000000003,181.763,0.0197,0.0203
29.04.2020 03:09:38.177 GMT+0200,181.81400000000002,181.782,0.0197,0.0203
29.04.2020 03:09:38.324 GMT+0200,181.81400000000002,181.77599999999998,0.0197,0.0203
29.04.2020 03:10:34.239 GMT+0200,181.799,181.76700000000002,0.0197,0.0203
29.04.2020 03:10:35.316 GMT+0200,181.80400000000003,181.76500000000001,0.0197,0.0203
29.04.2020 03:10:37.892 GMT+0200,181.797,181.762,0.0197,0.0203
29.04.2020 03:10:39.427 GMT+0200,181.786,181.74400000000003,0.0197,0.0203
29.04.2020 03:10:39.680 GMT+0200,181.78799999999998,181.74599999999998,0.0197,0.0203
29.04.2020 03:11:00.504 GMT+0200,181.78099999999998,181.748,0.0197,0.0203
29.04.2020 03:12:13.154 GMT+0200,181.785,181.748,0.0197,0.0203
29.04.2020 03:12:17.543 GMT+0200,181.786,181.74400000000003,0.0197,0.0203
29.04.2020 03:12:21.466 GMT+0200,181.78799999999998,181.75099999999998,0.0197,0.0203
29.04.2020 03:12:32.636 GMT+0200,181.785,181.745,0.0197,0.0203
29.04.2020 03:12:41.591 GMT+0200,181.787,181.74400000000003,0.0197,0.0203
29.04.2020 03:12:44.522 GMT+0200,181.78799999999998,181.75099999999998,0.0197,0.0203
29.04.2020 03:13:26.941 GMT+0200,181.81799999999998,181.78,0.0197,0.0203
29.04.2020 03:14:17.793 GMT+0200,181.799,181.76500000000001,0.0197,0.0203
29.04.2020 03:14:17.974 GMT+0200,181.803,181.764,0.0197,0.0203
29.04.2020 03:14:18.137 GMT+0200,181.78099999999998,181.745,0.0197,0.0203
29.04.2020 03:14:26.470 GMT+0200,181.799,181.761,0.0197,0.0203
29.04.2020 03:14:46.148 GMT+0200,181.78799999999998,181.75099999999998,0.0197,0.0203
29.04.2020 03:14:52.416 GMT+0200,181.785,181.75099999999998,0.0197,0.0203
29.04.2020 03:14:52.473 GMT+0200,181.817,181.78,0.0197,0.0203
29.04.2020 03:14:52.589 GMT+0200,181.816,181.78,0.0197,0.0203
29.04.2020 03:15:02.369 GMT+0200,181.799,181.76,0.0197,0.0203
29.04.2020 03:15:02.475 GMT+0200,181.803,181.763,0.0197,0.0203
29.04.2020 03:15:03.870 GMT+0200,181.817,181.77599999999998,0.0197,0.0203
29.04.2020 03:15:11.694 GMT+0200,181.797,181.76500000000001,0.0197,0.0203
29.04.2020 03:15:11.795 GMT+0200,181.80200000000002,181.76,0.0197,0.0203
29.04.2020 03:15:12.958 GMT+0200,181.815,181.78,0.0197,0.0203
29.04.2020 03:15:13.835 GMT+0200,181.815,181.77599999999998,0.0197,0.0203
29.04.2020 03:16:36.747 GMT+0200,181.801,181.763,0.0197,0.0203
29.04.2020 03:16:37.890 GMT+0200,181.80400000000003,181.76,0.0197,0.0203
29.04.2020 03:17:29.789 GMT+0200,181.78799999999998,181.745,0.0197,0.0203
29.04.2020 03:17:30.282 GMT+0200,181.78400000000002,181.745,0.0197,0.0203
29.04.2020 03:18:00.196 GMT+0200,181.78799999999998,181.75099999999998,0.0197,0.0203
29.04.2020 03:18:01.799 GMT+0200,181.786,181.74400000000003,0.0197,0.0203
29.04.2020 03:22:10.044 GMT+0200,181.78799999999998,181.747,0.0197,0.0203
29.04.2020 03:22:10.826 GMT+0200,181.77200000000002,181.733,0.0197,0.0203
29.04.2020 03:22:11.154 GMT+0200,181.753,181.713,0.0197,0.0203
29.04.2020 03:22:27.835 GMT+0200,181.752,181.71599999999998,0.0197,0.0203
29.04.2020 03:29:11.139 GMT+0200,181.75,181.718,0.0197,0.0203
29.04.2020 03:29:25.556 GMT+0200,181.756,181.715,0.0197,0.0203
29.04.2020 03:45:01.624 GMT+0200,181.75400000000002,181.71599999999998,0.0197,0.0203
29.04.2020 03:48:00.521 GMT+0200,181.786,181.748,0.0197,0.0203
29.04.2020 03:48:01.179 GMT+0200,181.78400000000002,181.745,0.0197,0.0203
29.04.2020 03:48:10.496 GMT+0200,181.817,181.778,0.0197,0.0203
29.04.2020 03:48:19.586 GMT+0200,181.85,181.808,0.0197,0.0203
29.04.2020 03:48:19.723 GMT+0200,181.84900000000002,181.80700000000002,0.0197,0.0203
29.04.2020 03:48:30.926 GMT+0200,181.84400000000002,181.80900000000003,0.0197,0.0203
29.04.2020 03:48:31.059 GMT+0200,181.84799999999998,181.81099999999998,0.0197,0.0203
29.04.2020 03:48:57.520 GMT+0200,181.81799999999998,181.78,0.0197,0.0203
29.04.2020 03:48:57.623 GMT+0200,181.81400000000002,181.78,0.0197,0.0203
29.04.2020 03:48:58.283 GMT+0200,181.815,181.782,0.0197,0.0203
29.04.2020 03:48:59.036 GMT+0200,181.815,181.78,0.0197,0.0203
29.04.2020 03:49:02.152 GMT+0200,181.81799999999998,181.77900000000002,0.0197,0.0203
29.04.2020 03:49:10.647 GMT+0200,181.801,181.76,0.0197,0.0203
29.04.2020 03:49:12.466 GMT+0200,181.78099999999998,181.74400000000003,0.0197,0.0203
29.04.2020 03:49:12.892 GMT+0200,181.81900000000002,181.775,0.0197,0.0203
29.04.2020 03:49:30.126 GMT+0200,181.815,181.77700000000002,0.0197,0.0203
29.04.2020 03:51:07.276 GMT+0200,181.81400000000002,181.775,0.0197,0.0203
29.04.2020 03:51:27.527 GMT+0200,181.81799999999998,181.778,0.0197,0.0203
29.04.2020 03:52:38.068 GMT+0200,181.803,181.76700000000002,0.0197,0.0203
29.04.2020 03:52:38.829 GMT+0200,181.799,181.76500000000001,0.0197,0.0203
29.04.2020 03:53:10.506 GMT+0200,181.78400000000002,181.74900000000002,0.0197,0.0203
29.04.2020 03:57:55.018 GMT+0200,181.81400000000002,181.77900000000002,0.0197,0.0203
29.04.2020 03:57:55.244 GMT+0200,181.81900000000002,181.782,0.0197,0.0203
29.04.2020 03:59:22.626 GMT+0200,181.847,181.812,0.0197,0.0203
29.04.2020 03:59:35.142 GMT+0200,181.817,181.78,0.0197,0.0203
29.04.2020 03:59:35.317 GMT+0200,181.81900000000002,181.775,0.0197,0.0203
29.04.2020 03:59:37.669 GMT+0200,181.828,181.794,0.0197,0.0203
29.04.2020 03:59:37.827 GMT+0200,181.84400000000002,181.80700000000002,0.0197,0.0203
29.04.2020 04:00:00.486 GMT+0200,181.828,181.796,0.0197,0.0203
29.04.2020 04:00:01.979 GMT+0200,181.847,181.812,0.0197,0.0203
29.04.2020 04:00:08.623 GMT+0200,181.83200000000002,181.792,0.0197,0.0203
29.04.2020 04:00:33.906 GMT+0200,181.817,181.78,0.0197,0.0203
29.04.2020 04:00:34.581 GMT+0200,181.84900000000002,181.80700000000002,0.0197,0.0203
29.04.2020 04:00:34.871 GMT+0200,181.835,181.793,0.0197,0.0203
29.04.2020 04:00:36.505 GMT+0200,181.83400000000003,181.791,0.0197,0.0203
29.04.2020 04:00:47.870 GMT+0200,181.816,181.775,0.0197,0.0203
29.04.2020 04:00:48.102 GMT+0200,181.812,181.77900000000002,0.0197,0.0203
29.04.2020 04:00:55.952 GMT+0200,181.85,181.80700000000002,0.0197,0.0203
29.04.2020 04:00:56.465 GMT+0200,181.83400000000003,181.79500000000002,0.0197,0.0203
29.04.2020 04:00:57.782 GMT+0200,181.835,181.792,0.0197,0.0203
29.04.2020 04:01:02.681 GMT+0200,181.815,181.77700000000002,0.0197,0.0203
29.04.2020 04:01:02.788 GMT+0200,181.817,181.782,0.0197,0.0203
29.04.2020 04:02:49.283 GMT+0200,181.817,181.782,0.0197,0.0203
29.04.2020 04:03:02.650 GMT+0200,181.8,181.76500000000001,0.0197,0.0203
29.04.2020 04:03:07.137 GMT+0200,181.81900000000002,181.778,0.0197,0.0203
29.04.2020 04:03:07.240 GMT+0200,181.80200000000002,181.76500000000001,0.0197,0.0203
29.04.2020 04:03:09.050 GMT+0200,181.785,181.74900000000002,0.0197,0.0203
29.04.2020 04:03:10.207 GMT+0200,181.80400000000003,181.76700000000002,0.0197,0.0203
29.04.2020 04:03:11.563 GMT+0200,181.799,181.761,0.0197,0.0203
29.04.2020 04:03:17.352 GMT+0200,181.815,181.778,0.0197,0.0203
29.04.2020 04:04:03.889 GMT+0200,181.815,181.78,0.0197,0.0203
29.04.2020 04:04:47.199 GMT+0200,181.817,181.782,0.0197,0.0203
29.04.2020 04:05:00.789 GMT+0200,181.81400000000002,181.775,0.0197,0.0203
29.04.2020 04:05:09.292 GMT+0200,181.812,181.77599999999998,0.0197,0.0203
29.04.2020 04:05:10.005 GMT+0200,181.81400000000002,181.77900000000002,0.0197,0.0203
29.04.2020 04:05:21.570 GMT+0200,181.81799999999998,181.77599999999998,0.0197,0.0203
29.04.2020 04:05:37.264 GMT+0200,181.816,181.77700000000002,0.0197,0.0203
29.04.2020 04:05:41.819 GMT+0200,181.812,181.77599999999998,0.0197,0.0203
29.04.2020 04:05:50.289 GMT+0200,181.817,181.782,0.0197,0.0203
29.04.2020 04:06:00.146 GMT+0200,181.817,181.778,0.0197,0.0203
29.04.2020 04:06:08.314 GMT+0200,181.78400000000002,181.74400000000003,0.0197,0.0203
29.04.2020 04:06:08.442 GMT+0200,181.797,181.76500000000001,0.0197,0.0203
29.04.2020 04:06:08.568 GMT+0200,181.783,181.74599999999998,0.0197,0.0203
29.04.2020 04:06:11.424 GMT+0200,181.81799999999998,181.77700000000002,0.0197,0.0203
29.04.2020 04:06:11.870 GMT+0200,181.816,181.775,0.0197,0.0203
29.04.2020 04:06:30.473 GMT+0200,181.787,181.745,0.0197,0.0203
29.04.2020 04:06:30.641 GMT+0200,181.78799999999998,181.74400000000003,0.0197,0.0203
29.04.2020 04:11:40.276 GMT+0200,181.816,181.77900000000002,0.0197,0.0203
29.04.2020 04:11:40.383 GMT+0200,181.815,181.778,0.0197,0.0203
29.04.2020 04:11:40.566 GMT+0200,181.817,181.77700000000002,0.0197,0.0203
29.04.2020 04:11:41.628 GMT+0200,181.816,181.782,0.0197,0.0203
29.04.2020 04:12:09.861 GMT+0200,181.815,181.778,0.0197,0.0203
29.04.2020 04:12:12.335 GMT+0200,181.817,181.775,0.0197,0.0203
29.04.2020 04:12:23.969 GMT+0200,181.84900000000002,181.812,0.0197,0.0203
29.04.2020 04:13:00.872 GMT+0200,181.833,181.79500000000002,0.0197,0.0203
29.04.2020 04:13:02.226 GMT+0200,181.83,181.796,0.0197,0.0203
29.04.2020 04:13:56.110 GMT+0200,181.847,181.81400000000002,0.0197,0.0203
29.04.2020 04:13:58.442 GMT+0200,181.83,181.794,0.0197,0.0203
29.04.2020 04:14:00.077 GMT+0200,181.828,181.792,0.0197,0.0203
29.04.2020 04:14:06.076 GMT+0200,181.815,181.775,0.0197,0.0203
29.04.2020 04:14:06.181 GMT+0200,181.816,181.77599999999998,0.0197,0.0203
29.04.2020 04:14:06.503 GMT+0200,181.815,181.775,0.0197,0.0203
29.04.2020 04:14:22.898 GMT+0200,181.83400000000003,181.791,0.0197,0.0203
29.04.2020 04:14:23.386 GMT+0200,181.833,181.79500000000002,0.0197,0.0203
29.04.2020 04:14:41.326 GMT+0200,181.817,181.782,0.0197,0.0203
29.04.2020 04:14:41.468 GMT+0200,181.831,181.791,0.0197,0.0203
29.04.2020 04:14:47.666 GMT+0200,181.815,181.782,0.0197,0.0203
29.04.2020 04:15:02.613 GMT+0200,181.816,181.77900000000002,0.0197,0.0203
29.04.2020 04:15:27.815 GMT+0200,181.81900000000002,181.782,0.0197,0.0203
29.04.2020 04:15:55.843 GMT+0200,181.81400000000002,181.78,0.0197,0.0203
29.04.2020 04:16:30.362 GMT+0200,181.81400000000002,181.77599999999998,0.0197,0.0203
29.04.2020 04:16:32.486 GMT+0200,181.812,181.775,0.0197,0.0203
29.04.2020 04:22:43.565 GMT+0200,181.786,181.74400000000003,0.0197,0.0203
29.04.2020 04:22:43.963 GMT+0200,181.80400000000003,181.76500000000001,0.0197,0.0203
29.04.2020 04:22:44.250 GMT+0200,181.786,181.74400000000003,0.0197,0.0203
29.04.2020 04:23:21.354 GMT+0200,181.803,181.764,0.0197,0.0203
29.04.2020 04:23:22.904 GMT+0200,181.812,181.775,0.0197,0.0203
29.04.2020 04:23:26.292 GMT+0200,181.80400000000003,181.76500000000001,0.0197,0.0203
29.04.2020 04:23:27.263 GMT+0200,181.816,181.77599999999998,0.0197,0.0203
29.04.2020 04:28:48.460 GMT+0200,181.8,181.764,0.0197,0.0203
29.04.2020 04:28:50.140 GMT+0200,181.783,181.747,0.0197,0.0203
29.04.2020 04:28:52.030 GMT+0200,181.816,181.778,0.0197,0.0203
29.04.2020 04:28:52.446 GMT+0200,181.803,181.76500000000001,0.0197,0.0203
29.04.2020 04:29:17.531 GMT+0200,181.78799999999998,181.748,0.0197,0.0203
29.04.2020 04:34:10.235 GMT+0200,181.755,181.718,0.0197,0.0203
29.04.2020 04:34:10.742 GMT+0200,181.769,181.736,0.0197,0.0203
29.04.2020 04:34:13.383 GMT+0200,181.787,181.75099999999998,0.0197,0.0203
29.04.2020 04:34:13.543 GMT+0200,181.78799999999998,181.747,0.0197,0.0203
29.04.2020 04:35:02.751 GMT+0200,181.771,181.729,0.0197,0.0203
29.04.2020 04:35:04.242 GMT+0200,181.768,181.734,0.0197,0.0203
29.04.2020 04:35:15.461 GMT+0200,181.785,181.748,0.0197,0.0203
29.04.2020 04:41:02.158 GMT+0200,181.81900000000002,181.77700000000002,0.0197,0.0203
29.04.2020 04:41:02.260 GMT+0200,181.81799999999998,181.77700000000002,0.0197,0.0203
29.04.2020 04:49:43.234 GMT+0200,181.83200000000002,181.79500000000002,0.0197,0.0203
29.04.2020 04:49:43.509 GMT+0200,181.84799999999998,181.812,0.0197,0.0203
29.04.2020 04:49:43.921 GMT+0200,181.81400000000002,181.77599999999998,0.0197,0.0203
29.04.2020 04:49:57.816 GMT+0200,181.828,181.79500000000002,0.0197,0.0203
29.04.2020 04:49:59.226 GMT+0200,181.85,181.808,0.0197,0.0203
29.04.2020 04:50:00.191 GMT+0200,181.85,181.812,0.0197,0.0203
29.04.2020 04:50:00.646 GMT+0200,181.847,181.812,0.0197,0.0203
29.04.2020 04:50:01.657 GMT+0200,181.85,181.80900000000003,0.0197,0.0203
29.04.2020 04:50:02.212 GMT+0200,181.847,181.81400000000002,0.0197,0.0203
29.04.2020 04:50:08.168 GMT+0200,181.84799999999998,181.81400000000002,0.0197,0.0203
29.04.2020 04:50:16.145 GMT+0200,181.833,181.796,0.0197,0.0203
29.04.2020 04:50:16.630 GMT+0200,181.828,181.79500000000002,0.0197,0.0203
29.04.2020 04:50:16.993 GMT+0200,181.851,181.81,0.0197,0.0203
29.04.2020 04:50:19.241 GMT+0200,181.84400000000002,181.808,0.0197,0.0203
29.04.2020 04:50:20.768 GMT+0200,181.831,181.79500000000002,0.0197,0.0203
29.04.2020 04:50:33.206 GMT+0200,181.815,181.77700000000002,0.0197,0.0203
29.04.2020 04:50:33.952 GMT+0200,181.817,181.77700000000002,0.0197,0.0203
29.04.2020 04:52:35.665 GMT+0200,181.84799999999998,181.81400000000002,0.0197,0.0203
29.04.2020 04:53:16.836 GMT+0200,181.81799999999998,181.782,0.0197,0.0203
29.04.2020 04:58:06.732 GMT+0200,181.816,181.78,0.0197,0.0203
29.04.2020 04:58:31.745 GMT+0200,181.8,181.76700000000002,0.0197,0.0203
29.04.2020 04:58:55.619 GMT+0200,181.785,181.74400000000003,0.0197,0.0203
29.04.2020 04:58:59.264 GMT+0200,181.799,181.761,0.0197,0.0203
29.04.2020 04:59:59.237 GMT+0200,181.816,181.78,0.0197,0.0203
29.04.2020 05:00:00.296 GMT+0200,181.80200000000002,181.76700000000002,0.0197,0.0203
29.04.2020 05:00:04.310 GMT+0200,181.78099999999998,181.75099999999998,0.0197,0.0203
29.04.2020 05:00:11.539 GMT+0200,181.812,181.775,0.0197,0.0203
29.04.2020 05:00:11.688 GMT+0200,181.787,181.74400000000003,0.0197,0.0203
29.04.2020 05:00:14.946 GMT+0200,181.81400000000002,181.78,0.0197,0.0203
29.04.2020 05:00:15.627 GMT+0200,181.80400000000003,181.762,0.0197,0.0203
29.04.2020 05:00:21.819 GMT+0200,181.81400000000002,181.77700000000002,0.0197,0.0203
29.04.2020 05:06:10.477 GMT+0200,181.84400000000002,181.80900000000003,0.0197,0.0203
29.04.2020 05:10:18.102 GMT+0200,181.812,181.77700000000002,0.0197,0.0203
29.04.2020 05:10:18.238 GMT+0200,181.835,181.798,0.0197,0.0203
29.04.2020 05:10:18.404 GMT+0200,181.83200000000002,181.791,0.0197,0.0203
29.04.2020 05:10:19.655 GMT+0200,181.815,181.78,0.0197,0.0203
29.04.2020 05:10:25.487 GMT+0200,181.831,181.798,0.0197,0.0203
29.04.2020 05:10:27.240 GMT+0200,181.835,181.794,0.0197,0.0203
29.04.2020 05:10:54.286 GMT+0200,181.84799999999998,181.808,0.0197,0.0203
29.04.2020 05:11:17.023 GMT+0200,181.83200000000002,181.79500000000002,0.0197,0.0203
29.04.2020 05:11:18.538 GMT+0200,181.83200000000002,181.796,0.0197,0.0203
29.04.2020 05:11:19.106 GMT+0200,181.84900000000002,181.80700000000002,0.0197,0.0203
29.04.2020 05:11:19.832 GMT+0200,181.851,181.808,0.0197,0.0203
29.04.2020 05:16:19.374 GMT+0200,181.84599999999998,181.81400000000002,0.0197,0.0203
29.04.2020 05:17:40.048 GMT+0200,181.85,181.81400000000002,0.0197,0.0203
29.04.2020 05:17:44.531 GMT+0200,181.847,181.81400000000002,0.0197,0.0203
29.04.2020 05:18:47.985 GMT+0200,181.859,181.82500000000002,0.0197,0.0203
29.04.2020 05:18:52.808 GMT+0200,181.861,181.822,0.0197,0.0203
29.04.2020 05:19:36.046 GMT+0200,181.851,181.80700000000002,0.0197,0.0203
29.04.2020 05:20:03.860 GMT+0200,181.84799999999998,181.80900000000003,0.0197,0.0203
29.04.2020 05:20:35.111 GMT+0200,181.84599999999998,181.81400000000002,0.0197,0.0203
29.04.2020 05:20:59.511 GMT+0200,181.84799999999998,181.81400000000002,0.0197,0.0203
29.04.2020 05:21:00.078 GMT+0200,181.84400000000002,181.81099999999998,0.0197,0.0203
29.04.2020 05:22:56.880 GMT+0200,181.851,181.81099999999998,0.0197,0.0203
29.04.2020 05:23:00.284 GMT+0200,181.84400000000002,181.812,0.0197,0.0203
29.04.2020 05:23:01.225 GMT+0200,181.84400000000002,181.808,0.0197,0.0203
29.04.2020 05:23:05.474 GMT+0200,181.81900000000002,181.775,0.0197,0.0203
29.04.2020 05:23:05.640 GMT+0200,181.81900000000002,181.782,0.0197,0.0203
29.04.2020 05:26:34.428 GMT+0200,181.847,181.80900000000003,0.0197,0.0203
29.04.2020 05:28:14.484 GMT+0200,181.815,181.77900000000002,0.0197,0.0203
29.04.2020 05:28:26.942 GMT+0200,181.828,181.791,0.0197,0.0203
29.04.2020 05:28:28.872 GMT+0200,181.831,181.793,0.0197,0.0203
29.04.2020 05:28:30.730 GMT+0200,181.85,181.812,0.0197,0.0203
29.04.2020 05:28:38.742 GMT+0200,181.81799999999998,181.78,0.0197,0.0203
29.04.2020 05:28:39.141 GMT+0200,181.817,181.77900000000002,0.0197,0.0203
29.04.2020 06:00:41.297 GMT+0200,181.81900000000002,181.77599999999998,0.0197,0.0203
29.04.2020 06:00:41.709 GMT+0200,181.816,181.77599999999998,0.0197,0.0203
29.04.2020 06:05:04.870 GMT+0200,181.78799999999998,181.745,0.0197,0.0203
29.04.2020 06:05:09.618 GMT+0200,181.812,181.775,0.0197,0.0203
29.04.2020 06:18:39.071 GMT+0200,181.847,181.80700000000002,0.0197,0.0203
29.04.2020 06:21:12.860 GMT+0200,181.83200000000002,181.794,0.0197,0.0203
29.04.2020 06:21:12.966 GMT+0200,181.812,181.78,0.0197,0.0203
29.04.2020 06:30:50.150 GMT+0200,181.87900000000002,181.838,0.0197,0.0203
29.04.2020 06:30:50.344 GMT+0200,181.878,181.843,0.0197,0.0203
29.04.2020 06:32:37.752 GMT+0200,181.84599999999998,181.81400000000002,0.0197,0.0203
29.04.2020 06:32:38.038 GMT+0200,181.86599999999999,181.826,0.0197,0.0203
29.04.2020 06:32:38.240 GMT+0200,181.877,181.84099999999998,0.0197,0.0203
29.04.2020 06:32:38.582 GMT+0200,181.877,181.838,0.0197,0.0203
29.04.2020 06:38:27.056 GMT+0200,181.882,181.84099999999998,0.0197,0.0203
29.04.2020 06:46:25.451 GMT+0200,181.84400000000002,181.81400000000002,0.0197,0.0203
29.04.2020 06:46:25.554 GMT+0200,181.85,181.808,0.0197,0.0203
29.04.2020 06:46:35.103 GMT+0200,181.84900000000002,181.81,0.0197,0.0203
29.04.2020 06:46:45.113 GMT+0200,181.84599999999998,181.81,0.0197,0.0203
29.04.2020 06:48:53.842 GMT+0200,181.878,181.843,0.0197,0.0203
29.04.2020 06:48:53.957 GMT+0200,181.881,181.83900000000003,0.0197,0.0203
29.04.2020 06:49:00.154 GMT+0200,181.851,181.81,0.0197,0.0203
29.04.2020 06:49:00.267 GMT+0200,181.88,181.842,0.0197,0.0203
29.04.2020 06:50:20.994 GMT+0200,181.84799999999998,181.81099999999998,0.0197,0.0203
29.04.2020 06:51:10.411 GMT+0200,181.84900000000002,181.812,0.0197,0.0203
29.04.2020 06:51:37.095 GMT+0200,181.851,181.81400000000002,0.0197,0.0203
29.04.2020 06:52:58.854 GMT+0200,181.816,181.782,0.0197,0.0203
29.04.2020 06:52:59.607 GMT+0200,181.84599999999998,181.812,0.0197,0.0203
29.04.2020 06:52:59.852 GMT+0200,181.84599999999998,181.80900000000003,0.0197,0.0203
29.04.2020 06:53:05.125 GMT+0200,181.828,181.79500000000002,0.0197,0.0203
29.04.2020 06:53:20.296 GMT+0200,181.81900000000002,181.77900000000002,0.0197,0.0203
29.04.2020 06:53:20.523 GMT+0200,181.815,181.78,0.0197,0.0203
29.04.2020 06:57:26.688 GMT+0200,181.84799999999998,181.80900000000003,0.0197,0.0203
29.04.2020 06:57:26.902 GMT+0200,181.84599999999998,181.81400000000002,0.0197,0.0203
29.04.2020 06:57:27.459 GMT+0200,181.851,181.81099999999998,0.0197,0.0203
29.04.2020 06:57:34.315 GMT+0200,181.84900000000002,181.80900000000003,0.0197,0.0203
29.04.2020 06:58:04.388 GMT+0200,181.83400000000003,181.791,0.0197,0.0203
29.04.2020 06:58:04.630 GMT+0200,181.84799999999998,181.80700000000002,0.0197,0.0203
29.04.2020 06:58:05.947 GMT+0200,181.84400000000002,181.812,0.0197,0.0203
29.04.2020 06:58:10.876 GMT+0200,181.833,181.798,0.0197,0.0203
29.04.2020 06:58:10.979 GMT+0200,181.847,181.80700000000002,0.0197,0.0203
29.04.2020 06:58:11.877 GMT+0200,181.83400000000003,181.794,0.0197,0.0203
29.04.2020 06:58:14.622 GMT+0200,181.83400000000003,181.793,0.0197,0.0203
29.04.2020 06:58:19.364 GMT+0200,181.833,181.796,0.0197,0.0203
29.04.2020 06:58:19.465 GMT+0200,181.851,181.81099999999998,0.0197,0.0203
29.04.2020 07:00:00.414 GMT+0200,181.831,181.796,0.0197,0.0203
29.04.2020 07:00:00.664 GMT+0200,181.84799999999998,181.80900000000003,0.0197,0.0203
29.04.2020 07:00:30.581 GMT+0200,181.828,181.79500000000002,0.0197,0.0203
29.04.2020 07:01:07.521 GMT+0200,181.817,181.77599999999998,0.0197,0.0203
29.04.2020 07:01:07.646 GMT+0200,181.815,181.77700000000002,0.0197,0.0203
29.04.2020 07:01:49.356 GMT+0200,181.817,181.78,0.0197,0.0203
29.04.2020 07:03:55.093 GMT+0200,181.84900000000002,181.80900000000003,0.0197,0.0203
29.04.2020 07:03:55.249 GMT+0200,181.84400000000002,181.81099999999998,0.0197,0.0203
29.04.2020 07:08:35.284 GMT+0200,181.84400000000002,181.80700000000002,0.0197,0.0203
29.04.2020 07:09:04.072 GMT+0200,181.847,181.81400000000002,0.0197,0.0203
29.04.2020 07:09:06.884 GMT+0200,181.84900000000002,181.81099999999998,0.0197,0.0203
29.04.2020 07:09:10.904 GMT+0200,181.847,181.808,0.0197,0.0203
29.04.2020 07:09:25.150 GMT+0200,181.81400000000002,181.778,0.0197,0.0203
29.04.2020 07:09:25.362 GMT+0200,181.831,181.794,0.0197,0.0203
29.04.2020 07:09:25.640 GMT+0200,181.833,181.791,0.0197,0.0203
29.04.2020 07:09:27.047 GMT+0200,181.81799999999998,181.77599999999998,0.0197,0.0203
29.04.2020 07:09:27.265 GMT+0200,181.835,181.796,0.0197,0.0203
29.04.2020 07:09:27.667 GMT+0200,181.835,181.794,0.0197,0.0203
29.04.2020 07:09:28.498 GMT+0200,181.812,181.77599999999998,0.0197,0.0203
29.04.2020 07:09:29.044 GMT+0200,181.81900000000002,181.77599999999998,0.0197,0.0203
29.04.2020 07:09:58.915 GMT+0200,181.816,181.77900000000002,0.0197,0.0203
29.04.2020 07:10:16.659 GMT+0200,181.816,181.78,0.0197,0.0203
29.04.2020 07:21:16.791 GMT+0200,181.85,181.80900000000003,0.0197,0.0203
29.04.2020 07:21:27.818 GMT+0200,181.84799999999998,181.808,0.0197,0.0203
29.04.2020 07:22:00.078 GMT+0200,181.828,181.793,0.0197,0.0203
29.04.2020 07:22:00.185 GMT+0200,181.817,181.77900000000002,0.0197,0.0203
29.04.2020 07:22:00.334 GMT+0200,181.81799999999998,181.77700000000002,0.0197,0.0203
29.04.2020 07:25:32.123 GMT+0200,181.847,181.81400000000002,0.0197,0.0203
29.04.2020 07:28:51.463 GMT+0200,181.878,181.84099999999998,0.0197,0.0203
29.04.2020 07:28:56.694 GMT+0200,181.847,181.808,0.0197,0.0203
29.04.2020 07:28:56.909 GMT+0200,181.84599999999998,181.81400000000002,0.0197,0.0203
29.04.2020 07:29:13.511 GMT+0200,181.86200000000002,181.824,0.0197,0.0203
29.04.2020 07:29:17.065 GMT+0200,181.86599999999999,181.829,0.0197,0.0203
29.04.2020 07:29:36.444 GMT+0200,181.84400000000002,181.812,0.0197,0.0203
29.04.2020 07:29:36.781 GMT+0200,181.84599999999998,181.80900000000003,0.0197,0.0203
29.04.2020 07:29:45.187 GMT+0200,181.86599999999999,181.826,0.0197,0.0203
29.04.2020 07:29:47.096 GMT+0200,181.859,181.829,0.0197,0.0203
29.04.2020 07:30:04.865 GMT+0200,181.875,181.843,0.0197,0.0203
29.04.2020 07:30:04.970 GMT+0200,181.875,181.842,0.0197,0.0203
29.04.2020 07:30:36.781 GMT+0200,181.875,181.838,0.0197,0.0203
29.04.2020 07:32:30.928 GMT+0200,181.87900000000002,181.838,0.0197,0.0203
29.04.2020 07:34:14.447 GMT+0200,181.90900000000002,181.87599999999998,0.0197,0.0203
29.04.2020 07:35:28.966 GMT+0200,181.91,181.87,0.0197,0.0203
29.04.2020 07:35:55.630 GMT+0200,181.91299999999998,181.86900000000003,0.0197,0.0203
29.04.2020 07:36:13.928 GMT+0200,181.91299999999998,181.873,0.0197,0.0203
29.04.2020 07:36:21.779 GMT+0200,181.942,181.9,0.0197,0.0203
29.04.2020 07:36:26.018 GMT+0200,181.93900000000002,181.90200000000002,0.0197,0.0203
29.04.2020 07:36:26.249 GMT+0200,181.93900000000002,181.9,0.0197,0.0203
29.04.2020 07:36:27.662 GMT+0200,181.941,181.9,0.0197,0.0203
29.04.2020 07:37:28.214 GMT+0200,181.958,181.921,0.0197,0.0203
29.04.2020 07:37:28.328 GMT+0200,181.95900000000003,181.916,0.0197,0.0203
29.04.2020 07:37:28.627 GMT+0200,181.97099999999998,181.935,0.0197,0.0203
29.04.2020 07:37:29.667 GMT+0200,181.97099999999998,181.937,0.0197,0.0203
29.04.2020 07:38:17.799 GMT+0200,181.97299999999998,181.93900000000002,0.0197,0.0203
29.04.2020 07:38:37.822 GMT+0200,181.972,181.93400000000003,0.0197,0.0203
29.04.2020 07:38:48.109 GMT+0200,181.941,181.90400000000002,0.0197,0.0203
29.04.2020 07:38:49.468 GMT+0200,181.942,181.903,0.0197,0.0203
29.04.2020 07:39:32.323 GMT+0200,181.941,181.907,0.0197,0.0203
29.04.2020 07:39:50.504 GMT+0200,181.94400000000002,181.903,0.0197,0.0203
29.04.2020 07:40:06.628 GMT+0200,181.937,181.903,0.0197,0.0203
29.04.2020 07:40:13.888 GMT+0200,181.942,181.907,0.0197,0.0203
29.04.2020 07:40:24.230 GMT+0200,181.94,181.9,0.0197,0.0203
29.04.2020 07:40:47.184 GMT+0200,181.942,181.90200000000002,0.0197,0.0203
29.04.2020 07:40:49.099 GMT+0200,181.94,181.9,0.0197,0.0203
29.04.2020 07:40:54.427 GMT+0200,181.937,181.90400000000002,0.0197,0.0203
29.04.2020 07:41:04.652 GMT+0200,181.93900000000002,181.90400000000002,0.0197,0.0203
29.04.2020 07:42:15.176 GMT+0200,181.94400000000002,181.9,0.0197,0.0203
29.04.2020 07:42:16.269 GMT+0200,181.941,181.90200000000002,0.0197,0.0203
29.04.2020 07:42:24.443 GMT+0200,181.942,181.905,0.0197,0.0203
29.04.2020 07:42:29.307 GMT+0200,181.94400000000002,181.90099999999998,0.0197,0.0203
29.04.2020 07:42:44.508 GMT+0200,181.908,181.87599999999998,0.0197,0.0203
29.04.2020 07:42:44.617 GMT+0200,181.91,181.86900000000003,0.0197,0.0203
29.04.2020 07:42:49.673 GMT+0200,181.90900000000002,181.872,0.0197,0.0203
29.04.2020 07:42:49.975 GMT+0200,181.91,181.87599999999998,0.0197,0.0203
29.04.2020 07:43:20.034 GMT+0200,181.91,181.86900000000003,0.0197,0.0203
29.04.2020 07:43:27.041 GMT+0200,181.90900000000002,181.873,0.0197,0.0203
29.04.2020 07:44:49.496 GMT+0200,181.912,181.872,0.0197,0.0203
29.04.2020 07:44:59.507 GMT+0200,181.90900000000002,181.87,0.0197,0.0203
29.04.2020 07:45:52.671 GMT+0200,181.937,181.907,0.0197,0.0203
29.04.2020 07:51:19.770 GMT+0200,181.937,181.90400000000002,0.0197,0.0203
29.04.2020 07:51:20.184 GMT+0200,181.94,181.905,0.0197,0.0203
29.04.2020 07:51:44.017 GMT+0200,181.925,181.887,0.0197,0.0203
29.04.2020 07:51:44.168 GMT+0200,181.912,181.87400000000002,0.0197,0.0203
29.04.2020 07:51:44.272 GMT+0200,181.925,181.886,0.0197,0.0203
29.04.2020 07:51:44.383 GMT+0200,181.94,181.903,0.0197,0.0203
29.04.2020 07:51:45.865 GMT+0200,181.941,181.907,0.0197,0.0203
29.04.2020 07:51:51.798 GMT+0200,181.942,181.905,0.0197,0.0203
29.04.2020 07:52:10.232 GMT+0200,181.937,181.90099999999998,0.0197,0.0203
29.04.2020 07:52:17.817 GMT+0200,181.93900000000002,181.905,0.0197,0.0203
29.04.2020 07:54:59.801 GMT+0200,181.925,181.887,0.0197,0.0203
29.04.2020 07:55:00.091 GMT+0200,181.922,181.886,0.0197,0.0203
29.04.2020 07:55:00.452 GMT+0200,181.941,181.903,0.0197,0.0203
29.04.2020 07:55:00.670 GMT+0200,181.92700000000002,181.885,0.0197,0.0203
29.04.2020 07:55:27.704 GMT+0200,181.91299999999998,181.873,0.0197,0.0203
29.04.2020 07:55:27.805 GMT+0200,181.912,181.87,0.0197,0.0203
29.04.2020 07:55:53.534 GMT+0200,181.941,181.90099999999998,0.0197,0.0203
29.04.2020 07:55:53.968 GMT+0200,181.94400000000002,181.903,0.0197,0.0203
29.04.2020 07:56:18.245 GMT+0200,181.92900000000003,181.89200000000002,0.0197,0.0203
29.04.2020 07:56:18.351 GMT+0200,181.94400000000002,181.903,0.0197,0.0203
29.04.2020 07:56:20.250 GMT+0200,181.941,181.9,0.0197,0.0203
29.04.2020 07:57:25.476 GMT+0200,181.941,181.90200000000002,0.0197,0.0203
29.04.2020 07:57:29.285 GMT+0200,181.937,181.90200000000002,0.0197,0.0203
29.04.2020 07:57:44.222 GMT+0200,181.942,181.90200000000002,0.0197,0.0203
29.04.2020 07:58:00.067 GMT+0200,181.94,181.90200000000002,0.0197,0.0203
29.04.2020 07:59:15.501 GMT+0200,181.93900000000002,181.905,0.0197,0.0203
29.04.2020 07:59:49.454 GMT+0200,181.942,181.903,0.0197,0.0203
29.04.2020 07:59:57.766 GMT+0200,181.90599999999998,181.872,0.0197,0.0203
29.04.2020 08:00:00.574 GMT+0200,181.912,181.86900000000003,0.0197,0.0203
29.04.2020 08:00:04.718 GMT+0200,181.90900000000002,181.86900000000003,0.0197,0.0203
29.04.2020 08:00:11.428 GMT+0200,181.908,181.87099999999998,0.0197,0.0203
29.04.2020 08:00:12.707 GMT+0200,181.878,181.838,0.0197,0.0203
29.04.2020 08:00:12.841 GMT+0200,181.878,181.84,0.0197,0.0203
29.04.2020 08:00:14.571 GMT+0200,181.881,181.843,0.0197,0.0203
29.04.2020 08:00:17.207 GMT+0200,181.877,181.843,0.0197,0.0203
29.04.2020 08:00:39.544 GMT+0200,181.911,181.86900000000003,0.0197,0.0203
29.04.2020 08:00:39.671 GMT+0200,181.911,181.87599999999998,0.0197,0.0203
29.04.2020 08:00:40.710 GMT+0200,181.90599999999998,181.86900000000003,0.0197,0.0203
29.04.2020 08:00:52.014 GMT+0200,181.877,181.84099999999998,0.0197,0.0203
29.04.2020 08:00:52.170 GMT+0200,181.88,181.84099999999998,0.0197,0.0203
29.04.2020 08:00:59.546 GMT+0200,181.912,181.873,0.0197,0.0203
29.04.2020 08:00:59.966 GMT+0200,181.911,181.87,0.0197,0.0203
29.04.2020 08:01:00.207 GMT+0200,181.91,181.86900000000003,0.0197,0.0203
29.04.2020 08:01:09.625 GMT+0200,181.93900000000002,181.907,0.0197,0.0203
29.04.2020 08:01:10.038 GMT+0200,181.94,181.90200000000002,0.0197,0.0203
29.04.2020 08:01:12.096 GMT+0200,181.92900000000003,181.889,0.0197,0.0203
29.04.2020 08:01:12.207 GMT+0200,181.90599999999998,181.873,0.0197,0.0203
29.04.2020 08:01:12.924 GMT+0200,181.91299999999998,181.87,0.0197,0.0203
29.04.2020 08:01:14.657 GMT+0200,181.942,181.905,0.0197,0.0203
29.04.2020 08:01:15.193 GMT+0200,181.93900000000002,181.907,0.0197,0.0203
29.04.2020 08:01:16.150 GMT+0200,181.911,181.86900000000003,0.0197,0.0203
29.04.2020 08:01:17.003 GMT+0200,181.90900000000002,181.87099999999998,0.0197,0.0203
29.04.2020 08:01:32.660 GMT+0200,181.88,181.84099999999998,0.0197,0.0203
29.04.2020 08:01:38.482 GMT+0200,181.908,181.86900000000003,0.0197,0.0203
29.04.2020 08:01:44.131 GMT+0200,181.878,181.84099999999998,0.0197,0.0203
29.04.2020 08:01:54.762 GMT+0200,181.864,181.827,0.0197,0.0203
29.04.2020 08:01:54.996 GMT+0200,181.86200000000002,181.822,0.0197,0.0203
29.04.2020 08:01:55.110 GMT+0200,181.881,181.843,0.0197,0.0203
29.04.2020 08:01:57.273 GMT+0200,181.898,181.855,0.0197,0.0203
29.04.2020 08:01:59.570 GMT+0200,181.878,181.84099999999998,0.0197,0.0203
29.04.2020 08:02:22.370 GMT+0200,181.893,181.857,0.0197,0.0203
29.04.2020 08:02:23.133 GMT+0200,181.881,181.84099999999998,0.0197,0.0203
29.04.2020 08:03:06.715 GMT+0200,181.861,181.824,0.0197,0.0203
29.04.2020 08:03:07.070 GMT+0200,181.863,181.826,0.0197,0.0203
29.04.2020 08:03:07.649 GMT+0200,181.84799999999998,181.808,0.0197,0.0203
29.04.2020 08:03:10.853 GMT+0200,181.878,181.843,0.0197,0.0203
29.04.2020 08:03:12.683 GMT+0200,181.881,181.84,0.0197,0.0203
29.04.2020 08:03:14.292 GMT+0200,181.865,181.829,0.0197,0.0203
29.04.2020 08:03:14.446 GMT+0200,181.85,181.80900000000003,0.0197,0.0203
29.04.2020 08:03:15.744 GMT+0200,181.84900000000002,181.80900000000003,0.0197,0.0203
29.04.2020 08:03:18.304 GMT+0200,181.88,181.83900000000003,0.0197,0.0203
29.04.2020 08:03:21.755 GMT+0200,181.85,181.80900000000003,0.0197,0.0203
29.04.2020 08:03:25.480 GMT+0200,181.831,181.798,0.0197,0.0203
29.04.2020 08:03:27.168 GMT+0200,181.83400000000003,181.792,0.0197,0.0203
29.04.2020 08:03:31.404 GMT+0200,181.84599999999998,181.80900000000003,0.0197,0.0203
29.04.2020 08:03:33.951 GMT+0200,181.851,181.808,0.0197,0.0203
29.04.2020 08:03:35.050 GMT+0200,181.882,181.842,0.0197,0.0203
29.04.2020 08:03:38.329 GMT+0200,181.847,181.80700000000002,0.0197,0.0203
29.04.2020 08:03:38.676 GMT+0200,181.859,181.82500000000002,0.0197,0.0203
29.04.2020 08:03:43.285 GMT+0200,181.84400000000002,181.81400000000002,0.0197,0.0203
29.04.2020 08:03:51.361 GMT+0200,181.88,181.845,0.0197,0.0203
29.04.2020 08:03:53.571 GMT+0200,181.894,181.861,0.0197,0.0203
29.04.2020 08:03:56.739 GMT+0200,181.891,181.856,0.0197,0.0203
29.04.2020 08:03:57.392 GMT+0200,181.87900000000002,181.838,0.0197,0.0203
29.04.2020 08:04:09.291 GMT+0200,181.895,181.861,0.0197,0.0203
29.04.2020 08:04:09.394 GMT+0200,181.87900000000002,181.84099999999998,0.0197,0.0203
29.04.2020 08:04:09.551 GMT+0200,181.911,181.87400000000002,0.0197,0.0203
29.04.2020 08:04:09.899 GMT+0200,181.893,181.854,0.0197,0.0203
29.04.2020 08:04:10.329 GMT+0200,181.908,181.87400000000002,0.0197,0.0203
29.04.2020 08:04:14.476 GMT+0200,181.91,181.872,0.0197,0.0203
29.04.2020 08:05:19.881 GMT+0200,181.881,181.838,0.0197,0.0203
29.04.2020 08:05:19.996 GMT+0200,181.893,181.857,0.0197,0.0203
29.04.2020 08:05:20.097 GMT+0200,181.877,181.83900000000003,0.0197,0.0203
29.04.2020 08:05:23.564 GMT+0200,181.912,181.86900000000003,0.0197,0.0203
29.04.2020 08:05:24.070 GMT+0200,181.895,181.854,0.0197,0.0203
29.04.2020 08:05:24.655 GMT+0200,181.877,181.83900000000003,0.0197,0.0203
29.04.2020 08:05:25.751 GMT+0200,181.88,181.84099999999998,0.0197,0.0203
29.04.2020 08:05:25.801 GMT+0200,181.908,181.87400000000002,0.0197,0.0203
29.04.2020 08:05:27.708 GMT+0200,181.90599999999998,181.873,0.0197,0.0203
29.04.2020 08:05:38.285 GMT+0200,181.882,181.838,0.0197,0.0203
29.04.2020 08:05:38.391 GMT+0200,181.878,181.843,0.0197,0.0203
29.04.2020 08:05:45.034 GMT+0200,181.898,181.858,0.0197,0.0203
29.04.2020 08:05:45.133 GMT+0200,181.90900000000002,181.872,0.0197,0.0203
29.04.2020 08:05:47.543 GMT+0200,181.91299999999998,181.87099999999998,0.0197,0.0203
29.04.2020 08:05:48.801 GMT+0200,181.91299999999998,181.86900000000003,0.0197,0.0203
29.04.2020 08:05:48.973 GMT+0200,181.908,181.87400000000002,0.0197,0.0203
29.04.2020 08:05:51.376 GMT+0200,181.953,181.916,0.0197,0.0203
29.04.2020 08:05:51.498 GMT+0200,181.941,181.90200000000002,0.0197,0.0203
29.04.2020 08:06:10.198 GMT+0200,181.912,181.87599999999998,0.0197,0.0203
29.04.2020 08:06:10.307 GMT+0200,181.912,181.87,0.0197,0.0203
29.04.2020 08:06:21.484 GMT+0200,181.90599999999998,181.87,0.0197,0.0203
29.04.2020 08:06:31.885 GMT+0200,181.881,181.842,0.0197,0.0203
29.04.2020 08:06:31.990 GMT+0200,181.87900000000002,181.845,0.0197,0.0203
29.04.2020 08:06:34.489 GMT+0200,181.87900000000002,181.838,0.0197,0.0203
29.04.2020 08:06:58.434 GMT+0200,181.877,181.843,0.0197,0.0203
29.04.2020 08:06:58.974 GMT+0200,181.91,181.87400000000002,0.0197,0.0203
29.04.2020 08:06:59.275 GMT+0200,181.912,181.87,0.0197,0.0203
29.04.2020 08:07:01.297 GMT+0200,181.895,181.859,0.0197,0.0203
29.04.2020 08:07:01.584 GMT+0200,181.87900000000002,181.84,0.0197,0.0203
29.04.2020 08:07:01.688 GMT+0200,181.882,181.845,0.0197,0.0203
29.04.2020 08:07:02.661 GMT+0200,181.898,181.856,0.0197,0.0203
29.04.2020 08:07:02.763 GMT+0200,181.882,181.845,0.0197,0.0203
29.04.2020 08:07:12.930 GMT+0200,181.89700000000002,181.854,0.0197,0.0203
29.04.2020 08:07:13.070 GMT+0200,181.911,181.872,0.0197,0.0203
29.04.2020 08:07:13.771 GMT+0200,181.91299999999998,181.872,0.0197,0.0203
29.04.2020 08:07:16.871 GMT+0200,181.91299999999998,181.87400000000002,0.0197,0.0203
29.04.2020 08:07:17.228 GMT+0200,181.911,181.872,0.0197,0.0203
29.04.2020 08:07:21.005 GMT+0200,181.895,181.854,0.0197,0.0203
29.04.2020 08:07:32.281 GMT+0200,181.882,181.842,0.0197,0.0203
29.04.2020 08:07:32.385 GMT+0200,181.87900000000002,181.843,0.0197,0.0203
29.04.2020 08:07:57.870 GMT+0200,181.84900000000002,181.80900000000003,0.0197,0.0203
29.04.2020 08:07:57.944 GMT+0200,181.88,181.845,0.0197,0.0203
29.04.2020 08:07:58.078 GMT+0200,181.878,181.845,0.0197,0.0203
29.04.2020 08:08:08.740 GMT+0200,181.84400000000002,181.80700000000002,0.0197,0.0203
29.04.2020 08:08:08.872 GMT+0200,181.847,181.80900000000003,0.0197,0.0203
29.04.2020 08:08:11.277 GMT+0200,181.877,181.843,0.0197,0.0203
29.04.2020 08:08:11.428 GMT+0200,181.88,181.84,0.0197,0.0203
29.04.2020 08:08:12.409 GMT+0200,181.882,181.845,0.0197,0.0203
29.04.2020 08:08:21.568 GMT+0200,181.84799999999998,181.812,0.0197,0.0203
29.04.2020 08:08:21.674 GMT+0200,181.84900000000002,181.80900000000003,0.0197,0.0203
29.04.2020 08:08:23.561 GMT+0200,181.851,181.812,0.0197,0.0203
29.04.2020 08:08:49.017 GMT+0200,181.882,181.838,0.0197,0.0203
29.04.2020 08:08:51.198 GMT+0200,181.85,181.80700000000002,0.0197,0.0203
29.04.2020 08:08:53.699 GMT+0200,181.863,181.829,0.0197,0.0203
29.04.2020 08:09:03.120 GMT+0200,181.881,181.838,0.0197,0.0203
29.04.2020 08:09:13.928 GMT+0200,181.86599999999999,181.826,0.0197,0.0203
29.04.2020 08:09:20.114 GMT+0200,181.878,181.84,0.0197,0.0203
29.04.2020 08:09:44.339 GMT+0200,181.861,181.823,0.0197,0.0203
29.04.2020 08:09:44.529 GMT+0200,181.84799999999998,181.80900000000003,0.0197,0.0203
29.04.2020 08:09:46.748 GMT+0200,181.81400000000002,181.775,0.0197,0.0203
29.04.2020 08:09:46.849 GMT+0200,181.851,181.81,0.0197,0.0203
29.04.2020 08:09:46.955 GMT+0200,181.85,181.80900000000003,0.0197,0.0203
29.04.2020 08:09:47.164 GMT+0200,181.86599999999999,181.822,0.0197,0.0203
29.04.2020 08:09:48.903 GMT+0200,181.84400000000002,181.81,0.0197,0.0203
29.04.2020 08:10:26.503 GMT+0200,181.84799999999998,181.81400000000002,0.0197,0.0203
29.04.2020 08:10:31.401 GMT+0200,181.831,181.798,0.0197,0.0203
29.04.2020 08:10:32.050 GMT+0200,181.83,181.796,0.0197,0.0203
29.04.2020 08:10:38.767 GMT+0200,181.81400000000002,181.775,0.0197,0.0203
29.04.2020 08:10:38.962 GMT+0200,181.815,181.77599999999998,0.0197,0.0203
29.04.2020 08:10:59.388 GMT+0200,181.815,181.78,0.0197,0.0203
29.04.2020 08:10:59.491 GMT+0200,181.81799999999998,181.778,0.0197,0.0203
29.04.2020 08:11:00.466 GMT+0200,181.816,181.775,0.0197,0.0203
29.04.2020 08:11:04.466 GMT+0200,181.81400000000002,181.782,0.0197,0.0203
29.04.2020 08:11:28.116 GMT+0200,181.817,181.77599999999998,0.0197,0.0203
29.04.2020 08:11:38.141 GMT+0200,181.84599999999998,181.81,0.0197,0.0203
29.04.2020 08:11:38.270 GMT+0200,181.851,181.808,0.0197,0.0203
29.04.2020 08:11:44.528 GMT+0200,181.84599999999998,181.812,0.0197,0.0203
29.04.2020 08:12:07.767 GMT+0200,181.851,181.81099999999998,0.0197,0.0203
29.04.2020 08:12:07.912 GMT+0200,181.84599999999998,181.81400000000002,0.0197,0.0203
29.04.2020 08:12:10.367 GMT+0200,181.84599999999998,181.808,0.0197,0.0203
29.04.2020 08:12:11.027 GMT+0200,181.84900000000002,181.80700000000002,0.0197,0.0203
29.04.2020 08:12:14.226 GMT+0200,181.875,181.84,0.0197,0.0203
29.04.2020 08:12:14.353 GMT+0200,181.877,181.84099999999998,0.0197,0.0203
29.04.2020 08:12:23.650 GMT+0200,181.84599999999998,181.81400000000002,0.0197,0.0203
29.04.2020 08:12:23.761 GMT+0200,181.84599999999998,181.81099999999998,0.0197,0.0203
29.04.2020 08:12:30.143 GMT+0200,181.88,181.842,0.0197,0.0203
29.04.2020 08:12:30.264 GMT+0200,181.865,181.823,0.0197,0.0203
29.04.2020 08:12:36.226 GMT+0200,181.87900000000002,181.84,0.0197,0.0203
29.04.2020 08:12:36.422 GMT+0200,181.877,181.83900000000003,0.0197,0.0203
29.04.2020 08:12:38.253 GMT+0200,181.882,181.838,0.0197,0.0203
29.04.2020 08:13:33.422 GMT+0200,181.894,181.856,0.0197,0.0203
29.04.2020 08:13:33.561 GMT+0200,181.911,181.87400000000002,0.0197,0.0203
29.04.2020 08:13:49.851 GMT+0200,181.878,181.843,0.0197,0.0203
29.04.2020 08:13:50.172 GMT+0200,181.881,181.838,0.0197,0.0203
29.04.2020 08:14:02.487 GMT+0200,181.895,181.857,0.0197,0.0203
29.04.2020 08:14:04.507 GMT+0200,181.898,181.859,0.0197,0.0203
29.04.2020 08:14:06.661 GMT+0200,181.875,181.84099999999998,0.0197,0.0203
29.04.2020 08:14:06.805 GMT+0200,181.88,181.845,0.0197,0.0203
29.04.2020 08:15:30.334 GMT+0200,181.90599999999998,181.87400000000002,0.0197,0.0203
29.04.2020 08:15:30.470 GMT+0200,181.91,181.873,0.0197,0.0203
29.04.2020 08:15:39.163 GMT+0200,181.87900000000002,181.83900000000003,0.0197,0.0203
29.04.2020 08:15:39.269 GMT+0200,181.87900000000002,181.84099999999998,0.0197,0.0203
29.04.2020 08:16:27.473 GMT+0200,181.84799999999998,181.812,0.0197,0.0203
29.04.2020 08:16:27.574 GMT+0200,181.84599999999998,181.81,0.0197,0.0203
29.04.2020 08:16:31.666 GMT+0200,181.84900000000002,181.812,0.0197,0.0203
29.04.2020 08:18:06.285 GMT+0200,181.851,181.812,0.0197,0.0203
29.04.2020 08:18:08.709 GMT+0200,181.88,181.84,0.0197,0.0203
29.04.2020 08:18:09.076 GMT+0200,181.881,181.842,0.0197,0.0203
29.04.2020 08:18:12.720 GMT+0200,181.847,181.81,0.0197,0.0203
29.04.2020 08:18:21.410 GMT+0200,181.859,181.82500000000002,0.0197,0.0203
29.04.2020 08:18:21.513 GMT+0200,181.875,181.84,0.0197,0.0203
29.04.2020 08:18:21.702 GMT+0200,181.88,181.838,0.0197,0.0203
29.04.2020 08:18:26.566 GMT+0200,181.847,181.812,0.0197,0.0203
29.04.2020 08:18:26.671 GMT+0200,181.84900000000002,181.812,0.0197,0.0203
29.04.2020 08:18:54.017 GMT+0200,181.84799999999998,181.80900000000003,0.0197,0.0203
29.04.2020 08:19:58.726 GMT+0200,181.882,181.83900000000003,0.0197,0.0203
29.04.2020 08:20:12.896 GMT+0200,181.88,181.842,0.0197,0.0203
29.04.2020 08:20:18.188 GMT+0200,181.861,181.824,0.0197,0.0203
29.04.2020 08:20:18.311 GMT+0200,181.84799999999998,181.80900000000003,0.0197,0.0203
29.04.2020 08:20:22.446 GMT+0200,181.847,181.81400000000002,0.0197,0.0203
29.04.2020 08:20:25.245 GMT+0200,181.851,181.812,0.0197,0.0203
29.04.2020 08:21:57.366 GMT+0200,181.87900000000002,181.84,0.0197,0.0203
29.04.2020 08:21:57.468 GMT+0200,181.881,181.845,0.0197,0.0203
29.04.2020 08:22:34.230 GMT+0200,181.881,181.842,0.0197,0.0203
29.04.2020 08:22:35.543 GMT+0200,181.908,181.87599999999998,0.0197,0.0203
29.04.2020 08:22:35.656 GMT+0200,181.912,181.86900000000003,0.0197,0.0203
29.04.2020 08:22:56.534 GMT+0200,181.937,181.907,0.0197,0.0203
29.04.2020 08:22:57.562 GMT+0200,181.94400000000002,181.9,0.0197,0.0203
29.04.2020 08:22:58.662 GMT+0200,181.97299999999998,181.93400000000003,0.0197,0.0203
29.04.2020 08:22:58.827 GMT+0200,181.975,181.935,0.0197,0.0203
29.04.2020 08:23:00.586 GMT+0200,181.97099999999998,181.935,0.0197,0.0203
29.04.2020 08:23:04.573 GMT+0200,181.94,181.90400000000002,0.0197,0.0203
29.04.2020 08:23:04.674 GMT+0200,181.94,181.907,0.0197,0.0203
29.04.2020 08:23:04.771 GMT+0200,181.975,181.93599999999998,0.0197,0.0203
29.04.2020 08:23:04.887 GMT+0200,181.958,181.916,0.0197,0.0203
29.04.2020 08:23:05.077 GMT+0200,181.941,181.907,0.0197,0.0203
29.04.2020 08:23:05.520 GMT+0200,181.97099999999998,181.93400000000003,0.0197,0.0203
29.04.2020 08:23:47.671 GMT+0200,181.988,181.949,0.0197,0.0203
29.04.2020 08:23:47.876 GMT+0200,182.002,181.97,0.0197,0.0203
29.04.2020 08:23:48.894 GMT+0200,182.003,181.96400000000003,0.0197,0.0203
29.04.2020 08:23:50.432 GMT+0200,182.00400000000002,181.967,0.0197,0.0203
29.04.2020 08:23:50.924 GMT+0200,182.003,181.968,0.0197,0.0203
29.04.2020 08:23:53.324 GMT+0200,182.007,181.96599999999998,0.0197,0.0203
29.04.2020 08:24:00.080 GMT+0200,182,181.967,0.0197,0.0203
29.04.2020 08:24:04.459 GMT+0200,182.006,181.968,0.0197,0.0203
29.04.2020 08:24:08.025 GMT+0200,182.005,181.963,0.0197,0.0203
29.04.2020 08:24:22.186 GMT+0200,182.003,181.968,0.0197,0.0203
29.04.2020 08:24:22.724 GMT+0200,182.00400000000002,181.963,0.0197,0.0203
29.04.2020 08:24:27.931 GMT+0200,182.002,181.96599999999998,0.0197,0.0203
29.04.2020 08:24:46.499 GMT+0200,182.006,181.96599999999998,0.0197,0.0203
29.04.2020 08:25:44.189 GMT+0200,182,181.968,0.0197,0.0203
29.04.2020 08:26:19.328 GMT+0200,182.035,181.99900000000002,0.0197,0.0203
29.04.2020 08:26:19.866 GMT+0200,182.06400000000002,182.032,0.0197,0.0203
29.04.2020 08:26:21.342 GMT+0200,182.06900000000002,182.02599999999998,0.0197,0.0203
29.04.2020 08:26:24.996 GMT+0200,182.09900000000002,182.05700000000002,0.0197,0.0203
29.04.2020 08:26:25.121 GMT+0200,182.09400000000002,182.062,0.0197,0.0203
29.04.2020 08:26:25.580 GMT+0200,182.09400000000002,182.06099999999998,0.0197,0.0203
29.04.2020 08:26:26.979 GMT+0200,182.1,182.062,0.0197,0.0203
29.04.2020 08:26:29.634 GMT+0200,182.097,182.05700000000002,0.0197,0.0203
29.04.2020 08:26:51.090 GMT+0200,182.09799999999998,182.06,0.0197,0.0203
29.04.2020 08:26:55.674 GMT+0200,182.09599999999998,182.058,0.0197,0.0203
29.04.2020 08:26:59.840 GMT+0200,182.09799999999998,182.06,0.0197,0.0203
29.04.2020 08:26:59.954 GMT+0200,182.09599999999998,182.058,0.0197,0.0203
29.04.2020 08:27:02.302 GMT+0200,182.1,182.062,0.0197,0.0203
29.04.2020 08:27:02.697 GMT+0200,182.09799999999998,182.058,0.0197,0.0203
29.04.2020 08:27:04.093 GMT+0200,182.09599999999998,182.05700000000002,0.0197,0.0203
29.04.2020 08:27:08.382 GMT+0200,182.09599999999998,182.06099999999998,0.0197,0.0203
29.04.2020 08:27:10.725 GMT+0200,182.097,182.05900000000003,0.0197,0.0203
29.04.2020 08:27:13.510 GMT+0200,182.12900000000002,182.088,0.0197,0.0203
29.04.2020 08:27:13.836 GMT+0200,182.131,182.08900000000003,0.0197,0.0203
29.04.2020 08:27:13.899 GMT+0200,182.101,182.062,0.0197,0.0203
29.04.2020 08:27:14.449 GMT+0200,182.127,182.08900000000003,0.0197,0.0203
29.04.2020 08:27:14.742 GMT+0200,182.132,182.092,0.0197,0.0203
29.04.2020 08:27:14.959 GMT+0200,182.09599999999998,182.05900000000003,0.0197,0.0203
29.04.2020 08:27:15.377 GMT+0200,182.101,182.05700000000002,0.0197,0.0203
29.04.2020 08:27:18.627 GMT+0200,182.131,182.095,0.0197,0.0203
29.04.2020 08:27:19.062 GMT+0200,182.13,182.088,0.0197,0.0203
29.04.2020 08:27:21.416 GMT+0200,182.113,182.074,0.0197,0.0203
29.04.2020 08:27:23.313 GMT+0200,182.12900000000002,182.092,0.0197,0.0203
29.04.2020 08:27:23.620 GMT+0200,182.125,182.09099999999998,0.0197,0.0203
29.04.2020 08:27:43.082 GMT+0200,182.128,182.095,0.0197,0.0203
29.04.2020 08:27:54.847 GMT+0200,182.16299999999998,182.12400000000002,0.0197,0.0203
29.04.2020 08:27:55.011 GMT+0200,182.161,182.122,0.0197,0.0203
29.04.2020 08:27:57.198 GMT+0200,182.19,182.15400000000002,0.0197,0.0203
29.04.2020 08:27:57.332 GMT+0200,182.19400000000002,182.153,0.0197,0.0203
29.04.2020 08:27:58.224 GMT+0200,182.187,182.157,0.0197,0.0203
29.04.2020 08:28:02.100 GMT+0200,182.158,182.12400000000002,0.0197,0.0203
29.04.2020 08:28:02.277 GMT+0200,182.16299999999998,182.11900000000003,0.0197,0.0203
29.04.2020 08:28:03.182 GMT+0200,182.161,182.12400000000002,0.0197,0.0203
29.04.2020 08:28:03.349 GMT+0200,182.125,182.095,0.0197,0.0203
29.04.2020 08:28:04.156 GMT+0200,182.125,182.09,0.0197,0.0203
29.04.2020 08:28:11.239 GMT+0200,182.15599999999998,182.12599999999998,0.0197,0.0203
29.04.2020 08:28:11.416 GMT+0200,182.161,182.122,0.0197,0.0203
29.04.2020 08:28:13.872 GMT+0200,182.127,182.09099999999998,0.0197,0.0203
29.04.2020 08:28:15.348 GMT+0200,182.125,182.088,0.0197,0.0203
29.04.2020 08:28:26.347 GMT+0200,182.128,182.09,0.0197,0.0203
29.04.2020 08:28:26.576 GMT+0200,182.132,182.092,0.0197,0.0203
29.04.2020 08:28:35.620 GMT+0200,182.131,182.093,0.0197,0.0203
29.04.2020 08:28:45.375 GMT+0200,182.12900000000002,182.092,0.0197,0.0203
29.04.2020 08:28:52.308 GMT+0200,182.127,182.088,0.0197,0.0203
29.04.2020 08:29:24.140 GMT+0200,182.15599999999998,182.12099999999998,0.0197,0.0203
29.04.2020 08:29:24.277 GMT+0200,182.162,182.122,0.0197,0.0203
29.04.2020 08:29:25.960 GMT+0200,182.158,182.12,0.0197,0.0203
29.04.2020 08:29:30.408 GMT+0200,182.18900000000002,182.157,0.0197,0.0203
29.04.2020 08:29:30.513 GMT+0200,182.19,182.155,0.0197,0.0203
29.04.2020 08:29:32.219 GMT+0200,182.192,182.15,0.0197,0.0203
29.04.2020 08:29:41.870 GMT+0200,182.19,182.15,0.0197,0.0203
29.04.2020 08:29:43.284 GMT+0200,182.192,182.15400000000002,0.0197,0.0203
29.04.2020 08:29:45.576 GMT+0200,182.187,182.15400000000002,0.0197,0.0203
29.04.2020 08:29:45.689 GMT+0200,182.19299999999998,182.15,0.0197,0.0203
29.04.2020 08:29:47.219 GMT+0200,182.19,182.15400000000002,0.0197,0.0203
29.04.2020 08:29:47.346 GMT+0200,182.192,182.15400000000002,0.0197,0.0203
29.04.2020 08:29:48.978 GMT+0200,182.192,182.15099999999998,0.0197,0.0203
29.04.2020 08:29:49.321 GMT+0200,182.191,182.155,0.0197,0.0203
29.04.2020 08:29:50.170 GMT+0200,182.19299999999998,182.15,0.0197,0.0203
29.04.2020 08:29:53.277 GMT+0200,182.187,182.15,0.0197,0.0203
29.04.2020 08:29:56.278 GMT+0200,182.192,182.153,0.0197,0.0203
29.04.2020 08:30:05.607 GMT+0200,182.19400000000002,182.155,0.0197,0.0203
29.04.2020 08:30:19.268 GMT+0200,182.192,182.15,0.0197,0.0203
29.04.2020 08:30:19.318 GMT+0200,182.15599999999998,182.12400000000002,0.0197,0.0203
29.04.2020 08:30:19.876 GMT+0200,182.15599999999998,182.12,0.0197,0.0203
29.04.2020 08:30:37.757 GMT+0200,182.16299999999998,182.11900000000003,0.0197,0.0203
29.04.2020 08:30:44.904 GMT+0200,182.128,182.095,0.0197,0.0203
29.04.2020 08:30:45.034 GMT+0200,182.13,182.095,0.0197,0.0203
29.04.2020 08:30:48.537 GMT+0200,182.101,182.06099999999998,0.0197,0.0203
29.04.2020 08:30:49.033 GMT+0200,182.101,182.05900000000003,0.0197,0.0203
29.04.2020 08:30:56.168 GMT+0200,182.125,182.08900000000003,0.0197,0.0203
29.04.2020 08:30:56.287 GMT+0200,182.132,182.09,0.0197,0.0203
29.04.2020 08:30:57.706 GMT+0200,182.12900000000002,182.09,0.0197,0.0203
29.04.2020 08:31:10.445 GMT+0200,182.1,182.06,0.0197,0.0203
29.04.2020 08:31:10.647 GMT+0200,182.09400000000002,182.058,0.0197,0.0203
29.04.2020 08:31:40.595 GMT+0200,182.101,182.06,0.0197,0.0203
29.04.2020 08:31:40.878 GMT+0200,182.097,182.06,0.0197,0.0203
29.04.2020 08:31:41.989 GMT+0200,182.09799999999998,182.06099999999998,0.0197,0.0203
29.04.2020 08:32:02.033 GMT+0200,182.09799999999998,182.062,0.0197,0.0203
29.04.2020 08:32:14.284 GMT+0200,182.097,182.058,0.0197,0.0203
29.04.2020 08:33:06.278 GMT+0200,182.097,182.06400000000002,0.0197,0.0203
29.04.2020 08:33:19.878 GMT+0200,182.09599999999998,182.06400000000002,0.0197,0.0203
29.04.2020 08:33:26.992 GMT+0200,182.09799999999998,182.058,0.0197,0.0203
29.04.2020 08:33:47.521 GMT+0200,182.09799999999998,182.05700000000002,0.0197,0.0203
29.04.2020 08:33:47.718 GMT+0200,182.1,182.05700000000002,0.0197,0.0203
29.04.2020 08:34:12.795 GMT+0200,182.066,182.025,0.0197,0.0203
29.04.2020 08:34:12.907 GMT+0200,182.09900000000002,182.06,0.0197,0.0203
29.04.2020 08:34:14.226 GMT+0200,182.09900000000002,182.05900000000003,0.0197,0.0203
29.04.2020 08:35:01.730 GMT+0200,182.131,182.09099999999998,0.0197,0.0203
29.04.2020 08:35:07.339 GMT+0200,182.13,182.08900000000003,0.0197,0.0203
29.04.2020 08:35:10.584 GMT+0200,182.113,182.077,0.0197,0.0203
29.04.2020 08:35:10.730 GMT+0200,182.101,182.05700000000002,0.0197,0.0203
29.04.2020 08:35:12.531 GMT+0200,182.09900000000002,182.06099999999998,0.0197,0.0203
29.04.2020 08:35:17.166 GMT+0200,182.09400000000002,182.058,0.0197,0.0203
29.04.2020 08:35:20.969 GMT+0200,182.101,182.062,0.0197,0.0203
29.04.2020 08:35:47.632 GMT+0200,182.101,182.05900000000003,0.0197,0.0203
29.04.2020 08:35:58.389 GMT+0200,182.09599999999998,182.06400000000002,0.0197,0.0203
29.04.2020 08:36:18.620 GMT+0200,182.1,182.06,0.0197,0.0203
29.04.2020 08:36:23.443 GMT+0200,182.097,182.062,0.0197,0.0203
29.04.2020 08:36:35.528 GMT+0200,182.09900000000002,182.06,0.0197,0.0203
29.04.2020 08:36:50.234 GMT+0200,182.101,182.06,0.0197,0.0203
29.04.2020 08:37:18.441 GMT+0200,182.128,182.092,0.0197,0.0203
29.04.2020 08:37:18.601 GMT+0200,182.13,182.093,0.0197,0.0203
29.04.2020 08:37:50.283 GMT+0200,182.132,182.093,0.0197,0.0203
29.04.2020 08:37:59.572 GMT+0200,182.16,182.122,0.0197,0.0203
29.04.2020 08:38:00.178 GMT+0200,182.15900000000002,182.12099999999998,0.0197,0.0203
29.04.2020 08:38:25.525 GMT+0200,182.162,182.12,0.0197,0.0203
29.04.2020 08:38:29.157 GMT+0200,182.131,182.093,0.0197,0.0203
29.04.2020 08:38:31.566 GMT+0200,182.1,182.06400000000002,0.0197,0.0203
29.04.2020 08:38:32.078 GMT+0200,182.1,182.05900000000003,0.0197,0.0203
29.04.2020 08:38:32.920 GMT+0200,182.12900000000002,182.095,0.0197,0.0203
29.04.2020 08:38:33.321 GMT+0200,182.132,182.092,0.0197,0.0203
29.04.2020 08:38:51.844 GMT+0200,182.11200000000002,182.072,0.0197,0.0203
29.04.2020 08:38:52.082 GMT+0200,182.11599999999999,182.077,0.0197,0.0203
29.04.2020 08:39:16.944 GMT+0200,182.128,182.09099999999998,0.0197,0.0203
29.04.2020 08:39:16.994 GMT+0200,182.09799999999998,182.05900000000003,0.0197,0.0203
29.04.2020 08:39:17.164 GMT+0200,182.097,182.058,0.0197,0.0203
29.04.2020 08:39:19.332 GMT+0200,182.11599999999999,182.073,0.0197,0.0203
29.04.2020 08:39:19.947 GMT+0200,182.128,182.093,0.0197,0.0203
29.04.2020 08:39:20.374 GMT+0200,182.12900000000002,182.088,0.0197,0.0203
29.04.2020 08:40:05.677 GMT+0200,182.109,182.077,0.0197,0.0203
29.04.2020 08:40:05.962 GMT+0200,182.113,182.072,0.0197,0.0203
29.04.2020 08:40:09.610 GMT+0200,182.097,182.062,0.0197,0.0203
29.04.2020 08:40:09.781 GMT+0200,182.09400000000002,182.06099999999998,0.0197,0.0203
29.04.2020 08:40:12.802 GMT+0200,182.09799999999998,182.058,0.0197,0.0203
29.04.2020 08:40:13.026 GMT+0200,182.097,182.05900000000003,0.0197,0.0203
29.04.2020 08:40:14.244 GMT+0200,182.08,182.044,0.0197,0.0203
29.04.2020 08:40:14.359 GMT+0200,182.06400000000002,182.02700000000002,0.0197,0.0203
29.04.2020 08:40:16.807 GMT+0200,182.09400000000002,182.06099999999998,0.0197,0.0203
29.04.2020 08:40:16.921 GMT+0200,182.09400000000002,182.058,0.0197,0.0203
29.04.2020 08:40:18.309 GMT+0200,182.09599999999998,182.05700000000002,0.0197,0.0203
29.04.2020 08:40:20.738 GMT+0200,182.066,182.032,0.0197,0.0203
29.04.2020 08:40:21.161 GMT+0200,182.066,182.02900000000002,0.0197,0.0203
29.04.2020 08:40:26.478 GMT+0200,182.06400000000002,182.02599999999998,0.0197,0.0203
29.04.2020 08:40:36.053 GMT+0200,182.066,182.028,0.0197,0.0203
29.04.2020 08:40:36.477 GMT+0200,182.08200000000002,182.041,0.0197,0.0203
29.04.2020 08:40:37.118 GMT+0200,182.083,182.04500000000002,0.0197,0.0203
29.04.2020 08:40:38.343 GMT+0200,182.1,182.062,0.0197,0.0203
29.04.2020 08:40:38.501 GMT+0200,182.09400000000002,182.06,0.0197,0.0203
29.04.2020 08:40:41.341 GMT+0200,182.085,182.044,0.0197,0.0203
29.04.2020 08:40:41.478 GMT+0200,182.083,182.046,0.0197,0.0203
29.04.2020 08:40:42.951 GMT+0200,182.101,182.06400000000002,0.0197,0.0203
29.04.2020 08:40:49.078 GMT+0200,182.127,182.093,0.0197,0.0203
29.04.2020 08:40:49.258 GMT+0200,182.131,182.092,0.0197,0.0203
29.04.2020 08:40:50.367 GMT+0200,182.09900000000002,182.06,0.0197,0.0203
29.04.2020 08:40:53.416 GMT+0200,182.09400000000002,182.06400000000002,0.0197,0.0203
29.04.2020 08:41:00.463 GMT+0200,182.09400000000002,182.05900000000003,0.0197,0.0203
29.04.2020 08:41:07.430 GMT+0200,182.11599999999999,182.077,0.0197,0.0203
29.04.2020 08:41:07.530 GMT+0200,182.097,182.06,0.0197,0.0203
29.04.2020 08:41:07.720 GMT+0200,182.09599999999998,182.05900000000003,0.0197,0.0203
29.04.2020 08:41:11.801 GMT+0200,182.101,182.06,0.0197,0.0203
29.04.2020 08:41:11.941 GMT+0200,182.09400000000002,182.05700000000002,0.0197,0.0203
29.04.2020 08:41:18.489 GMT+0200,182.125,182.095,0.0197,0.0203
29.04.2020 08:42:02.578 GMT+0200,182.128,182.093,0.0197,0.0203
29.04.2020 08:42:19.104 GMT+0200,182.097,182.06,0.0197,0.0203
29.04.2020 08:42:19.223 GMT+0200,182.09400000000002,182.062,0.0197,0.0203
29.04.2020 08:42:32.468 GMT+0200,182.101,182.06099999999998,0.0197,0.0203
29.04.2020 08:42:44.831 GMT+0200,182.09799999999998,182.05900000000003,0.0197,0.0203
29.04.2020 08:42:52.734 GMT+0200,182.085,182.048,0.0197,0.0203
29.04.2020 08:42:52.877 GMT+0200,182.062,182.025,0.0197,0.0203
29.04.2020 08:42:53.125 GMT+0200,182.06799999999998,182.025,0.0197,0.0203
29.04.2020 08:43:04.557 GMT+0200,182.09900000000002,182.062,0.0197,0.0203
29.04.2020 08:43:05.299 GMT+0200,182.09599999999998,182.05900000000003,0.0197,0.0203
29.04.2020 08:43:06.905 GMT+0200,182.067,182.02700000000002,0.0197,0.0203
29.04.2020 08:43:07.878 GMT+0200,182.06799999999998,182.02700000000002,0.0197,0.0203
29.04.2020 08:43:17.483 GMT+0200,182.083,182.043,0.0197,0.0203
29.04.2020 08:43:18.333 GMT+0200,182.081,182.041,0.0197,0.0203
29.04.2020 08:43:55.834 GMT+0200,182.066,182.025,0.0197,0.0203
29.04.2020 08:43:55.943 GMT+0200,182.067,182.03,0.0197,0.0203
29.04.2020 08:44:58.598 GMT+0200,182.06400000000002,182.02599999999998,0.0197,0.0203
29.04.2020 08:45:03.337 GMT+0200,182.066,182.028,0.0197,0.0203
29.04.2020 08:45:09.270 GMT+0200,182.037,181.99400000000003,0.0197,0.0203
29.04.2020 08:45:09.381 GMT+0200,182.037,181.99599999999998,0.0197,0.0203
29.04.2020 08:45:34.571 GMT+0200,182.062,182.02900000000002,0.0197,0.0203
29.04.2020 08:45:34.726 GMT+0200,182.065,182.03,0.0197,0.0203
29.04.2020 08:45:48.337 GMT+0200,182.066,182.025,0.0197,0.0203
29.04.2020 08:46:06.047 GMT+0200,182.065,182.02900000000002,0.0197,0.0203
29.04.2020 08:46:09.887 GMT+0200,182.05400000000003,182.013,0.0197,0.0203
29.04.2020 08:46:09.997 GMT+0200,182.03799999999998,181.997,0.0197,0.0203
29.04.2020 08:46:19.695 GMT+0200,182.033,181.998,0.0197,0.0203
29.04.2020 08:46:19.883 GMT+0200,182.035,181.99400000000003,0.0197,0.0203
29.04.2020 08:46:21.451 GMT+0200,182.03400000000002,181.99900000000002,0.0197,0.0203
29.04.2020 08:46:36.357 GMT+0200,182.035,181.99900000000002,0.0197,0.0203
29.04.2020 08:46:36.542 GMT+0200,182.037,182.00099999999998,0.0197,0.0203
29.04.2020 08:46:41.516 GMT+0200,182.036,181.998,0.0197,0.0203
29.04.2020 08:46:48.352 GMT+0200,182.033,181.99599999999998,0.0197,0.0203
29.04.2020 08:47:00.754 GMT+0200,182.033,181.998,0.0197,0.0203
29.04.2020 08:47:16.261 GMT+0200,182.036,181.99400000000003,0.0197,0.0203
29.04.2020 08:47:17.307 GMT+0200,182.03400000000002,181.995,0.0197,0.0203
29.04.2020 08:47:29.839 GMT+0200,182.03099999999998,181.99900000000002,0.0197,0.0203
29.04.2020 08:47:29.946 GMT+0200,182.033,181.99599999999998,0.0197,0.0203
29.04.2020 08:47:31.484 GMT+0200,182.03799999999998,181.995,0.0197,0.0203
29.04.2020 08:47:37.018 GMT+0200,182.03099999999998,181.99400000000003,0.0197,0.0203
29.04.2020 08:47:49.409 GMT+0200,182.03099999999998,181.997,0.0197,0.0203
29.04.2020 08:47:52.204 GMT+0200,182.033,181.995,0.0197,0.0203
29.04.2020 08:47:58.020 GMT+0200,182.03099999999998,182.00099999999998,0.0197,0.0203
29.04.2020 08:48:02.158 GMT+0200,182.037,182.00099999999998,0.0197,0.0203
29.04.2020 08:48:26.749 GMT+0200,182.03799999999998,182.00099999999998,0.0197,0.0203
29.04.2020 08:48:38.448 GMT+0200,182.06900000000002,182.02700000000002,0.0197,0.0203
29.04.2020 08:48:38.580 GMT+0200,182.06900000000002,182.03,0.0197,0.0203
29.04.2020 08:49:07.402 GMT+0200,182.035,181.998,0.0197,0.0203
29.04.2020 08:49:08.341 GMT+0200,182.03099999999998,181.998,0.0197,0.0203
29.04.2020 08:49:10.302 GMT+0200,182.036,181.99599999999998,0.0197,0.0203
29.04.2020 08:49:11.581 GMT+0200,182.067,182.02599999999998,0.0197,0.0203
29.04.2020 08:49:13.839 GMT+0200,182.067,182.025,0.0197,0.0203
29.04.2020 08:49:24.459 GMT+0200,182.066,182.02900000000002,0.0197,0.0203
29.04.2020 08:49:24.560 GMT+0200,182.06900000000002,182.02900000000002,0.0197,0.0203
29.04.2020 08:49:29.449 GMT+0200,182.066,182.028,0.0197,0.0203
29.04.2020 08:49:50.749 GMT+0200,182.06799999999998,182.02700000000002,0.0197,0.0203
29.04.2020 08:49:56.125 GMT+0200,182.05200000000002,182.01700000000002,0.0197,0.0203
29.04.2020 08:49:56.227 GMT+0200,182.037,181.998,0.0197,0.0203
29.04.2020 08:50:08.220 GMT+0200,182.062,182.02700000000002,0.0197,0.0203
29.04.2020 08:50:08.327 GMT+0200,182.06400000000002,182.02900000000002,0.0197,0.0203
29.04.2020 08:50:08.479 GMT+0200,182.047,182.012,0.0197,0.0203
29.04.2020 08:50:10.179 GMT+0200,182.05,182.011,0.0197,0.0203
29.04.2020 08:50:13.908 GMT+0200,182.033,181.99400000000003,0.0197,0.0203
29.04.2020 08:50:14.077 GMT+0200,182.051,182.01,0.0197,0.0203
29.04.2020 08:50:14.568 GMT+0200,182.05200000000002,182.01,0.0197,0.0203
29.04.2020 08:50:15.691 GMT+0200,182.06400000000002,182.032,0.0197,0.0203
29.04.2020 08:50:19.636 GMT+0200,182.06400000000002,182.02700000000002,0.0197,0.0203
29.04.2020 08:51:13.470 GMT+0200,182.051,182.011,0.0197,0.0203
29.04.2020 08:51:14.500 GMT+0200,182.049,182.011,0.0197,0.0203
29.04.2020 08:51:14.613 GMT+0200,182.037,181.99400000000003,0.0197,0.0203
29.04.2020 08:51:14.858 GMT+0200,182.06900000000002,182.02900000000002,0.0197,0.0203
29.04.2020 08:51:20.361 GMT+0200,182.065,182.02900000000002,0.0197,0.0203
29.04.2020 08:51:35.616 GMT+0200,182.035,182.00099999999998,0.0197,0.0203
29.04.2020 08:51:35.776 GMT+0200,182.036,182.00099999999998,0.0197,0.0203
29.04.2020 08:51:36.023 GMT+0200,182.067,182.032,0.0197,0.0203
29.04.2020 08:51:37.341 GMT+0200,182.05400000000003,182.01700000000002,0.0197,0.0203
29.04.2020 08:51:37.848 GMT+0200,182.053,182.013,0.0197,0.0203
29.04.2020 08:51:38.017 GMT+0200,182.062,182.028,0.0197,0.0203
29.04.2020 08:51:38.172 GMT+0200,182.06400000000002,182.02700000000002,0.0197,0.0203
29.04.2020 08:51:43.138 GMT+0200,182.067,182.02900000000002,0.0197,0.0203
29.04.2020 08:52:18.373 GMT+0200,182.09599999999998,182.06,0.0197,0.0203
29.04.2020 08:52:18.483 GMT+0200,182.09599999999998,182.05700000000002,0.0197,0.0203
29.04.2020 08:52:28.226 GMT+0200,182.097,182.06400000000002,0.0197,0.0203
29.04.2020 08:52:31.484 GMT+0200,182.1,182.062,0.0197,0.0203
29.04.2020 08:52:32.828 GMT+0200,182.09900000000002,182.06099999999998,0.0197,0.0203
29.04.2020 08:52:43.028 GMT+0200,182.09799999999998,182.058,0.0197,0.0203
29.04.2020 08:53:02.456 GMT+0200,182.09400000000002,182.06400000000002,0.0197,0.0203
29.04.2020 08:53:03.839 GMT+0200,182.1,182.05900000000003,0.0197,0.0203
29.04.2020 08:53:12.597 GMT+0200,182.08200000000002,182.043,0.0197,0.0203
29.04.2020 08:53:13.057 GMT+0200,182.08400000000003,182.042,0.0197,0.0203
29.04.2020 08:53:13.174 GMT+0200,182.097,182.06099999999998,0.0197,0.0203
29.04.2020 08:53:17.432 GMT+0200,182.066,182.028,0.0197,0.0203
29.04.2020 08:53:17.534 GMT+0200,182.09900000000002,182.062,0.0197,0.0203
29.04.2020 08:53:18.407 GMT+0200,182.09400000000002,182.05700000000002,0.0197,0.0203
29.04.2020 08:53:23.432 GMT+0200,182.081,182.048,0.0197,0.0203
29.04.2020 08:53:23.560 GMT+0200,182.067,182.025,0.0197,0.0203
29.04.2020 08:54:36.763 GMT+0200,182.035,182.00099999999998,0.0197,0.0203
29.04.2020 08:54:36.852 GMT+0200,182.062,182.02599999999998,0.0197,0.0203
29.04.2020 08:54:36.983 GMT+0200,182.066,182.02700000000002,0.0197,0.0203
29.04.2020 08:54:39.012 GMT+0200,182.06400000000002,182.02599999999998,0.0197,0.0203
29.04.2020 08:55:14.802 GMT+0200,182.06900000000002,182.03,0.0197,0.0203
29.04.2020 08:56:28.676 GMT+0200,182.033,181.997,0.0197,0.0203
29.04.2020 08:56:28.781 GMT+0200,182.033,181.99400000000003,0.0197,0.0203
29.04.2020 08:56:30.716 GMT+0200,182.03799999999998,181.998,0.0197,0.0203
29.04.2020 08:56:31.245 GMT+0200,182.007,181.967,0.0197,0.0203
29.04.2020 08:56:31.352 GMT+0200,182.005,181.96400000000003,0.0197,0.0203
29.04.2020 08:56:39.596 GMT+0200,182,181.965,0.0197,0.0203
29.04.2020 08:56:55.361 GMT+0200,182.002,181.965,0.0197,0.0203
29.04.2020 08:57:04.919 GMT+0200,182.006,181.96400000000003,0.0197,0.0203
29.04.2020 08:57:15.336 GMT+0200,182.005,181.963,0.0197,0.0203
29.04.2020 08:57:16.500 GMT+0200,182.003,181.97,0.0197,0.0203
29.04.2020 08:57:18.413 GMT+0200,182,181.96400000000003,0.0197,0.0203
29.04.2020 08:57:18.860 GMT+0200,182.005,181.967,0.0197,0.0203
29.04.2020 08:57:20.660 GMT+0200,182.002,181.96400000000003,0.0197,0.0203
29.04.2020 08:58:47.957 GMT+0200,182,181.963,0.0197,0.0203
29.04.2020 08:59:20.669 GMT+0200,181.97400000000002,181.937,0.0197,0.0203
29.04.2020 08:59:20.972 GMT+0200,181.97299999999998,181.937,0.0197,0.0203
29.04.2020 08:59:22.268 GMT+0200,181.976,181.93400000000003,0.0197,0.0203
29.04.2020 08:59:22.564 GMT+0200,181.975,181.93900000000002,0.0197,0.0203
29.04.2020 08:59:24.546 GMT+0200,181.975,181.93599999999998,0.0197,0.0203
29.04.2020 08:59:24.836 GMT+0200,181.96900000000002,181.93900000000002,0.0197,0.0203
29.04.2020 08:59:28.640 GMT+0200,181.97099999999998,181.93200000000002,0.0197,0.0203
29.04.2020 08:59:38.718 GMT+0200,181.94299999999998,181.9,0.0197,0.0203
29.04.2020 08:59:38.838 GMT+0200,181.94,181.905,0.0197,0.0203
29.04.2020 08:59:40.297 GMT+0200,181.97099999999998,181.93400000000003,0.0197,0.0203
29.04.2020 08:59:40.348 GMT+0200,181.94400000000002,181.90099999999998,0.0197,0.0203
29.04.2020 08:59:41.823 GMT+0200,181.958,181.92000000000002,0.0197,0.0203
29.04.2020 08:59:42.002 GMT+0200,181.95900000000003,181.921,0.0197,0.0203
29.04.2020 08:59:44.345 GMT+0200,181.975,181.935,0.0197,0.0203
29.04.2020 08:59:44.474 GMT+0200,181.942,181.907,0.0197,0.0203
29.04.2020 08:59:44.825 GMT+0200,181.941,181.9,0.0197,0.0203
29.04.2020 08:59:55.064 GMT+0200,181.94299999999998,181.907,0.0197,0.0203
29.04.2020 08:59:58.293 GMT+0200,181.94,181.907,0.0197,0.0203
29.04.2020 09:00:02.839 GMT+0200,181.97099999999998,181.93200000000002,0.0197,0.0203
29.04.2020 09:00:02.959 GMT+0200,181.988,181.947,0.0197,0.0203
29.04.2020 09:00:03.068 GMT+0200,182,181.96400000000003,0.0197,0.0203
29.04.2020 09:00:03.432 GMT+0200,182.007,181.965,0.0197,0.0203
29.04.2020 09:00:05.082 GMT+0200,182.002,181.96599999999998,0.0197,0.0203
29.04.2020 09:00:06.763 GMT+0200,182.007,181.967,0.0197,0.0203
29.04.2020 09:00:08.144 GMT+0200,182,181.965,0.0197,0.0203
29.04.2020 09:00:10.693 GMT+0200,182.033,181.995,0.0197,0.0203
29.04.2020 09:00:10.797 GMT+0200,182.037,181.997,0.0197,0.0203
29.04.2020 09:00:11.253 GMT+0200,182.03400000000002,182.00099999999998,0.0197,0.0203
29.04.2020 09:00:15.871 GMT+0200,182.037,181.99599999999998,0.0197,0.0203
29.04.2020 09:00:16.250 GMT+0200,182.03099999999998,181.99599999999998,0.0197,0.0203
29.04.2020 09:00:20.318 GMT+0200,182.05200000000002,182.012,0.0197,0.0203
29.04.2020 09:00:20.457 GMT+0200,182.062,182.025,0.0197,0.0203
29.04.2020 09:00:20.663 GMT+0200,182.06400000000002,182.02599999999998,0.0197,0.0203
29.04.2020 09:00:21.458 GMT+0200,182.066,182.03,0.0197,0.0203
29.04.2020 09:00:24.060 GMT+0200,182.035,181.995,0.0197,0.0203
29.04.2020 09:00:36.791 GMT+0200,182.066,182.03,0.0197,0.0203
29.04.2020 09:00:37.225 GMT+0200,182.062,182.032,0.0197,0.0203
29.04.2020 09:00:38.615 GMT+0200,182.067,182.02599999999998,0.0197,0.0203
29.04.2020 09:00:40.907 GMT+0200,182.06900000000002,182.025,0.0197,0.0203
29.04.2020 09:00:41.636 GMT+0200,182.066,182.02700000000002,0.0197,0.0203
29.04.2020 09:00:46.651 GMT+0200,182.036,181.997,0.0197,0.0203
29.04.2020 09:00:46.754 GMT+0200,182.035,181.997,0.0197,0.0203
29.04.2020 09:00:46.878 GMT+0200,182.03099999999998,181.997,0.0197,0.0203
29.04.2020 09:00:48.001 GMT+0200,182.033,181.995,0.0197,0.0203
29.04.2020 09:00:49.813 GMT+0200,182.066,182.028,0.0197,0.0203
29.04.2020 09:00:50.222 GMT+0200,182.067,182.02900000000002,0.0197,0.0203
29.04.2020 09:01:02.536 GMT+0200,182.065,182.02700000000002,0.0197,0.0203
29.04.2020 09:01:02.690 GMT+0200,182.081,182.044,0.0197,0.0203
29.04.2020 09:01:03.465 GMT+0200,182.067,182.02700000000002,0.0197,0.0203
29.04.2020 09:01:03.910 GMT+0200,182.06900000000002,182.025,0.0197,0.0203
29.04.2020 09:01:06.825 GMT+0200,182.1,182.062,0.0197,0.0203
29.04.2020 09:01:06.930 GMT+0200,182.1,182.05700000000002,0.0197,0.0203
29.04.2020 09:01:30.044 GMT+0200,182.078,182.044,0.0197,0.0203
29.04.2020 09:01:35.814 GMT+0200,182.06799999999998,182.032,0.0197,0.0203
29.04.2020 09:01:46.351 GMT+0200,182.03099999999998,181.995,0.0197,0.0203
29.04.2020 09:01:46.408 GMT+0200,182.067,182.02700000000002,0.0197,0.0203
29.04.2020 09:01:46.458 GMT+0200,182.03400000000002,181.99599999999998,0.0197,0.0203
29.04.2020 09:01:46.984 GMT+0200,182.03099999999998,181.998,0.0197,0.0203
29.04.2020 09:01:48.099 GMT+0200,182.033,181.99400000000003,0.0197,0.0203
29.04.2020 09:01:50.911 GMT+0200,182.033,181.99900000000002,0.0197,0.0203
29.04.2020 09:01:51.016 GMT+0200,182.03799999999998,181.997,0.0197,0.0203
29.04.2020 09:01:53.561 GMT+0200,182.037,181.99599999999998,0.0197,0.0203
29.04.2020 09:01:55.287 GMT+0200,182.035,181.995,0.0197,0.0203
29.04.2020 09:01:56.363 GMT+0200,182.03400000000002,181.99400000000003,0.0197,0.0203
29.04.2020 09:01:59.465 GMT+0200,182.03799999999998,181.99900000000002,0.0197,0.0203
29.04.2020 09:02:02.146 GMT+0200,182.037,181.995,0.0197,0.0203
29.04.2020 09:02:03.619 GMT+0200,182.06900000000002,182.032,0.0197,0.0203
29.04.2020 09:02:04.053 GMT+0200,182.06400000000002,182.02900000000002,0.0197,0.0203
29.04.2020 09:02:07.293 GMT+0200,182.049,182.01700000000002,0.0197,0.0203
29.04.2020 09:02:08.779 GMT+0200,182.053,182.011,0.0197,0.0203
29.04.2020 09:02:10.824 GMT+0200,182.03099999999998,181.99900000000002,0.0197,0.0203
29.04.2020 09:02:11.085 GMT+0200,182.036,182.00099999999998,0.0197,0.0203
29.04.2020 09:02:18.038 GMT+0200,182.035,181.99400000000003,0.0197,0.0203
29.04.2020 09:02:19.178 GMT+0200,182.037,181.995,0.0197,0.0203
29.04.2020 09:02:27.480 GMT+0200,182.033,182.00099999999998,0.0197,0.0203
29.04.2020 09:02:27.590 GMT+0200,182.03400000000002,181.99400000000003,0.0197,0.0203
29.04.2020 09:02:37.064 GMT+0200,182.03400000000002,182.00099999999998,0.0197,0.0203
29.04.2020 09:02:37.319 GMT+0200,182.03400000000002,181.997,0.0197,0.0203
29.04.2020 09:02:40.453 GMT+0200,182.03099999999998,181.995,0.0197,0.0203
29.04.2020 09:02:44.663 GMT+0200,182.035,181.99400000000003,0.0197,0.0203
29.04.2020 09:02:48.822 GMT+0200,182.037,182.00099999999998,0.0197,0.0203
29.04.2020 09:02:48.902 GMT+0200,182.06900000000002,182.028,0.0197,0.0203
29.04.2020 09:02:51.049 GMT+0200,182.06799999999998,182.03,0.0197,0.0203
29.04.2020 09:02:51.279 GMT+0200,182.03099999999998,181.998,0.0197,0.0203
29.04.2020 09:02:51.424 GMT+0200,182.037,181.99900000000002,0.0197,0.0203
29.04.2020 09:02:54.051 GMT+0200,182.033,181.99599999999998,0.0197,0.0203
29.04.2020 09:03:07.526 GMT+0200,182.005,181.97,0.0197,0.0203
29.04.2020 09:03:07.641 GMT+0200,182.006,181.967,0.0197,0.0203
29.04.2020 09:03:11.481 GMT+0200,182,181.963,0.0197,0.0203
29.04.2020 09:03:13.256 GMT+0200,181.97099999999998,181.93599999999998,0.0197,0.0203
29.04.2020 09:03:15.732 GMT+0200,181.97299999999998,181.93200000000002,0.0197,0.0203
29.04.2020 09:03:17.524 GMT+0200,181.975,181.93400000000003,0.0197,0.0203
29.04.2020 09:03:18.901 GMT+0200,181.975,181.93200000000002,0.0197,0.0203
29.04.2020 09:03:30.409 GMT+0200,181.975,181.937,0.0197,0.0203
29.04.2020 09:03:36.292 GMT+0200,181.96900000000002,181.93900000000002,0.0197,0.0203
29.04.2020 09:03:37.474 GMT+0200,181.972,181.935,0.0197,0.0203
29.04.2020 09:03:39.644 GMT+0200,181.97099999999998,181.937,0.0197,0.0203
29.04.2020 09:03:39.702 GMT+0200,181.941,181.9,0.0197,0.0203
29.04.2020 09:03:39.831 GMT+0200,181.942,181.905,0.0197,0.0203
29.04.2020 09:03:43.160 GMT+0200,181.97400000000002,181.933,0.0197,0.0203
29.04.2020 09:03:43.280 GMT+0200,181.97299999999998,181.93200000000002,0.0197,0.0203
29.04.2020 09:03:45.040 GMT+0200,181.972,181.93400000000003,0.0197,0.0203
29.04.2020 09:03:45.145 GMT+0200,181.96900000000002,181.93900000000002,0.0197,0.0203
29.04.2020 09:04:03.021 GMT+0200,181.942,181.90099999999998,0.0197,0.0203
29.04.2020 09:04:03.917 GMT+0200,181.93900000000002,181.9,0.0197,0.0203
29.04.2020 09:04:04.929 GMT+0200,181.94400000000002,181.907,0.0197,0.0203
29.04.2020 09:04:07.509 GMT+0200,181.94,181.905,0.0197,0.0203
29.04.2020 09:04:08.737 GMT+0200,181.94299999999998,181.905,0.0197,0.0203
29.04.2020 09:04:16.519 GMT+0200,181.937,181.90099999999998,0.0197,0.0203
29.04.2020 09:04:24.761 GMT+0200,181.94299999999998,181.903,0.0197,0.0203
29.04.2020 09:04:34.329 GMT+0200,181.91,181.87400000000002,0.0197,0.0203
29.04.2020 09:04:35.065 GMT+0200,181.908,181.873,0.0197,0.0203
29.04.2020 09:04:37.032 GMT+0200,181.93900000000002,181.903,0.0197,0.0203
29.04.2020 09:04:37.136 GMT+0200,181.937,181.903,0.0197,0.0203
29.04.2020 09:04:38.172 GMT+0200,181.90599999999998,181.87099999999998,0.0197,0.0203
29.04.2020 09:04:38.328 GMT+0200,181.90900000000002,181.86900000000003,0.0197,0.0203
29.04.2020 09:04:42.018 GMT+0200,181.908,181.872,0.0197,0.0203
29.04.2020 09:05:00.374 GMT+0200,181.88,181.843,0.0197,0.0203
29.04.2020 09:05:00.542 GMT+0200,181.877,181.842,0.0197,0.0203
29.04.2020 09:05:01.062 GMT+0200,181.894,181.861,0.0197,0.0203
29.04.2020 09:05:02.460 GMT+0200,181.91299999999998,181.872,0.0197,0.0203
29.04.2020 09:05:02.988 GMT+0200,181.908,181.873,0.0197,0.0203
29.04.2020 09:05:10.073 GMT+0200,181.896,181.861,0.0197,0.0203
29.04.2020 09:05:10.180 GMT+0200,181.893,181.858,0.0197,0.0203
29.04.2020 09:05:11.145 GMT+0200,181.878,181.838,0.0197,0.0203
29.04.2020 09:05:11.248 GMT+0200,181.881,181.84,0.0197,0.0203
29.04.2020 09:05:12.064 GMT+0200,181.875,181.838,0.0197,0.0203
29.04.2020 09:05:13.836 GMT+0200,181.85,181.81,0.0197,0.0203
29.04.2020 09:05:13.981 GMT+0200,181.861,181.824,0.0197,0.0203
29.04.2020 09:05:14.096 GMT+0200,181.86599999999999,181.822,0.0197,0.0203
29.04.2020 09:05:15.782 GMT+0200,181.84400000000002,181.808,0.0197,0.0203
29.04.2020 09:05:16.112 GMT+0200,181.84400000000002,181.812,0.0197,0.0203
29.04.2020 09:05:17.144 GMT+0200,181.877,181.84099999999998,0.0197,0.0203
29.04.2020 09:05:17.796 GMT+0200,181.88,181.838,0.0197,0.0203
29.04.2020 09:05:24.961 GMT+0200,181.87900000000002,181.838,0.0197,0.0203
29.04.2020 09:05:26.873 GMT+0200,181.882,181.842,0.0197,0.0203
29.04.2020 09:05:29.115 GMT+0200,181.91,181.872,0.0197,0.0203
29.04.2020 09:05:29.281 GMT+0200,181.877,181.84,0.0197,0.0203
29.04.2020 09:05:30.149 GMT+0200,181.875,181.845,0.0197,0.0203
29.04.2020 09:05:35.337 GMT+0200,181.88,181.842,0.0197,0.0203
29.04.2020 09:05:38.229 GMT+0200,181.882,181.845,0.0197,0.0203
29.04.2020 09:05:55.068 GMT+0200,181.847,181.81400000000002,0.0197,0.0203
29.04.2020 09:05:55.266 GMT+0200,181.84400000000002,181.81099999999998,0.0197,0.0203
29.04.2020 09:05:55.494 GMT+0200,181.865,181.822,0.0197,0.0203
29.04.2020 09:05:55.696 GMT+0200,181.851,181.81400000000002,0.0197,0.0203
29.04.2020 09:05:57.383 GMT+0200,181.84900000000002,181.80700000000002,0.0197,0.0203
29.04.2020 09:06:01.514 GMT+0200,181.83400000000003,181.798,0.0197,0.0203
29.04.2020 09:06:01.622 GMT+0200,181.83,181.793,0.0197,0.0203
29.04.2020 09:06:01.734 GMT+0200,181.83,181.798,0.0197,0.0203
29.04.2020 09:06:03.180 GMT+0200,181.85,181.808,0.0197,0.0203
29.04.2020 09:06:04.443 GMT+0200,181.84400000000002,181.808,0.0197,0.0203
29.04.2020 09:06:18.072 GMT+0200,181.882,181.84099999999998,0.0197,0.0203
29.04.2020 09:06:19.082 GMT+0200,181.875,181.845,0.0197,0.0203
29.04.2020 09:06:21.625 GMT+0200,181.878,181.845,0.0197,0.0203
29.04.2020 09:06:46.619 GMT+0200,181.88,181.843,0.0197,0.0203
29.04.2020 09:06:47.805 GMT+0200,181.877,181.843,0.0197,0.0203
29.04.2020 09:07:03.352 GMT+0200,181.865,181.822,0.0197,0.0203
29.04.2020 09:07:04.065 GMT+0200,181.878,181.84099999999998,0.0197,0.0203
29.04.2020 09:07:04.180 GMT+0200,181.882,181.838,0.0197,0.0203
29.04.2020 09:07:04.920 GMT+0200,181.88,181.84,0.0197,0.0203
29.04.2020 09:07:14.637 GMT+0200,181.875,181.838,0.0197,0.0203
29.04.2020 09:07:16.078 GMT+0200,181.875,181.84,0.0197,0.0203
29.04.2020 09:07:21.179 GMT+0200,181.882,181.838,0.0197,0.0203
29.04.2020 09:07:25.891 GMT+0200,181.86200000000002,181.82500000000002,0.0197,0.0203
29.04.2020 09:07:26.073 GMT+0200,181.847,181.81400000000002,0.0197,0.0203
29.04.2020 09:07:29.186 GMT+0200,181.851,181.80700000000002,0.0197,0.0203
29.04.2020 09:07:36.400 GMT+0200,181.835,181.794,0.0197,0.0203
29.04.2020 09:07:37.153 GMT+0200,181.828,181.792,0.0197,0.0203
29.04.2020 09:07:39.728 GMT+0200,181.81400000000002,181.782,0.0197,0.0203
29.04.2020 09:07:39.815 GMT+0200,181.85,181.80700000000002,0.0197,0.0203
29.04.2020 09:07:39.901 GMT+0200,181.81400000000002,181.775,0.0197,0.0203
29.04.2020 09:07:45.825 GMT+0200,181.815,181.78,0.0197,0.0203
29.04.2020 09:07:47.620 GMT+0200,181.81900000000002,181.77599999999998,0.0197,0.0203
29.04.2020 09:07:48.552 GMT+0200,181.817,181.775,0.0197,0.0203
29.04.2020 09:07:57.877 GMT+0200,181.81900000000002,181.778,0.0197,0.0203
29.04.2020 09:07:58.622 GMT+0200,181.812,181.775,0.0197,0.0203
29.04.2020 09:08:23.686 GMT+0200,181.8,181.762,0.0197,0.0203
29.04.2020 09:08:23.812 GMT+0200,181.799,181.763,0.0197,0.0203
29.04.2020 09:08:24.748 GMT+0200,181.80200000000002,181.761,0.0197,0.0203
29.04.2020 09:08:24.973 GMT+0200,181.817,181.782,0.0197,0.0203
29.04.2020 09:08:25.151 GMT+0200,181.812,181.77599999999998,0.0197,0.0203
29.04.2020 09:08:34.588 GMT+0200,181.816,181.77599999999998,0.0197,0.0203
29.04.2020 09:08:36.176 GMT+0200,181.847,181.812,0.0197,0.0203
29.04.2020 09:08:36.481 GMT+0200,181.84599999999998,181.81,0.0197,0.0203
29.04.2020 09:08:37.173 GMT+0200,181.815,181.77599999999998,0.0197,0.0203
29.04.2020 09:08:37.283 GMT+0200,181.81900000000002,181.77900000000002,0.0197,0.0203
29.04.2020 09:08:38.276 GMT+0200,181.828,181.798,0.0197,0.0203
29.04.2020 09:08:38.417 GMT+0200,181.84400000000002,181.81,0.0197,0.0203
29.04.2020 09:08:38.924 GMT+0200,181.851,181.808,0.0197,0.0203
29.04.2020 09:09:00.280 GMT+0200,181.84400000000002,181.81099999999998,0.0197,0.0203
29.04.2020 09:09:21.803 GMT+0200,181.816,181.77900000000002,0.0197,0.0203
29.04.2020 09:09:23.501 GMT+0200,181.81900000000002,181.77900000000002,0.0197,0.0203
29.04.2020 09:09:25.195 GMT+0200,181.817,181.782,0.0197,0.0203
29.04.2020 09:09:31.268 GMT+0200,181.812,181.77700000000002,0.0197,0.0203
29.04.2020 09:10:00.073 GMT+0200,181.81799999999998,181.77700000000002,0.0197,0.0203
29.04.2020 09:10:06.557 GMT+0200,181.816,181.77599999999998,0.0197,0.0203
29.04.2020 09:10:10.415 GMT+0200,181.81400000000002,181.77700000000002,0.0197,0.0203
29.04.2020 09:10:13.107 GMT+0200,181.81900000000002,181.782,0.0197,0.0203
29.04.2020 09:10:28.043 GMT+0200,181.815,181.78,0.0197,0.0203
29.04.2020 09:10:46.518 GMT+0200,181.815,181.778,0.0197,0.0203
29.04.2020 09:10:49.136 GMT+0200,181.815,181.77599999999998,0.0197,0.0203
29.04.2020 09:10:55.198 GMT+0200,181.81400000000002,181.778,0.0197,0.0203
29.04.2020 09:10:56.965 GMT+0200,181.81799999999998,181.782,0.0197,0.0203
29.04.2020 09:11:03.302 GMT+0200,181.799,181.76700000000002,0.0197,0.0203
29.04.2020 09:11:03.428 GMT+0200,181.787,181.74400000000003,0.0197,0.0203
29.04.2020 09:11:03.858 GMT+0200,181.799,181.76,0.0197,0.0203
29.04.2020 09:11:03.984 GMT+0200,181.787,181.74900000000002,0.0197,0.0203
29.04.2020 09:11:04.523 GMT+0200,181.78799999999998,181.748,0.0197,0.0203
29.04.2020 09:11:10.038 GMT+0200,181.78400000000002,181.74400000000003,0.0197,0.0203
29.04.2020 09:11:14.044 GMT+0200,181.78799999999998,181.74400000000003,0.0197,0.0203
29.04.2020 09:11:14.477 GMT+0200,181.756,181.718,0.0197,0.0203
29.04.2020 09:11:14.581 GMT+0200,181.769,181.736,0.0197,0.0203
29.04.2020 09:11:15.808 GMT+0200,181.78400000000002,181.748,0.0197,0.0203
29.04.2020 09:11:15.910 GMT+0200,181.785,181.74400000000003,0.0197,0.0203
29.04.2020 09:11:19.038 GMT+0200,181.77,181.731,0.0197,0.0203
29.04.2020 09:11:20.624 GMT+0200,181.771,181.736,0.0197,0.0203
29.04.2020 09:11:21.155 GMT+0200,181.753,181.71400000000003,0.0197,0.0203
29.04.2020 09:11:21.262 GMT+0200,181.75,181.717,0.0197,0.0203
29.04.2020 09:11:21.550 GMT+0200,181.768,181.736,0.0197,0.0203
29.04.2020 09:11:21.961 GMT+0200,181.773,181.733,0.0197,0.0203
29.04.2020 09:11:22.499 GMT+0200,181.786,181.74400000000003,0.0197,0.0203
29.04.2020 09:11:22.594 GMT+0200,181.753,181.718,0.0197,0.0203
29.04.2020 09:11:23.064 GMT+0200,181.753,181.713,0.0197,0.0203
29.04.2020 09:11:26.802 GMT+0200,181.752,181.72,0.0197,0.0203
29.04.2020 09:11:40.141 GMT+0200,181.752,181.717,0.0197,0.0203
29.04.2020 09:11:40.191 GMT+0200,181.783,181.748,0.0197,0.0203
29.04.2020 09:11:41.002 GMT+0200,181.787,181.74900000000002,0.0197,0.0203
29.04.2020 09:11:57.277 GMT+0200,181.81799999999998,181.782,0.0197,0.0203
29.04.2020 09:11:57.696 GMT+0200,181.801,181.764,0.0197,0.0203
29.04.2020 09:11:59.991 GMT+0200,181.783,181.74599999999998,0.0197,0.0203
29.04.2020 09:12:00.193 GMT+0200,181.815,181.77700000000002,0.0197,0.0203
29.04.2020 09:12:00.544 GMT+0200,181.81799999999998,181.77900000000002,0.0197,0.0203
29.04.2020 09:12:04.955 GMT+0200,181.81400000000002,181.77900000000002,0.0197,0.0203
29.04.2020 09:12:07.476 GMT+0200,181.81900000000002,181.778,0.0197,0.0203
