Local time,Ask,Bid,AskVolume,BidVolume
17.09.2014 00:09:40.096 GMT+0100,1999.8110000000001,1999.3529999999998,0.0037,0.0037
17.09.2014 00:21:54.833 GMT+0100,1999.825,1999.392,0.0037,0.0037
17.09.2014 00:23:46.236 GMT+0100,1999.615,1999.1670000000001,0.0037,0.0037
17.09.2014 00:27:09.236 GMT+0100,1999.824,1999.3770000000002,0.0037,0.0037
17.09.2014 00:32:59.551 GMT+0100,1999.6360000000002,1999.149,0.0037,0.0037
17.09.2014 00:40:30.559 GMT+0100,1999.819,1999.372,0.0037,0.0037
17.09.2014 00:40:30.860 GMT+0100,1999.753,1999.246,0.0037,0.0037
17.09.2014 00:40:33.364 GMT+0100,1999.644,1999.158,0.0037,0.0037
17.09.2014 00:40:40.008 GMT+0100,1999.8310000000001,1999.349,0.0037,0.0037
17.09.2014 00:43:54.559 GMT+0100,2000.119,1999.673,0.0037,0.0037
17.09.2014 00:44:27.293 GMT+0100,1999.82,1999.39,0.0037,0.0037
17.09.2014 00:48:02.815 GMT+0100,2000.138,1999.6620000000003,0.0037,0.0037
17.09.2014 01:00:02.163 GMT+0100,2000.346,1999.864,0.0037,0.0037
17.09.2014 01:00:16.279 GMT+0100,2000.1370000000002,1999.6470000000002,0.0037,0.0037
17.09.2014 01:05:24.298 GMT+0100,1999.8400000000001,1999.359,0.0037,0.0037
17.09.2014 01:05:46.625 GMT+0100,1999.641,1999.153,0.0037,0.0037
17.09.2014 01:07:30.551 GMT+0100,1999.314,1998.861,0.0037,0.0037
17.09.2014 01:07:32.056 GMT+0100,1999.6370000000002,1999.16,0.0037,0.0037
17.09.2014 01:08:20.837 GMT+0100,1999.354,1998.874,0.0037,0.0037
17.09.2014 01:12:40.991 GMT+0100,1999.138,1998.661,0.0037,0.0037
17.09.2014 01:16:00.792 GMT+0100,1999.332,1998.852,0.0037,0.0037
17.09.2014 01:16:01.294 GMT+0100,1999.124,1998.658,0.0037,0.0037
17.09.2014 01:18:38.656 GMT+0100,1999.334,1998.895,0.0037,0.0037
17.09.2014 01:35:28.661 GMT+0100,1999.112,1998.68,0.0037,0.0037
17.09.2014 01:35:48.582 GMT+0100,1999.352,1998.8700000000001,0.0037,0.0037
17.09.2014 01:38:30.744 GMT+0100,1999.132,1998.683,0.0037,0.0037
17.09.2014 01:38:57.071 GMT+0100,1999.3410000000001,1998.8600000000001,0.0037,0.0037
17.09.2014 01:41:30.726 GMT+0100,1999.112,1998.6520000000003,0.0037,0.0037
17.09.2014 01:42:18.270 GMT+0100,1999.324,1998.858,0.0037,0.0037
17.09.2014 01:42:29.882 GMT+0100,1999.14,1998.691,0.0037,0.0037
17.09.2014 01:52:35.295 GMT+0100,1998.834,1998.369,0.0037,0.0037
17.09.2014 01:57:30.400 GMT+0100,1999.151,1998.695,0.0037,0.0037
17.09.2014 01:57:59.937 GMT+0100,1998.815,1998.372,0.0037,0.0037
17.09.2014 02:05:57.927 GMT+0100,1999.128,1998.665,0.0037,0.0037
17.09.2014 02:08:19.371 GMT+0100,1999.348,1998.881,0.0037,0.0037
17.09.2014 02:08:34.989 GMT+0100,1999.15,1998.6720000000003,0.0037,0.0037
17.09.2014 02:11:58.296 GMT+0100,1998.81,1998.394,0.0037,0.0037
17.09.2014 02:14:56.586 GMT+0100,1998.641,1998.183,0.0037,0.0037
17.09.2014 02:18:58.145 GMT+0100,1998.3410000000001,1997.889,0.0037,0.0037
17.09.2014 02:23:46.897 GMT+0100,1998.635,1998.189,0.0037,0.0037
17.09.2014 02:27:47.507 GMT+0100,1998.3470000000002,1997.875,0.0037,0.0037
17.09.2014 02:29:12.995 GMT+0100,1998.1129999999998,1997.671,0.0037,0.0037
17.09.2014 02:30:25.977 GMT+0100,1997.8270000000002,1997.3600000000001,0.0037,0.0037
17.09.2014 02:30:47.932 GMT+0100,1997.609,1997.183,0.0037,0.0037
17.09.2014 02:30:55.017 GMT+0100,1997.8329999999999,1997.361,0.0037,0.0037
17.09.2014 02:31:47.778 GMT+0100,1998.1470000000002,1997.6720000000003,0.0037,0.0037
17.09.2014 02:31:57.491 GMT+0100,1997.814,1997.381,0.0037,0.0037
17.09.2014 02:36:25.180 GMT+0100,1997.6070000000002,1997.1770000000001,0.0037,0.0037
17.09.2014 02:36:40.831 GMT+0100,1997.8170000000002,1997.3629999999998,0.0037,0.0037
17.09.2014 02:37:39.693 GMT+0100,1997.624,1997.1779999999999,0.0037,0.0037
17.09.2014 02:41:08.113 GMT+0100,1997.842,1997.381,0.0037,0.0037
17.09.2014 02:41:11.217 GMT+0100,1997.6129999999998,1997.1620000000003,0.0037,0.0037
17.09.2014 02:41:18.928 GMT+0100,1997.8070000000002,1997.351,0.0037,0.0037
17.09.2014 02:41:47.865 GMT+0100,1997.6270000000002,1997.1570000000002,0.0037,0.0037
17.09.2014 02:42:02.985 GMT+0100,1997.846,1997.365,0.0037,0.0037
17.09.2014 02:45:38.622 GMT+0100,1998.115,1997.6720000000003,0.0037,0.0037
17.09.2014 02:48:36.423 GMT+0100,1998.3220000000001,1997.858,0.0037,0.0037
17.09.2014 02:49:21.078 GMT+0100,1998.635,1998.158,0.0037,0.0037
17.09.2014 02:50:11.035 GMT+0100,1998.332,1997.8700000000001,0.0037,0.0037
17.09.2014 02:51:32.232 GMT+0100,1998.142,1997.663,0.0037,0.0037
17.09.2014 02:51:32.633 GMT+0100,1998.3210000000001,1997.8760000000002,0.0037,0.0037
17.09.2014 02:51:58.461 GMT+0100,1998.639,1998.1589999999999,0.0037,0.0037
17.09.2014 02:55:16.772 GMT+0100,1998.834,1998.356,0.0037,0.0037
17.09.2014 02:55:27.587 GMT+0100,1998.6370000000002,1998.1660000000002,0.0037,0.0037
17.09.2014 02:56:54.281 GMT+0100,1998.842,1998.374,0.0037,0.0037
17.09.2014 02:59:12.988 GMT+0100,1998.642,1998.1760000000002,0.0037,0.0037
17.09.2014 03:04:14.532 GMT+0100,1998.8210000000001,1998.3860000000002,0.0037,0.0037
17.09.2014 03:05:02.785 GMT+0100,1998.75,1998.249,0.0037,0.0037
17.09.2014 03:05:03.187 GMT+0100,1998.849,1998.375,0.0037,0.0037
17.09.2014 03:05:22.044 GMT+0100,1998.717,1998.247,0.0037,0.0037
17.09.2014 03:05:28.713 GMT+0100,1998.654,1998.174,0.0037,0.0037
17.09.2014 03:05:35.621 GMT+0100,1998.846,1998.3500000000001,0.0037,0.0037
17.09.2014 03:05:37.725 GMT+0100,1998.7220000000002,1998.2839999999999,0.0037,0.0037
17.09.2014 03:05:41.331 GMT+0100,1998.8600000000001,1998.3670000000002,0.0037,0.0037
17.09.2014 03:17:06.926 GMT+0100,1999.1070000000002,1998.661,0.0037,0.0037
17.09.2014 03:17:31.454 GMT+0100,1998.8210000000001,1998.372,0.0037,0.0037
17.09.2014 03:29:28.939 GMT+0100,1998.643,1998.1860000000001,0.0037,0.0037
17.09.2014 03:34:23.006 GMT+0100,1998.8310000000001,1998.356,0.0037,0.0037
17.09.2014 03:36:53.545 GMT+0100,1998.621,1998.175,0.0037,0.0037
17.09.2014 03:36:53.947 GMT+0100,1998.8500000000001,1998.371,0.0037,0.0037
17.09.2014 03:38:59.582 GMT+0100,1999.128,1998.665,0.0037,0.0037
17.09.2014 03:39:00.985 GMT+0100,1998.846,1998.383,0.0037,0.0037
17.09.2014 03:39:55.646 GMT+0100,1999.133,1998.67,0.0037,0.0037
17.09.2014 03:39:58.851 GMT+0100,1998.8270000000002,1998.375,0.0037,0.0037
17.09.2014 03:40:39.102 GMT+0100,1999.0120000000002,1998.5670000000002,0.0037,0.0037
17.09.2014 03:40:41.504 GMT+0100,1998.835,1998.384,0.0037,0.0037
17.09.2014 03:42:04.193 GMT+0100,1999.13,1998.664,0.0037,0.0037
17.09.2014 03:42:04.594 GMT+0100,1998.8470000000002,1998.382,0.0037,0.0037
17.09.2014 03:42:05.296 GMT+0100,1999.1460000000002,1998.679,0.0037,0.0037
17.09.2014 03:42:06.627 GMT+0100,1998.8270000000002,1998.3760000000002,0.0037,0.0037
17.09.2014 03:42:08.900 GMT+0100,1999.118,1998.6589999999999,0.0037,0.0037
17.09.2014 03:42:11.807 GMT+0100,1998.82,1998.364,0.0037,0.0037
17.09.2014 03:42:12.708 GMT+0100,1999.148,1998.669,0.0037,0.0037
17.09.2014 03:42:32.329 GMT+0100,1998.8329999999999,1998.3600000000001,0.0037,0.0037
17.09.2014 03:42:35.835 GMT+0100,1999.128,1998.654,0.0037,0.0037
17.09.2014 03:42:53.653 GMT+0100,1998.8300000000002,1998.354,0.0037,0.0037
17.09.2014 03:42:56.557 GMT+0100,1999.1270000000002,1998.644,0.0037,0.0037
17.09.2014 03:43:00.363 GMT+0100,1998.8329999999999,1998.392,0.0037,0.0037
17.09.2014 03:43:01.764 GMT+0100,1999.155,1998.642,0.0037,0.0037
17.09.2014 03:43:12.677 GMT+0100,1998.839,1998.372,0.0037,0.0037
17.09.2014 03:43:14.680 GMT+0100,1999.043,1998.5810000000001,0.0037,0.0037
17.09.2014 03:43:18.785 GMT+0100,1999.1360000000002,1998.67,0.0037,0.0037
17.09.2014 03:45:33.026 GMT+0100,1998.839,1998.349,0.0037,0.0037
17.09.2014 03:45:45.557 GMT+0100,1999.125,1998.658,0.0037,0.0037
17.09.2014 03:45:45.959 GMT+0100,1998.8429999999998,1998.364,0.0037,0.0037
17.09.2014 03:45:47.162 GMT+0100,1999.129,1998.6720000000003,0.0037,0.0037
17.09.2014 03:46:29.007 GMT+0100,1998.8429999999998,1998.3529999999998,0.0037,0.0037
17.09.2014 03:46:46.429 GMT+0100,1999.1160000000002,1998.658,0.0037,0.0037
17.09.2014 03:48:37.849 GMT+0100,1998.844,1998.351,0.0037,0.0037
17.09.2014 03:49:05.683 GMT+0100,1999.1460000000002,1998.6520000000003,0.0037,0.0037
17.09.2014 03:49:06.285 GMT+0100,1998.836,1998.375,0.0037,0.0037
17.09.2014 03:49:06.888 GMT+0100,1999.131,1998.6589999999999,0.0037,0.0037
17.09.2014 03:59:56.175 GMT+0100,1998.852,1998.3729999999998,0.0037,0.0037
17.09.2014 04:00:08.393 GMT+0100,1999.128,1998.6520000000003,0.0037,0.0037
17.09.2014 04:06:44.896 GMT+0100,1998.8310000000001,1998.374,0.0037,0.0037
17.09.2014 04:11:28.412 GMT+0100,1999.119,1998.674,0.0037,0.0037
17.09.2014 04:11:31.217 GMT+0100,1998.839,1998.382,0.0037,0.0037
17.09.2014 04:11:53.838 GMT+0100,1999.149,1998.679,0.0037,0.0037
17.09.2014 04:14:17.967 GMT+0100,1998.8429999999998,1998.348,0.0037,0.0037
17.09.2014 04:15:18.025 GMT+0100,1999.13,1998.6570000000002,0.0037,0.0037
17.09.2014 04:15:46.453 GMT+0100,1998.849,1998.354,0.0037,0.0037
17.09.2014 04:23:39.793 GMT+0100,1999.1520000000003,1998.6920000000002,0.0037,0.0037
17.09.2014 04:23:40.395 GMT+0100,1998.819,1998.3429999999998,0.0037,0.0037
17.09.2014 04:23:42.299 GMT+0100,1999.151,1998.663,0.0037,0.0037
17.09.2014 04:30:00.673 GMT+0100,1998.832,1998.383,0.0037,0.0037
17.09.2014 04:32:58.654 GMT+0100,1998.6200000000001,1998.1720000000003,0.0037,0.0037
17.09.2014 04:33:54.215 GMT+0100,1998.8370000000002,1998.3600000000001,0.0037,0.0037
17.09.2014 04:35:30.146 GMT+0100,1999.129,1998.665,0.0037,0.0037
17.09.2014 04:38:51.040 GMT+0100,1998.838,1998.372,0.0037,0.0037
17.09.2014 04:47:31.344 GMT+0100,1999.109,1998.668,0.0037,0.0037
17.09.2014 05:09:17.298 GMT+0100,1998.832,1998.378,0.0037,0.0037
17.09.2014 05:09:17.699 GMT+0100,1999.128,1998.665,0.0037,0.0037
17.09.2014 05:12:01.972 GMT+0100,1998.852,1998.3770000000002,0.0037,0.0037
17.09.2014 05:24:44.800 GMT+0100,1998.654,1998.179,0.0037,0.0037
17.09.2014 05:40:01.523 GMT+0100,1998.839,1998.365,0.0037,0.0037
17.09.2014 05:59:01.732 GMT+0100,1998.6170000000002,1998.16,0.0037,0.0037
17.09.2014 06:01:40.392 GMT+0100,1998.8229999999999,1998.364,0.0037,0.0037
17.09.2014 06:02:38.966 GMT+0100,1998.6170000000002,1998.16,0.0037,0.0037
17.09.2014 06:03:29.524 GMT+0100,1998.808,1998.3660000000002,0.0037,0.0037
17.09.2014 06:03:36.236 GMT+0100,1998.622,1998.183,0.0037,0.0037
17.09.2014 06:03:37.539 GMT+0100,1998.8220000000001,1998.355,0.0037,0.0037
17.09.2014 06:04:08.874 GMT+0100,1998.64,1998.168,0.0037,0.0037
17.09.2014 06:04:11.379 GMT+0100,1998.82,1998.391,0.0037,0.0037
17.09.2014 06:04:41.716 GMT+0100,1998.6520000000003,1998.143,0.0037,0.0037
17.09.2014 06:04:42.118 GMT+0100,1998.739,1998.279,0.0037,0.0037
17.09.2014 06:04:42.519 GMT+0100,1998.8270000000002,1998.381,0.0037,0.0037
17.09.2014 06:11:13.567 GMT+0100,1998.619,1998.1560000000002,0.0037,0.0037
17.09.2014 06:11:16.471 GMT+0100,1998.836,1998.3670000000002,0.0037,0.0037
17.09.2014 06:11:45.104 GMT+0100,1998.619,1998.1460000000002,0.0037,0.0037
17.09.2014 06:11:51.714 GMT+0100,1998.8329999999999,1998.369,0.0037,0.0037
17.09.2014 06:11:52.416 GMT+0100,1998.6160000000002,1998.16,0.0037,0.0037
17.09.2014 06:35:05.201 GMT+0100,1998.8300000000002,1998.382,0.0037,0.0037
17.09.2014 06:36:18.086 GMT+0100,1998.6470000000002,1998.164,0.0037,0.0037
17.09.2014 06:36:58.635 GMT+0100,1998.839,1998.378,0.0037,0.0037
17.09.2014 06:37:05.546 GMT+0100,1998.6460000000002,1998.18,0.0037,0.0037
17.09.2014 06:37:07.851 GMT+0100,1998.832,1998.349,0.0037,0.0037
17.09.2014 06:47:16.808 GMT+0100,1998.639,1998.179,0.0037,0.0037
17.09.2014 06:47:24.605 GMT+0100,1998.8129999999999,1998.3529999999998,0.0037,0.0037
17.09.2014 06:47:28.620 GMT+0100,1998.707,1998.2710000000002,0.0037,0.0037
17.09.2014 06:47:36.819 GMT+0100,1998.842,1998.3660000000002,0.0037,0.0037
17.09.2014 06:48:08.054 GMT+0100,1998.642,1998.158,0.0037,0.0037
17.09.2014 06:48:13.459 GMT+0100,1998.835,1998.3660000000002,0.0037,0.0037
17.09.2014 06:48:19.767 GMT+0100,1998.7279999999998,1998.2720000000002,0.0037,0.0037
17.09.2014 06:48:22.871 GMT+0100,1998.818,1998.3860000000002,0.0037,0.0037
17.09.2014 06:49:05.519 GMT+0100,1998.7450000000001,1998.256,0.0037,0.0037
17.09.2014 06:49:33.148 GMT+0100,1998.815,1998.391,0.0037,0.0037
17.09.2014 06:57:39.720 GMT+0100,1998.618,1998.183,0.0037,0.0037
17.09.2014 06:58:03.446 GMT+0100,1998.829,1998.3670000000002,0.0037,0.0037
17.09.2014 07:00:15.138 GMT+0100,1998.624,1998.163,0.0037,0.0037
17.09.2014 07:00:23.123 GMT+0100,1998.814,1998.3770000000002,0.0037,0.0037
17.09.2014 07:01:06.400 GMT+0100,1998.639,1998.1779999999999,0.0037,0.0037
17.09.2014 07:01:12.509 GMT+0100,1998.852,1998.352,0.0037,0.0037
17.09.2014 07:02:29.117 GMT+0100,1999.118,1998.6670000000001,0.0037,0.0037
17.09.2014 07:02:44.847 GMT+0100,1998.829,1998.359,0.0037,0.0037
17.09.2014 07:03:08.285 GMT+0100,1999.1260000000002,1998.665,0.0037,0.0037
17.09.2014 07:03:09.087 GMT+0100,1998.8500000000001,1998.384,0.0037,0.0037
17.09.2014 07:03:19.700 GMT+0100,1999.1360000000002,1998.658,0.0037,0.0037
17.09.2014 07:03:20.601 GMT+0100,1998.826,1998.382,0.0037,0.0037
17.09.2014 07:03:33.023 GMT+0100,1998.641,1998.151,0.0037,0.0037
17.09.2014 07:03:33.525 GMT+0100,1998.829,1998.346,0.0037,0.0037
17.09.2014 07:03:34.126 GMT+0100,1998.648,1998.175,0.0037,0.0037
17.09.2014 07:04:46.835 GMT+0100,1998.344,1997.8600000000001,0.0037,0.0037
17.09.2014 07:11:09.216 GMT+0100,1998.6570000000002,1998.16,0.0037,0.0037
17.09.2014 07:11:25.337 GMT+0100,1998.32,1997.856,0.0037,0.0037
17.09.2014 07:15:26.786 GMT+0100,1998.129,1997.65,0.0037,0.0037
17.09.2014 07:16:52.770 GMT+0100,1997.845,1997.3470000000002,0.0037,0.0037
17.09.2014 07:20:18.235 GMT+0100,1998.1470000000002,1997.683,0.0037,0.0037
17.09.2014 07:20:30.452 GMT+0100,1997.8300000000002,1997.3529999999998,0.0037,0.0037
17.09.2014 07:20:30.953 GMT+0100,1998.1229999999998,1997.6760000000002,0.0037,0.0037
17.09.2014 07:20:31.354 GMT+0100,1997.82,1997.362,0.0037,0.0037
17.09.2014 07:20:32.656 GMT+0100,1998.1100000000001,1997.6960000000001,0.0037,0.0037
17.09.2014 07:20:45.271 GMT+0100,1997.8270000000002,1997.3729999999998,0.0037,0.0037
17.09.2014 07:21:09.200 GMT+0100,1998.105,1997.679,0.0037,0.0037
17.09.2014 07:26:56.730 GMT+0100,1998.328,1997.851,0.0037,0.0037
17.09.2014 07:31:19.661 GMT+0100,1998.141,1997.655,0.0037,0.0037
17.09.2014 07:31:35.381 GMT+0100,1998.314,1997.878,0.0037,0.0037
17.09.2014 07:32:11.327 GMT+0100,1998.145,1997.6879999999999,0.0037,0.0037
17.09.2014 07:32:13.831 GMT+0100,1998.328,1997.859,0.0037,0.0037
17.09.2014 07:32:28.452 GMT+0100,1998.138,1997.664,0.0037,0.0037
17.09.2014 07:32:31.458 GMT+0100,1998.329,1997.874,0.0037,0.0037
17.09.2014 07:32:37.767 GMT+0100,1998.1200000000001,1997.664,0.0037,0.0037
17.09.2014 07:36:38.889 GMT+0100,1998.3310000000001,1997.8529999999998,0.0037,0.0037
17.09.2014 07:37:21.238 GMT+0100,1998.128,1997.673,0.0037,0.0037
17.09.2014 07:38:06.090 GMT+0100,1998.318,1997.864,0.0037,0.0037
17.09.2014 07:41:04.311 GMT+0100,1998.1270000000002,1997.6820000000002,0.0037,0.0037
17.09.2014 07:47:34.409 GMT+0100,1998.319,1997.881,0.0037,0.0037
17.09.2014 07:47:39.015 GMT+0100,1998.142,1997.6670000000001,0.0037,0.0037
17.09.2014 07:48:59.020 GMT+0100,1998.3400000000001,1997.8860000000002,0.0037,0.0037
17.09.2014 07:53:32.909 GMT+0100,1998.6129999999998,1998.183,0.0037,0.0037
17.09.2014 07:53:34.811 GMT+0100,1998.324,1997.844,0.0037,0.0037
17.09.2014 07:55:59.502 GMT+0100,1998.629,1998.191,0.0037,0.0037
17.09.2014 07:57:20.424 GMT+0100,1998.3400000000001,1997.8860000000002,0.0037,0.0037
17.09.2014 07:58:23.100 GMT+0100,1998.141,1997.6560000000002,0.0037,0.0037
17.09.2014 08:00:01.534 GMT+0100,1998.3170000000002,1997.871,0.0037,0.0037
17.09.2014 08:00:18.771 GMT+0100,1998.145,1997.6960000000001,0.0037,0.0037
17.09.2014 08:00:35.303 GMT+0100,1998.316,1997.852,0.0037,0.0037
17.09.2014 08:00:46.628 GMT+0100,1998.15,1997.689,0.0037,0.0037
17.09.2014 08:01:28.822 GMT+0100,1997.835,1997.379,0.0037,0.0037
17.09.2014 08:01:38.546 GMT+0100,1998.145,1997.671,0.0037,0.0037
17.09.2014 08:02:15.817 GMT+0100,1997.82,1997.3729999999998,0.0037,0.0037
17.09.2014 08:02:16.519 GMT+0100,1998.1070000000002,1997.669,0.0037,0.0037
17.09.2014 08:02:17.721 GMT+0100,1997.829,1997.384,0.0037,0.0037
17.09.2014 08:02:18.222 GMT+0100,1998.13,1997.671,0.0037,0.0037
17.09.2014 08:02:43.564 GMT+0100,1997.842,1997.368,0.0037,0.0037
17.09.2014 08:02:45.167 GMT+0100,1998.138,1997.6460000000002,0.0037,0.0037
17.09.2014 08:04:21.213 GMT+0100,1998.329,1997.844,0.0037,0.0037
17.09.2014 08:04:21.567 GMT+0100,1998.134,1997.674,0.0037,0.0037
17.09.2014 08:04:25.115 GMT+0100,1998.329,1997.864,0.0037,0.0037
17.09.2014 08:04:35.292 GMT+0100,1998.145,1997.6470000000002,0.0037,0.0037
17.09.2014 08:04:39.699 GMT+0100,1998.342,1997.893,0.0037,0.0037
17.09.2014 08:04:43.507 GMT+0100,1998.151,1997.691,0.0037,0.0037
17.09.2014 08:04:45.311 GMT+0100,1998.233,1997.756,0.0037,0.0037
17.09.2014 08:04:54.025 GMT+0100,1998.329,1997.869,0.0037,0.0037
17.09.2014 08:05:26.484 GMT+0100,1998.1200000000001,1997.681,0.0037,0.0037
17.09.2014 08:07:24.271 GMT+0100,1998.3300000000002,1997.8500000000001,0.0037,0.0037
17.09.2014 08:07:48.210 GMT+0100,1998.635,1998.171,0.0037,0.0037
17.09.2014 08:07:53.616 GMT+0100,1998.332,1997.8700000000001,0.0037,0.0037
17.09.2014 08:08:14.788 GMT+0100,1998.606,1998.1760000000002,0.0037,0.0037
17.09.2014 08:09:07.124 GMT+0100,1998.814,1998.372,0.0037,0.0037
17.09.2014 08:10:17.932 GMT+0100,1999.128,1998.645,0.0037,0.0037
17.09.2014 08:11:18.739 GMT+0100,1998.834,1998.358,0.0037,0.0037
17.09.2014 08:11:28.156 GMT+0100,1998.629,1998.1670000000001,0.0037,0.0037
17.09.2014 08:11:49.785 GMT+0100,1998.851,1998.3670000000002,0.0037,0.0037
17.09.2014 08:12:47.795 GMT+0100,1999.141,1998.661,0.0037,0.0037
17.09.2014 08:12:50.889 GMT+0100,1998.8410000000001,1998.3760000000002,0.0037,0.0037
17.09.2014 08:12:51.993 GMT+0100,1999.1129999999998,1998.6779999999999,0.0037,0.0037
17.09.2014 08:13:21.247 GMT+0100,1999.3300000000002,1998.8729999999998,0.0037,0.0037
17.09.2014 08:13:21.784 GMT+0100,1999.114,1998.673,0.0037,0.0037
17.09.2014 08:13:28.676 GMT+0100,1999.335,1998.856,0.0037,0.0037
17.09.2014 08:13:30.273 GMT+0100,1999.1360000000002,1998.664,0.0037,0.0037
17.09.2014 08:14:19.162 GMT+0100,1998.819,1998.3760000000002,0.0037,0.0037
17.09.2014 08:14:19.966 GMT+0100,1999.1160000000002,1998.6589999999999,0.0037,0.0037
17.09.2014 08:14:24.176 GMT+0100,1999.309,1998.88,0.0037,0.0037
17.09.2014 08:14:31.023 GMT+0100,1999.119,1998.6720000000003,0.0037,0.0037
17.09.2014 08:14:34.597 GMT+0100,1999.3329999999999,1998.8700000000001,0.0037,0.0037
17.09.2014 08:14:35.900 GMT+0100,1999.145,1998.642,0.0037,0.0037
17.09.2014 08:14:41.310 GMT+0100,1999.334,1998.854,0.0037,0.0037
17.09.2014 08:15:06.759 GMT+0100,1999.612,1999.183,0.0037,0.0037
17.09.2014 08:15:11.167 GMT+0100,1999.3470000000002,1998.871,0.0037,0.0037
17.09.2014 08:15:22.489 GMT+0100,1999.625,1999.1860000000001,0.0037,0.0037
17.09.2014 08:16:31.610 GMT+0100,1999.609,1999.171,0.0037,0.0037
17.09.2014 08:16:32.122 GMT+0100,1999.809,1999.372,0.0037,0.0037
17.09.2014 08:16:56.052 GMT+0100,1999.642,1999.189,0.0037,0.0037
17.09.2014 08:17:53.043 GMT+0100,1999.8470000000002,1999.374,0.0037,0.0037
17.09.2014 08:18:01.757 GMT+0100,1999.638,1999.184,0.0037,0.0037
17.09.2014 08:19:23.533 GMT+0100,1999.338,1998.858,0.0037,0.0037
17.09.2014 08:20:02.568 GMT+0100,1999.643,1999.183,0.0037,0.0037
17.09.2014 08:20:52.141 GMT+0100,1999.856,1999.371,0.0037,0.0037
17.09.2014 08:20:55.846 GMT+0100,1999.642,1999.168,0.0037,0.0037
17.09.2014 08:20:57.151 GMT+0100,1999.8410000000001,1999.3729999999998,0.0037,0.0037
17.09.2014 08:21:39.649 GMT+0100,1999.747,1999.2520000000002,0.0037,0.0037
17.09.2014 08:21:40.112 GMT+0100,1999.638,1999.181,0.0037,0.0037
17.09.2014 08:23:14.140 GMT+0100,1999.332,1998.858,0.0037,0.0037
17.09.2014 08:24:07.827 GMT+0100,1999.6260000000002,1999.1560000000002,0.0037,0.0037
17.09.2014 08:26:20.379 GMT+0100,1999.819,1999.355,0.0037,0.0037
17.09.2014 08:29:32.000 GMT+0100,1999.8300000000002,1999.356,0.0037,0.0037
17.09.2014 08:33:10.127 GMT+0100,1999.624,1999.1520000000003,0.0037,0.0037
17.09.2014 08:33:15.839 GMT+0100,1999.3410000000001,1998.858,0.0037,0.0037
17.09.2014 08:33:25.153 GMT+0100,1999.634,1999.161,0.0037,0.0037
17.09.2014 08:35:01.691 GMT+0100,1999.842,1999.3770000000002,0.0037,0.0037
17.09.2014 08:37:09.362 GMT+0100,1999.625,1999.1520000000003,0.0037,0.0037
17.09.2014 08:38:23.467 GMT+0100,1999.828,1999.359,0.0037,0.0037
17.09.2014 08:39:13.237 GMT+0100,2000.1200000000001,1999.6920000000002,0.0037,0.0037
17.09.2014 08:40:31.655 GMT+0100,1999.808,1999.369,0.0037,0.0037
17.09.2014 08:40:53.888 GMT+0100,2000.1260000000002,1999.658,0.0037,0.0037
17.09.2014 08:40:54.490 GMT+0100,1999.8170000000002,1999.385,0.0037,0.0037
17.09.2014 08:43:23.794 GMT+0100,1999.619,1999.1779999999999,0.0037,0.0037
17.09.2014 08:43:39.177 GMT+0100,1999.3210000000001,1998.8600000000001,0.0037,0.0037
17.09.2014 08:43:42.734 GMT+0100,1999.645,1999.16,0.0037,0.0037
17.09.2014 08:44:07.074 GMT+0100,1999.345,1998.885,0.0037,0.0037
17.09.2014 08:45:02.543 GMT+0100,1999.1160000000002,1998.6870000000001,0.0037,0.0037
17.09.2014 08:45:02.948 GMT+0100,1999.3400000000001,1998.8529999999998,0.0037,0.0037
17.09.2014 08:45:04.152 GMT+0100,1999.112,1998.6670000000001,0.0037,0.0037
17.09.2014 08:45:07.390 GMT+0100,1999.346,1998.862,0.0037,0.0037
17.09.2014 08:46:03.727 GMT+0100,1999.624,1999.1620000000003,0.0037,0.0037
17.09.2014 08:46:15.842 GMT+0100,1999.335,1998.874,0.0037,0.0037
17.09.2014 08:46:45.785 GMT+0100,1999.1520000000003,1998.6760000000002,0.0037,0.0037
17.09.2014 08:46:46.887 GMT+0100,1999.324,1998.854,0.0037,0.0037
17.09.2014 08:46:59.603 GMT+0100,1999.115,1998.6770000000001,0.0037,0.0037
17.09.2014 08:47:00.104 GMT+0100,1999.348,1998.8629999999998,0.0037,0.0037
17.09.2014 08:48:03.792 GMT+0100,1999.634,1999.165,0.0037,0.0037
17.09.2014 08:48:55.470 GMT+0100,1999.324,1998.869,0.0037,0.0037
17.09.2014 08:50:26.615 GMT+0100,1999.605,1999.183,0.0037,0.0037
17.09.2014 08:51:34.535 GMT+0100,1999.624,1999.1879999999999,0.0037,0.0037
17.09.2014 08:51:36.238 GMT+0100,1999.316,1998.856,0.0037,0.0037
17.09.2014 08:52:09.994 GMT+0100,1999.619,1999.1720000000003,0.0037,0.0037
17.09.2014 08:52:13.801 GMT+0100,1999.336,1998.854,0.0037,0.0037
17.09.2014 08:52:26.020 GMT+0100,1999.639,1999.175,0.0037,0.0037
17.09.2014 08:52:28.727 GMT+0100,1999.335,1998.864,0.0037,0.0037
17.09.2014 08:52:29.028 GMT+0100,1999.6270000000002,1999.184,0.0037,0.0037
17.09.2014 08:52:33.637 GMT+0100,1999.3220000000001,1998.871,0.0037,0.0037
17.09.2014 08:52:38.845 GMT+0100,1999.608,1999.153,0.0037,0.0037
17.09.2014 08:52:47.962 GMT+0100,1999.339,1998.878,0.0037,0.0037
17.09.2014 08:55:36.009 GMT+0100,1999.6129999999998,1999.165,0.0037,0.0037
17.09.2014 08:55:44.130 GMT+0100,1999.834,1999.379,0.0037,0.0037
17.09.2014 08:55:54.353 GMT+0100,1999.621,1999.185,0.0037,0.0037
17.09.2014 08:56:44.827 GMT+0100,1999.848,1999.389,0.0037,0.0037
17.09.2014 08:56:48.733 GMT+0100,1999.606,1999.161,0.0037,0.0037
17.09.2014 08:57:18.984 GMT+0100,1999.8400000000001,1999.383,0.0037,0.0037
17.09.2014 08:58:04.851 GMT+0100,1999.6470000000002,1999.149,0.0037,0.0037
17.09.2014 08:58:43.219 GMT+0100,1999.832,1999.352,0.0037,0.0037
17.09.2014 08:58:47.627 GMT+0100,1999.6270000000002,1999.1770000000001,0.0037,0.0037
17.09.2014 08:58:57.346 GMT+0100,1999.335,1998.881,0.0037,0.0037
17.09.2014 08:59:20.178 GMT+0100,1999.8070000000002,1999.381,0.0037,0.0037
17.09.2014 08:59:25.989 GMT+0100,1999.649,1999.181,0.0037,0.0037
17.09.2014 08:59:35.503 GMT+0100,1999.846,1999.383,0.0037,0.0037
17.09.2014 08:59:36.005 GMT+0100,1999.614,1999.189,0.0037,0.0037
17.09.2014 08:59:59.039 GMT+0100,1999.8270000000002,1999.3770000000002,0.0037,0.0037
17.09.2014 09:00:01.146 GMT+0100,1999.645,1999.191,0.0037,0.0037
17.09.2014 09:00:17.375 GMT+0100,1999.824,1999.3470000000002,0.0037,0.0037
17.09.2014 09:00:18.078 GMT+0100,1999.6160000000002,1999.179,0.0037,0.0037
17.09.2014 09:02:28.673 GMT+0100,1999.628,1999.18,0.0037,0.0037
17.09.2014 09:02:48.002 GMT+0100,1999.346,1998.8700000000001,0.0037,0.0037
17.09.2014 09:02:53.336 GMT+0100,1999.6360000000002,1999.153,0.0037,0.0037
17.09.2014 09:03:17.883 GMT+0100,1999.352,1998.858,0.0037,0.0037
17.09.2014 09:03:36.977 GMT+0100,1999.621,1999.1570000000002,0.0037,0.0037
17.09.2014 09:03:53.502 GMT+0100,1999.3570000000002,1998.861,0.0037,0.0037
17.09.2014 09:04:23.342 GMT+0100,1999.628,1999.181,0.0037,0.0037
17.09.2014 09:04:57.188 GMT+0100,1999.338,1998.8570000000002,0.0037,0.0037
17.09.2014 09:05:01.595 GMT+0100,1999.6100000000001,1999.179,0.0037,0.0037
17.09.2014 09:05:51.168 GMT+0100,1999.339,1998.8860000000002,0.0037,0.0037
17.09.2014 09:06:19.518 GMT+0100,1999.2350000000001,1998.755,0.0037,0.0037
17.09.2014 09:06:19.911 GMT+0100,1999.1070000000002,1998.675,0.0037,0.0037
17.09.2014 09:06:21.104 GMT+0100,1999.3500000000001,1998.878,0.0037,0.0037
17.09.2014 09:06:23.625 GMT+0100,1999.1160000000002,1998.689,0.0037,0.0037
17.09.2014 09:06:24.126 GMT+0100,1999.3329999999999,1998.888,0.0037,0.0037
17.09.2014 09:06:30.737 GMT+0100,1999.141,1998.665,0.0037,0.0037
17.09.2014 09:06:33.643 GMT+0100,1999.332,1998.872,0.0037,0.0037
17.09.2014 09:06:47.368 GMT+0100,1999.132,1998.673,0.0037,0.0037
17.09.2014 09:06:48.070 GMT+0100,1999.332,1998.859,0.0037,0.0037
17.09.2014 09:06:54.480 GMT+0100,1999.153,1998.658,0.0037,0.0037
17.09.2014 09:07:00.098 GMT+0100,1998.839,1998.346,0.0037,0.0037
17.09.2014 09:07:07.716 GMT+0100,1998.615,1998.158,0.0037,0.0037
17.09.2014 09:07:08.059 GMT+0100,1998.832,1998.375,0.0037,0.0037
17.09.2014 09:07:10.323 GMT+0100,1998.711,1998.2839999999999,0.0037,0.0037
17.09.2014 09:07:11.526 GMT+0100,1998.839,1998.368,0.0037,0.0037
17.09.2014 09:07:12.829 GMT+0100,1998.736,1998.26,0.0037,0.0037
17.09.2014 09:07:13.231 GMT+0100,1998.6100000000001,1998.1720000000003,0.0037,0.0037
17.09.2014 09:07:14.334 GMT+0100,1998.74,1998.2620000000002,0.0037,0.0037
17.09.2014 09:07:14.835 GMT+0100,1998.816,1998.3760000000002,0.0037,0.0037
17.09.2014 09:07:22.447 GMT+0100,1999.14,1998.6860000000001,0.0037,0.0037
17.09.2014 09:07:50.309 GMT+0100,1999.3129999999999,1998.878,0.0037,0.0037
17.09.2014 09:08:10.440 GMT+0100,1999.1360000000002,1998.6879999999999,0.0037,0.0037
17.09.2014 09:08:14.748 GMT+0100,1999.3170000000002,1998.8770000000002,0.0037,0.0037
17.09.2014 09:09:04.618 GMT+0100,1999.139,1998.655,0.0037,0.0037
17.09.2014 09:10:52.676 GMT+0100,1999.3410000000001,1998.869,0.0037,0.0037
17.09.2014 09:11:11.507 GMT+0100,1999.132,1998.654,0.0037,0.0037
17.09.2014 09:11:16.915 GMT+0100,1999.3229999999999,1998.884,0.0037,0.0037
17.09.2014 09:11:33.442 GMT+0100,1999.125,1998.6720000000003,0.0037,0.0037
17.09.2014 09:13:20.171 GMT+0100,1998.8310000000001,1998.389,0.0037,0.0037
17.09.2014 09:13:22.177 GMT+0100,1999.111,1998.6720000000003,0.0037,0.0037
17.09.2014 09:13:29.692 GMT+0100,1998.8020000000001,1998.372,0.0037,0.0037
17.09.2014 09:13:39.108 GMT+0100,1999.143,1998.6589999999999,0.0037,0.0037
17.09.2014 09:13:43.917 GMT+0100,1999.019,1998.5829999999999,0.0037,0.0037
17.09.2014 09:13:44.718 GMT+0100,1999.122,1998.68,0.0037,0.0037
17.09.2014 09:13:58.841 GMT+0100,1998.855,1998.385,0.0037,0.0037
17.09.2014 09:14:03.549 GMT+0100,1999.133,1998.673,0.0037,0.0037
17.09.2014 09:15:36.889 GMT+0100,1999.2060000000001,1998.773,0.0037,0.0037
17.09.2014 09:15:37.205 GMT+0100,1999.1129999999998,1998.6560000000002,0.0037,0.0037
17.09.2014 09:16:59.107 GMT+0100,1999.345,1998.845,0.0037,0.0037
17.09.2014 09:17:12.552 GMT+0100,1999.634,1999.155,0.0037,0.0037
17.09.2014 09:17:40.576 GMT+0100,1999.81,1999.3760000000002,0.0037,0.0037
17.09.2014 09:17:45.483 GMT+0100,1999.633,1999.1770000000001,0.0037,0.0037
17.09.2014 09:17:56.509 GMT+0100,1999.721,1999.283,0.0037,0.0037
17.09.2014 09:17:57.002 GMT+0100,1999.611,1999.168,0.0037,0.0037
17.09.2014 09:17:58.104 GMT+0100,1999.816,1999.362,0.0037,0.0037
17.09.2014 09:19:26.124 GMT+0100,1999.848,1999.3570000000002,0.0037,0.0037
17.09.2014 09:20:38.337 GMT+0100,1999.602,1999.1820000000002,0.0037,0.0037
17.09.2014 09:20:49.453 GMT+0100,1999.342,1998.881,0.0037,0.0037
17.09.2014 09:21:38.376 GMT+0100,1999.614,1999.17,0.0037,0.0037
17.09.2014 09:21:40.637 GMT+0100,1999.3210000000001,1998.894,0.0037,0.0037
17.09.2014 09:21:45.743 GMT+0100,1999.6229999999998,1999.171,0.0037,0.0037
17.09.2014 09:21:46.244 GMT+0100,1999.3300000000002,1998.869,0.0037,0.0037
17.09.2014 09:21:58.562 GMT+0100,1999.633,1999.1560000000002,0.0037,0.0037
17.09.2014 09:21:59.365 GMT+0100,1999.325,1998.8470000000002,0.0037,0.0037
17.09.2014 09:22:07.079 GMT+0100,1999.641,1999.163,0.0037,0.0037
17.09.2014 09:22:08.680 GMT+0100,1999.3270000000002,1998.888,0.0037,0.0037
17.09.2014 09:24:07.737 GMT+0100,1999.641,1999.155,0.0037,0.0037
17.09.2014 09:24:24.561 GMT+0100,1999.3120000000001,1998.855,0.0037,0.0037
17.09.2014 09:24:46.633 GMT+0100,1999.65,1999.175,0.0037,0.0037
17.09.2014 09:24:54.707 GMT+0100,1999.846,1999.394,0.0037,0.0037
17.09.2014 09:25:00.618 GMT+0100,1999.622,1999.139,0.0037,0.0037
17.09.2014 09:25:24.964 GMT+0100,1999.82,1999.356,0.0037,0.0037
17.09.2014 09:25:27.169 GMT+0100,1999.624,1999.158,0.0037,0.0037
17.09.2014 09:25:30.074 GMT+0100,1999.828,1999.371,0.0037,0.0037
17.09.2014 09:25:30.776 GMT+0100,1999.744,1999.29,0.0037,0.0037
17.09.2014 09:25:38.787 GMT+0100,1999.8429999999998,1999.368,0.0037,0.0037
17.09.2014 09:26:23.458 GMT+0100,1999.651,1999.193,0.0037,0.0037
17.09.2014 09:26:40.422 GMT+0100,1999.724,1999.2870000000003,0.0037,0.0037
17.09.2014 09:26:48.999 GMT+0100,1999.605,1999.194,0.0037,0.0037
17.09.2014 09:26:51.304 GMT+0100,1999.852,1999.359,0.0037,0.0037
17.09.2014 09:29:29.509 GMT+0100,2000.1360000000002,1999.68,0.0037,0.0037
17.09.2014 09:29:33.216 GMT+0100,1999.8270000000002,1999.365,0.0037,0.0037
17.09.2014 09:31:24.905 GMT+0100,2000.1560000000002,1999.689,0.0037,0.0037
17.09.2014 09:31:29.610 GMT+0100,1999.838,1999.354,0.0037,0.0037
17.09.2014 09:31:30.615 GMT+0100,2000.1370000000002,1999.689,0.0037,0.0037
17.09.2014 09:31:32.719 GMT+0100,1999.8300000000002,1999.369,0.0037,0.0037
17.09.2014 09:32:05.078 GMT+0100,2000.1100000000001,1999.663,0.0037,0.0037
17.09.2014 09:32:26.414 GMT+0100,2000.3429999999998,1999.8729999999998,0.0037,0.0037
17.09.2014 09:32:26.863 GMT+0100,2000.141,1999.649,0.0037,0.0037
17.09.2014 09:32:27.366 GMT+0100,2000.358,1999.875,0.0037,0.0037
17.09.2014 09:32:28.017 GMT+0100,2000.153,1999.6860000000001,0.0037,0.0037
17.09.2014 09:32:28.821 GMT+0100,2000.233,1999.747,0.0037,0.0037
17.09.2014 09:32:29.744 GMT+0100,2000.131,1999.6760000000002,0.0037,0.0037
17.09.2014 09:32:31.225 GMT+0100,2000.3170000000002,1999.8600000000001,0.0037,0.0037
17.09.2014 09:32:34.637 GMT+0100,2000.1370000000002,1999.6770000000001,0.0037,0.0037
17.09.2014 09:32:42.958 GMT+0100,2000.351,1999.8700000000001,0.0037,0.0037
17.09.2014 09:32:43.560 GMT+0100,2000.1170000000002,1999.66,0.0037,0.0037
17.09.2014 09:32:46.669 GMT+0100,2000.328,1999.859,0.0037,0.0037
17.09.2014 09:32:48.068 GMT+0100,2000.119,1999.68,0.0037,0.0037
17.09.2014 09:32:48.874 GMT+0100,2000.2250000000001,1999.766,0.0037,0.0037
17.09.2014 09:32:49.476 GMT+0100,2000.104,1999.6779999999999,0.0037,0.0037
17.09.2014 09:32:50.480 GMT+0100,2000.219,1999.749,0.0037,0.0037
17.09.2014 09:32:51.684 GMT+0100,2000.325,1999.861,0.0037,0.0037
17.09.2014 09:32:52.086 GMT+0100,2000.237,1999.778,0.0037,0.0037
17.09.2014 09:32:52.788 GMT+0100,2000.124,1999.653,0.0037,0.0037
17.09.2014 09:32:57.901 GMT+0100,2000.316,1999.865,0.0037,0.0037
17.09.2014 09:33:04.919 GMT+0100,2000.1560000000002,1999.6620000000003,0.0037,0.0037
17.09.2014 09:33:07.026 GMT+0100,2000.336,1999.8629999999998,0.0037,0.0037
17.09.2014 09:33:09.832 GMT+0100,2000.128,1999.649,0.0037,0.0037
17.09.2014 09:33:15.544 GMT+0100,1999.829,1999.365,0.0037,0.0037
17.09.2014 09:33:16.045 GMT+0100,2000.1100000000001,1999.679,0.0037,0.0037
17.09.2014 09:33:17.449 GMT+0100,1999.832,1999.379,0.0037,0.0037
17.09.2014 09:33:22.160 GMT+0100,2000.1200000000001,1999.68,0.0037,0.0037
17.09.2014 09:34:37.502 GMT+0100,2000.335,1999.871,0.0037,0.0037
17.09.2014 09:34:38.405 GMT+0100,2000.122,1999.66,0.0037,0.0037
17.09.2014 09:34:40.510 GMT+0100,2000.324,1999.848,0.0037,0.0037
17.09.2014 09:34:52.133 GMT+0100,2000.111,1999.6670000000001,0.0037,0.0037
17.09.2014 09:35:20.400 GMT+0100,2000.3129999999999,1999.8470000000002,0.0037,0.0037
17.09.2014 09:36:03.588 GMT+0100,2000.6570000000002,2000.151,0.0037,0.0037
17.09.2014 09:36:03.915 GMT+0100,2000.359,1999.889,0.0037,0.0037
17.09.2014 09:36:05.391 GMT+0100,2000.6370000000002,2000.181,0.0037,0.0037
17.09.2014 09:36:45.468 GMT+0100,2000.503,2000.0929999999998,0.0037,0.0037
17.09.2014 09:36:45.869 GMT+0100,2000.355,1999.8870000000002,0.0037,0.0037
17.09.2014 09:36:53.788 GMT+0100,2000.104,1999.6560000000002,0.0037,0.0037
17.09.2014 09:36:54.089 GMT+0100,2000.319,1999.868,0.0037,0.0037
17.09.2014 09:38:35.538 GMT+0100,2000.619,2000.1460000000002,0.0037,0.0037
17.09.2014 09:38:35.940 GMT+0100,2000.3400000000001,1999.8670000000002,0.0037,0.0037
17.09.2014 09:38:38.752 GMT+0100,2000.6560000000002,2000.155,0.0037,0.0037
17.09.2014 09:38:47.863 GMT+0100,2000.349,1999.856,0.0037,0.0037
17.09.2014 09:38:59.383 GMT+0100,2000.635,2000.154,0.0037,0.0037
17.09.2014 09:39:00.585 GMT+0100,2000.339,1999.8429999999998,0.0037,0.0037
17.09.2014 09:39:00.986 GMT+0100,2000.54,2000.076,0.0037,0.0037
17.09.2014 09:39:01.687 GMT+0100,2000.3300000000002,1999.852,0.0037,0.0037
17.09.2014 09:39:39.311 GMT+0100,2000.143,1999.66,0.0037,0.0037
17.09.2014 09:39:45.723 GMT+0100,1999.834,1999.3670000000002,0.0037,0.0037
17.09.2014 09:39:51.237 GMT+0100,2000.112,1999.6589999999999,0.0037,0.0037
17.09.2014 09:39:54.143 GMT+0100,2000.0310000000002,1999.569,0.0037,0.0037
17.09.2014 09:39:55.346 GMT+0100,2000.124,1999.66,0.0037,0.0037
17.09.2014 09:40:20.292 GMT+0100,2000.3310000000001,1999.8870000000002,0.0037,0.0037
17.09.2014 09:40:21.595 GMT+0100,2000.122,1999.6520000000003,0.0037,0.0037
17.09.2014 09:40:22.998 GMT+0100,2000.345,1999.8570000000002,0.0037,0.0037
17.09.2014 09:40:26.604 GMT+0100,2000.119,1999.679,0.0037,0.0037
17.09.2014 09:40:27.205 GMT+0100,2000.239,1999.758,0.0037,0.0037
17.09.2014 09:40:27.706 GMT+0100,2000.3270000000002,1999.888,0.0037,0.0037
17.09.2014 09:40:30.010 GMT+0100,2000.122,1999.679,0.0037,0.0037
17.09.2014 09:40:31.614 GMT+0100,2000.324,1999.8629999999998,0.0037,0.0037
17.09.2014 09:40:32.015 GMT+0100,2000.139,1999.6870000000001,0.0037,0.0037
17.09.2014 09:40:33.981 GMT+0100,2000.345,1999.885,0.0037,0.0037
17.09.2014 09:40:53.249 GMT+0100,2000.52,2000.074,0.0037,0.0037
17.09.2014 09:40:53.751 GMT+0100,2000.3370000000002,1999.851,0.0037,0.0037
17.09.2014 09:42:02.863 GMT+0100,2000.635,2000.16,0.0037,0.0037
17.09.2014 09:42:10.777 GMT+0100,2000.3270000000002,1999.889,0.0037,0.0037
17.09.2014 09:44:30.793 GMT+0100,2000.148,1999.66,0.0037,0.0037
17.09.2014 09:45:30.094 GMT+0100,2000.31,1999.8770000000002,0.0037,0.0037
17.09.2014 09:46:02.732 GMT+0100,2000.131,1999.6620000000003,0.0037,0.0037
17.09.2014 09:46:55.311 GMT+0100,2000.3300000000002,1999.8600000000001,0.0037,0.0037
17.09.2014 09:47:03.726 GMT+0100,2000.139,1999.663,0.0037,0.0037
17.09.2014 09:47:04.127 GMT+0100,2000.326,1999.864,0.0037,0.0037
17.09.2014 09:47:07.234 GMT+0100,2000.139,1999.664,0.0037,0.0037
17.09.2014 09:47:13.146 GMT+0100,2000.3410000000001,1999.8960000000002,0.0037,0.0037
17.09.2014 09:47:28.965 GMT+0100,2000.124,1999.655,0.0037,0.0037
17.09.2014 09:47:30.569 GMT+0100,2000.3210000000001,1999.868,0.0037,0.0037
17.09.2014 09:49:38.452 GMT+0100,2000.618,2000.148,0.0037,0.0037
17.09.2014 09:49:39.154 GMT+0100,2000.335,1999.884,0.0037,0.0037
17.09.2014 09:50:15.413 GMT+0100,2000.234,1999.763,0.0037,0.0037
17.09.2014 09:50:15.922 GMT+0100,2000.3429999999998,1999.88,0.0037,0.0037
17.09.2014 09:50:40.660 GMT+0100,2000.121,1999.68,0.0037,0.0037
17.09.2014 09:50:53.069 GMT+0100,2000.345,1999.8700000000001,0.0037,0.0037
17.09.2014 09:51:11.396 GMT+0100,2000.1160000000002,1999.684,0.0037,0.0037
17.09.2014 09:51:14.101 GMT+0100,2000.3329999999999,1999.869,0.0037,0.0037
17.09.2014 09:51:36.130 GMT+0100,2000.151,1999.679,0.0037,0.0037
17.09.2014 09:53:46.423 GMT+0100,2000.348,1999.878,0.0037,0.0037
17.09.2014 09:53:47.265 GMT+0100,2000.119,1999.67,0.0037,0.0037
17.09.2014 09:56:16.445 GMT+0100,2000.332,1999.864,0.0037,0.0037
17.09.2014 09:56:19.550 GMT+0100,2000.2279999999998,1999.774,0.0037,0.0037
17.09.2014 09:56:21.653 GMT+0100,2000.15,1999.665,0.0037,0.0037
17.09.2014 09:56:41.795 GMT+0100,2000.336,1999.8700000000001,0.0037,0.0037
17.09.2014 09:56:44.902 GMT+0100,2000.1160000000002,1999.6560000000002,0.0037,0.0037
17.09.2014 09:56:45.403 GMT+0100,2000.224,1999.78,0.0037,0.0037
17.09.2014 09:56:48.210 GMT+0100,2000.336,1999.868,0.0037,0.0037
17.09.2014 09:58:13.462 GMT+0100,2000.109,1999.655,0.0037,0.0037
17.09.2014 10:01:37.597 GMT+0100,2000.3170000000002,1999.8970000000002,0.0037,0.0037
17.09.2014 10:01:39.101 GMT+0100,2000.105,1999.664,0.0037,0.0037
17.09.2014 10:01:55.227 GMT+0100,2000.3220000000001,1999.8570000000002,0.0037,0.0037
17.09.2014 10:01:57.132 GMT+0100,2000.1229999999998,1999.6879999999999,0.0037,0.0037
17.09.2014 10:03:04.136 GMT+0100,2000.346,1999.852,0.0037,0.0037
17.09.2014 10:04:41.799 GMT+0100,2000.631,2000.164,0.0037,0.0037
17.09.2014 10:04:42.901 GMT+0100,2000.32,1999.883,0.0037,0.0037
17.09.2014 10:05:13.453 GMT+0100,2000.6229999999998,2000.17,0.0037,0.0037
17.09.2014 10:05:17.289 GMT+0100,2000.3300000000002,1999.865,0.0037,0.0037
17.09.2014 10:05:18.863 GMT+0100,2000.514,2000.085,0.0037,0.0037
17.09.2014 10:05:19.565 GMT+0100,2000.633,2000.164,0.0037,0.0037
17.09.2014 10:05:21.169 GMT+0100,2000.314,1999.881,0.0037,0.0037
17.09.2014 10:05:23.172 GMT+0100,2000.5410000000002,2000.0729999999999,0.0037,0.0037
17.09.2014 10:05:23.573 GMT+0100,2000.3220000000001,1999.8670000000002,0.0037,0.0037
17.09.2014 10:05:27.178 GMT+0100,2000.536,2000.064,0.0037,0.0037
17.09.2014 10:05:27.979 GMT+0100,2000.3120000000001,1999.861,0.0037,0.0037
17.09.2014 10:08:08.498 GMT+0100,2000.13,1999.66,0.0037,0.0037
17.09.2014 10:09:08.685 GMT+0100,1999.8470000000002,1999.359,0.0037,0.0037
17.09.2014 10:09:25.615 GMT+0100,2000.352,1999.8670000000002,0.0037,0.0037
17.09.2014 10:09:35.330 GMT+0100,2000.149,1999.69,0.0037,0.0037
17.09.2014 10:09:37.034 GMT+0100,2000.344,1999.855,0.0037,0.0037
17.09.2014 10:09:41.541 GMT+0100,2000.153,1999.651,0.0037,0.0037
17.09.2014 10:09:46.048 GMT+0100,2000.3229999999999,1999.859,0.0037,0.0037
17.09.2014 10:09:46.549 GMT+0100,2000.141,1999.671,0.0037,0.0037
17.09.2014 10:09:48.052 GMT+0100,2000.352,1999.861,0.0037,0.0037
17.09.2014 10:09:53.262 GMT+0100,2000.13,1999.668,0.0037,0.0037
17.09.2014 10:11:51.839 GMT+0100,2000.328,1999.8860000000002,0.0037,0.0037
17.09.2014 10:11:52.703 GMT+0100,2000.14,1999.655,0.0037,0.0037
17.09.2014 10:11:57.652 GMT+0100,2000.326,1999.854,0.0037,0.0037
17.09.2014 10:11:58.455 GMT+0100,2000.115,1999.66,0.0037,0.0037
17.09.2014 10:11:59.257 GMT+0100,2000.336,1999.879,0.0037,0.0037
17.09.2014 10:11:59.859 GMT+0100,2000.133,1999.685,0.0037,0.0037
17.09.2014 10:12:00.462 GMT+0100,2000.329,1999.8470000000002,0.0037,0.0037
17.09.2014 10:12:03.463 GMT+0100,2000.2120000000002,1999.785,0.0037,0.0037
17.09.2014 10:12:03.864 GMT+0100,2000.122,1999.6570000000002,0.0037,0.0037
17.09.2014 10:12:05.468 GMT+0100,2000.3070000000002,1999.872,0.0037,0.0037
17.09.2014 10:12:14.481 GMT+0100,2000.109,1999.6720000000003,0.0037,0.0037
17.09.2014 10:12:14.882 GMT+0100,2000.3470000000002,1999.8770000000002,0.0037,0.0037
17.09.2014 10:12:16.785 GMT+0100,2000.151,1999.648,0.0037,0.0037
17.09.2014 10:12:22.994 GMT+0100,2000.3220000000001,1999.868,0.0037,0.0037
17.09.2014 10:12:28.203 GMT+0100,2000.128,1999.663,0.0037,0.0037
17.09.2014 10:12:31.707 GMT+0100,2000.336,1999.874,0.0037,0.0037
17.09.2014 10:12:33.311 GMT+0100,2000.1360000000002,1999.658,0.0037,0.0037
17.09.2014 10:12:33.912 GMT+0100,2000.332,1999.889,0.0037,0.0037
17.09.2014 10:12:37.917 GMT+0100,2000.132,1999.685,0.0037,0.0037
17.09.2014 10:14:51.706 GMT+0100,2000.3370000000002,1999.891,0.0037,0.0037
17.09.2014 10:15:06.331 GMT+0100,2000.1170000000002,1999.6520000000003,0.0037,0.0037
17.09.2014 10:15:55.610 GMT+0100,1999.8270000000002,1999.3770000000002,0.0037,0.0037
17.09.2014 10:20:34.638 GMT+0100,2000.122,1999.6620000000003,0.0037,0.0037
17.09.2014 10:22:53.837 GMT+0100,2000.3120000000001,1999.858,0.0037,0.0037
17.09.2014 10:22:55.090 GMT+0100,2000.124,1999.665,0.0037,0.0037
17.09.2014 10:30:20.633 GMT+0100,1999.819,1999.365,0.0037,0.0037
17.09.2014 10:30:38.454 GMT+0100,2000.153,1999.6920000000002,0.0037,0.0037
17.09.2014 10:31:19.520 GMT+0100,1999.818,1999.388,0.0037,0.0037
17.09.2014 10:31:20.623 GMT+0100,2000.134,1999.6779999999999,0.0037,0.0037
17.09.2014 10:31:32.143 GMT+0100,1999.8410000000001,1999.382,0.0037,0.0037
17.09.2014 10:31:56.484 GMT+0100,1999.629,1999.1820000000002,0.0037,0.0037
17.09.2014 10:31:57.186 GMT+0100,1999.855,1999.3500000000001,0.0037,0.0037
17.09.2014 10:32:00.619 GMT+0100,1999.653,1999.148,0.0037,0.0037
17.09.2014 10:32:00.993 GMT+0100,1999.835,1999.392,0.0037,0.0037
17.09.2014 10:33:33.431 GMT+0100,1999.612,1999.1720000000003,0.0037,0.0037
17.09.2014 10:34:13.486 GMT+0100,1999.824,1999.384,0.0037,0.0037
17.09.2014 10:37:44.189 GMT+0100,2000.1100000000001,1999.644,0.0037,0.0037
17.09.2014 10:37:45.292 GMT+0100,1999.838,1999.384,0.0037,0.0037
17.09.2014 10:38:16.061 GMT+0100,1999.63,1999.1589999999999,0.0037,0.0037
17.09.2014 10:38:23.257 GMT+0100,1999.8410000000001,1999.371,0.0037,0.0037
17.09.2014 10:38:35.177 GMT+0100,1999.6170000000002,1999.174,0.0037,0.0037
17.09.2014 10:38:37.681 GMT+0100,1999.3129999999999,1998.8629999999998,0.0037,0.0037
17.09.2014 10:38:38.382 GMT+0100,1999.655,1999.1879999999999,0.0037,0.0037
17.09.2014 10:39:39.889 GMT+0100,1999.8110000000001,1999.368,0.0037,0.0037
17.09.2014 10:39:47.502 GMT+0100,1999.6370000000002,1999.153,0.0037,0.0037
17.09.2014 10:40:39.581 GMT+0100,1999.8129999999999,1999.374,0.0037,0.0037
17.09.2014 10:47:13.287 GMT+0100,2000.1170000000002,1999.675,0.0037,0.0037
17.09.2014 10:49:00.655 GMT+0100,2000.314,1999.889,0.0037,0.0037
17.09.2014 10:49:25.503 GMT+0100,2000.1260000000002,1999.671,0.0037,0.0037
17.09.2014 10:51:11.076 GMT+0100,2000.32,1999.8760000000002,0.0037,0.0037
17.09.2014 10:51:12.601 GMT+0100,2000.14,1999.6770000000001,0.0037,0.0037
17.09.2014 10:51:33.318 GMT+0100,2000.326,1999.855,0.0037,0.0037
17.09.2014 10:51:35.722 GMT+0100,2000.641,2000.16,0.0037,0.0037
17.09.2014 10:51:38.828 GMT+0100,2000.335,1999.851,0.0037,0.0037
17.09.2014 10:55:32.636 GMT+0100,2000.131,1999.684,0.0037,0.0037
17.09.2014 10:57:05.285 GMT+0100,2000.342,1999.883,0.0037,0.0037
17.09.2014 10:58:17.199 GMT+0100,2000.618,2000.1620000000003,0.0037,0.0037
17.09.2014 10:58:17.701 GMT+0100,2000.318,1999.8760000000002,0.0037,0.0037
17.09.2014 10:58:25.815 GMT+0100,2000.54,2000.066,0.0037,0.0037
17.09.2014 10:58:26.616 GMT+0100,2000.3429999999998,1999.8500000000001,0.0037,0.0037
17.09.2014 10:58:27.329 GMT+0100,2000.5120000000002,2000.0800000000002,0.0037,0.0037
17.09.2014 10:58:28.252 GMT+0100,2000.3370000000002,1999.8670000000002,0.0037,0.0037
17.09.2014 11:02:14.076 GMT+0100,2000.145,1999.679,0.0037,0.0037
17.09.2014 11:04:25.589 GMT+0100,2000.3300000000002,1999.862,0.0037,0.0037
17.09.2014 11:04:56.040 GMT+0100,2000.129,1999.6760000000002,0.0037,0.0037
17.09.2014 11:04:58.946 GMT+0100,2000.332,1999.8700000000001,0.0037,0.0037
17.09.2014 11:05:16.777 GMT+0100,2000.105,1999.651,0.0037,0.0037
17.09.2014 11:05:22.836 GMT+0100,2000.329,1999.8700000000001,0.0037,0.0037
17.09.2014 11:09:07.715 GMT+0100,2000.131,1999.655,0.0037,0.0037
17.09.2014 11:10:03.805 GMT+0100,2000.3070000000002,1999.889,0.0037,0.0037
17.09.2014 11:11:21.462 GMT+0100,2000.6270000000002,2000.1560000000002,0.0037,0.0037
17.09.2014 11:12:13.870 GMT+0100,2000.308,1999.8570000000002,0.0037,0.0037
17.09.2014 11:13:02.670 GMT+0100,2000.6260000000002,2000.151,0.0037,0.0037
17.09.2014 11:13:51.434 GMT+0100,2000.809,2000.3760000000002,0.0037,0.0037
17.09.2014 11:15:19.084 GMT+0100,2000.632,2000.1870000000001,0.0037,0.0037
17.09.2014 11:15:39.208 GMT+0100,2000.846,2000.3670000000002,0.0037,0.0037
17.09.2014 11:18:37.187 GMT+0100,2000.63,2000.1870000000001,0.0037,0.0037
17.09.2014 11:20:06.432 GMT+0100,2000.3600000000001,1999.8670000000002,0.0037,0.0037
17.09.2014 11:21:55.021 GMT+0100,2000.119,1999.654,0.0037,0.0037
17.09.2014 11:22:08.944 GMT+0100,2000.326,1999.868,0.0037,0.0037
17.09.2014 11:22:21.073 GMT+0100,2000.119,1999.6760000000002,0.0037,0.0037
17.09.2014 11:23:05.958 GMT+0100,2000.332,1999.881,0.0037,0.0037
17.09.2014 11:23:50.735 GMT+0100,2000.609,2000.1670000000001,0.0037,0.0037
17.09.2014 11:23:52.739 GMT+0100,2000.332,1999.851,0.0037,0.0037
17.09.2014 11:24:06.262 GMT+0100,2000.611,2000.15,0.0037,0.0037
17.09.2014 11:24:25.009 GMT+0100,2000.3120000000001,1999.8700000000001,0.0037,0.0037
17.09.2014 11:24:32.423 GMT+0100,2000.6200000000001,2000.1860000000001,0.0037,0.0037
17.09.2014 11:25:11.677 GMT+0100,2000.329,1999.8870000000002,0.0037,0.0037
17.09.2014 11:25:11.979 GMT+0100,2000.619,2000.184,0.0037,0.0037
17.09.2014 11:26:33.109 GMT+0100,2000.328,1999.8629999999998,0.0037,0.0037
17.09.2014 11:26:58.754 GMT+0100,2000.124,1999.653,0.0037,0.0037
17.09.2014 11:27:29.517 GMT+0100,2000.32,1999.869,0.0037,0.0037
17.09.2014 11:28:22.158 GMT+0100,2000.629,2000.16,0.0037,0.0037
17.09.2014 11:29:41.587 GMT+0100,2000.3129999999999,1999.851,0.0037,0.0037
17.09.2014 11:30:47.488 GMT+0100,2000.634,2000.1670000000001,0.0037,0.0037
17.09.2014 11:34:11.815 GMT+0100,2000.3220000000001,1999.8700000000001,0.0037,0.0037
17.09.2014 11:35:06.817 GMT+0100,2000.1170000000002,1999.6879999999999,0.0037,0.0037
17.09.2014 11:35:58.401 GMT+0100,1999.828,1999.382,0.0037,0.0037
17.09.2014 11:36:35.659 GMT+0100,1999.638,1999.164,0.0037,0.0037
17.09.2014 11:37:07.614 GMT+0100,1999.832,1999.3760000000002,0.0037,0.0037
17.09.2014 11:37:40.367 GMT+0100,2000.1370000000002,1999.669,0.0037,0.0037
17.09.2014 11:39:12.004 GMT+0100,2000.339,1999.881,0.0037,0.0037
17.09.2014 11:40:44.052 GMT+0100,2000.6129999999998,2000.148,0.0037,0.0037
17.09.2014 11:42:04.777 GMT+0100,2000.8120000000001,2000.374,0.0037,0.0037
17.09.2014 11:42:05.678 GMT+0100,2000.625,2000.181,0.0037,0.0037
17.09.2014 11:42:19.100 GMT+0100,2000.842,2000.371,0.0037,0.0037
17.09.2014 11:42:37.637 GMT+0100,2000.642,2000.161,0.0037,0.0037
17.09.2014 11:45:40.392 GMT+0100,2000.348,1999.884,0.0037,0.0037
17.09.2014 11:47:39.475 GMT+0100,2000.634,2000.18,0.0037,0.0037
17.09.2014 11:49:37.766 GMT+0100,2000.826,2000.3600000000001,0.0037,0.0037
17.09.2014 11:49:39.670 GMT+0100,2000.643,2000.191,0.0037,0.0037
17.09.2014 11:50:57.386 GMT+0100,2000.8229999999999,2000.3670000000002,0.0037,0.0037
17.09.2014 11:51:55.991 GMT+0100,2000.65,2000.153,0.0037,0.0037
17.09.2014 11:52:08.913 GMT+0100,2000.8310000000001,2000.3760000000002,0.0037,0.0037
17.09.2014 11:52:14.224 GMT+0100,2000.618,2000.1770000000001,0.0037,0.0037
17.09.2014 11:52:30.949 GMT+0100,2000.828,2000.389,0.0037,0.0037
17.09.2014 11:52:57.186 GMT+0100,2000.642,2000.161,0.0037,0.0037
17.09.2014 11:52:59.191 GMT+0100,2000.836,2000.348,0.0037,0.0037
17.09.2014 11:56:55.558 GMT+0100,2000.606,2000.15,0.0037,0.0037
17.09.2014 12:00:40.279 GMT+0100,2000.3229999999999,1999.888,0.0037,0.0037
17.09.2014 12:01:15.761 GMT+0100,2000.15,1999.684,0.0037,0.0037
17.09.2014 12:01:18.347 GMT+0100,2000.344,1999.8729999999998,0.0037,0.0037
17.09.2014 12:01:44.596 GMT+0100,2000.125,1999.6720000000003,0.0037,0.0037
17.09.2014 12:01:46.100 GMT+0100,2000.338,1999.8470000000002,0.0037,0.0037
17.09.2014 12:02:51.709 GMT+0100,2000.24,1999.757,0.0037,0.0037
17.09.2014 12:02:52.510 GMT+0100,2000.3229999999999,1999.8870000000002,0.0037,0.0037
17.09.2014 12:03:13.847 GMT+0100,2000.131,1999.661,0.0037,0.0037
17.09.2014 12:03:17.554 GMT+0100,2000.32,1999.89,0.0037,0.0037
17.09.2014 12:03:32.581 GMT+0100,2000.144,1999.6770000000001,0.0037,0.0037
17.09.2014 12:03:37.088 GMT+0100,2000.326,1999.868,0.0037,0.0037
17.09.2014 12:06:32.255 GMT+0100,2000.122,1999.685,0.0037,0.0037
17.09.2014 12:08:48.578 GMT+0100,2000.3500000000001,1999.8629999999998,0.0037,0.0037
17.09.2014 12:09:20.531 GMT+0100,2000.624,2000.153,0.0037,0.0037
17.09.2014 12:10:58.734 GMT+0100,2000.328,1999.882,0.0037,0.0037
17.09.2014 12:11:02.316 GMT+0100,2000.6460000000002,2000.161,0.0037,0.0037
17.09.2014 12:11:08.426 GMT+0100,2000.342,1999.8729999999998,0.0037,0.0037
17.09.2014 12:11:09.428 GMT+0100,2000.608,2000.191,0.0037,0.0037
17.09.2014 12:11:12.234 GMT+0100,2000.338,1999.8700000000001,0.0037,0.0037
17.09.2014 12:11:12.936 GMT+0100,2000.632,2000.174,0.0037,0.0037
17.09.2014 12:11:55.706 GMT+0100,2000.3329999999999,1999.89,0.0037,0.0037
17.09.2014 12:13:28.064 GMT+0100,2000.138,1999.684,0.0037,0.0037
17.09.2014 12:13:46.996 GMT+0100,2000.335,1999.8470000000002,0.0037,0.0037
17.09.2014 12:16:42.672 GMT+0100,2000.124,1999.6760000000002,0.0037,0.0037
17.09.2014 12:17:06.615 GMT+0100,1999.835,1999.3570000000002,0.0037,0.0037
17.09.2014 12:17:07.265 GMT+0100,2000.143,1999.6670000000001,0.0037,0.0037
17.09.2014 12:17:07.920 GMT+0100,2000.0370000000003,1999.5710000000001,0.0037,0.0037
17.09.2014 12:17:09.419 GMT+0100,2000.148,1999.6770000000001,0.0037,0.0037
17.09.2014 12:17:11.127 GMT+0100,1999.842,1999.371,0.0037,0.0037
17.09.2014 12:17:18.243 GMT+0100,2000.13,1999.66,0.0037,0.0037
17.09.2014 12:17:21.650 GMT+0100,1999.819,1999.348,0.0037,0.0037
17.09.2014 12:18:36.185 GMT+0100,1999.834,1999.3670000000002,0.0037,0.0037
17.09.2014 12:18:43.800 GMT+0100,2000.1229999999998,1999.68,0.0037,0.0037
17.09.2014 12:20:07.051 GMT+0100,2000.3370000000002,1999.89,0.0037,0.0037
17.09.2014 12:20:15.353 GMT+0100,2000.119,1999.643,0.0037,0.0037
17.09.2014 12:20:16.255 GMT+0100,2000.352,1999.861,0.0037,0.0037
17.09.2014 12:20:18.261 GMT+0100,2000.1200000000001,1999.6660000000002,0.0037,0.0037
17.09.2014 12:21:34.380 GMT+0100,1999.842,1999.3700000000001,0.0037,0.0037
17.09.2014 12:21:38.888 GMT+0100,2000.144,1999.6720000000003,0.0037,0.0037
17.09.2014 12:23:29.696 GMT+0100,1999.832,1999.3470000000002,0.0037,0.0037
17.09.2014 12:24:11.436 GMT+0100,1999.633,1999.155,0.0037,0.0037
17.09.2014 12:25:09.033 GMT+0100,1999.8500000000001,1999.383,0.0037,0.0037
17.09.2014 12:25:40.586 GMT+0100,2000.1270000000002,1999.691,0.0037,0.0037
17.09.2014 12:25:41.590 GMT+0100,1999.852,1999.375,0.0037,0.0037
17.09.2014 12:25:44.395 GMT+0100,2000.148,1999.654,0.0037,0.0037
17.09.2014 12:26:01.321 GMT+0100,1999.824,1999.3729999999998,0.0037,0.0037
17.09.2014 12:27:24.066 GMT+0100,1999.845,1999.3700000000001,0.0037,0.0037
17.09.2014 12:31:13.266 GMT+0100,2000.15,1999.669,0.0037,0.0037
17.09.2014 12:31:16.328 GMT+0100,1999.814,1999.3760000000002,0.0037,0.0037
17.09.2014 12:31:18.530 GMT+0100,2000.124,1999.66,0.0037,0.0037
17.09.2014 12:32:55.682 GMT+0100,2000.3370000000002,1999.875,0.0037,0.0037
17.09.2014 12:33:26.341 GMT+0100,2000.6070000000002,2000.163,0.0037,0.0037
17.09.2014 12:33:26.642 GMT+0100,2000.3329999999999,1999.8700000000001,0.0037,0.0037
17.09.2014 12:34:06.014 GMT+0100,2000.649,2000.1560000000002,0.0037,0.0037
17.09.2014 12:34:08.119 GMT+0100,2000.3370000000002,1999.8670000000002,0.0037,0.0037
17.09.2014 12:34:34.467 GMT+0100,2000.6520000000003,2000.1920000000002,0.0037,0.0037
17.09.2014 12:35:06.823 GMT+0100,2000.3170000000002,1999.862,0.0037,0.0037
17.09.2014 12:37:28.766 GMT+0100,2000.64,2000.1660000000002,0.0037,0.0037
17.09.2014 12:38:11.435 GMT+0100,2000.138,1999.685,0.0037,0.0037
17.09.2014 12:38:16.642 GMT+0100,1999.829,1999.365,0.0037,0.0037
17.09.2014 12:38:30.670 GMT+0100,1999.618,1999.1779999999999,0.0037,0.0037
17.09.2014 12:38:54.514 GMT+0100,1999.3310000000001,1998.865,0.0037,0.0037
17.09.2014 12:38:55.617 GMT+0100,1999.118,1998.6620000000003,0.0037,0.0037
17.09.2014 12:40:18.967 GMT+0100,1999.319,1998.888,0.0037,0.0037
17.09.2014 12:41:39.085 GMT+0100,1999.601,1999.165,0.0037,0.0037
17.09.2014 12:41:46.899 GMT+0100,1999.8229999999999,1999.356,0.0037,0.0037
17.09.2014 12:42:11.449 GMT+0100,2000.352,1999.88,0.0037,0.0037
17.09.2014 12:42:12.477 GMT+0100,2000.1170000000002,1999.673,0.0037,0.0037
17.09.2014 12:42:38.689 GMT+0100,1999.82,1999.355,0.0037,0.0037
17.09.2014 12:43:10.648 GMT+0100,2000.1360000000002,1999.675,0.0037,0.0037
17.09.2014 12:44:31.971 GMT+0100,1999.818,1999.391,0.0037,0.0037
17.09.2014 12:44:58.218 GMT+0100,2000.1360000000002,1999.6879999999999,0.0037,0.0037
17.09.2014 12:45:23.969 GMT+0100,2000.3220000000001,1999.8660000000002,0.0037,0.0037
17.09.2014 12:45:33.287 GMT+0100,2000.1100000000001,1999.669,0.0037,0.0037
17.09.2014 12:46:18.890 GMT+0100,2000.325,1999.882,0.0037,0.0037
17.09.2014 12:47:29.062 GMT+0100,2000.13,1999.6560000000002,0.0037,0.0037
17.09.2014 12:47:48.597 GMT+0100,1999.8310000000001,1999.381,0.0037,0.0037
17.09.2014 12:49:52.207 GMT+0100,2000.132,1999.675,0.0037,0.0037
17.09.2014 12:50:29.358 GMT+0100,1999.8470000000002,1999.3570000000002,0.0037,0.0037
17.09.2014 12:50:34.267 GMT+0100,2000.1260000000002,1999.655,0.0037,0.0037
17.09.2014 12:50:36.772 GMT+0100,1999.826,1999.371,0.0037,0.0037
17.09.2014 12:51:48.388 GMT+0100,2000.16,1999.661,0.0037,0.0037
17.09.2014 12:53:07.414 GMT+0100,2000.355,1999.8729999999998,0.0037,0.0037
17.09.2014 12:54:41.262 GMT+0100,2000.122,1999.663,0.0037,0.0037
17.09.2014 12:57:33.040 GMT+0100,2000.122,1999.6570000000002,0.0037,0.0037
17.09.2014 12:58:03.587 GMT+0100,2000.325,1999.856,0.0037,0.0037
17.09.2014 12:58:05.294 GMT+0100,2000.128,1999.6870000000001,0.0037,0.0037
17.09.2014 12:59:41.942 GMT+0100,2000.3170000000002,1999.851,0.0037,0.0037
17.09.2014 12:59:44.750 GMT+0100,2000.128,1999.6460000000002,0.0037,0.0037
17.09.2014 13:00:18.715 GMT+0100,1999.815,1999.346,0.0037,0.0037
17.09.2014 13:01:11.909 GMT+0100,1999.628,1999.163,0.0037,0.0037
17.09.2014 13:02:42.754 GMT+0100,1999.3229999999999,1998.8600000000001,0.0037,0.0037
17.09.2014 13:04:51.076 GMT+0100,1999.352,1998.8770000000002,0.0037,0.0037
17.09.2014 13:05:27.547 GMT+0100,1999.621,1999.173,0.0037,0.0037
17.09.2014 13:07:36.264 GMT+0100,1999.328,1998.883,0.0037,0.0037
17.09.2014 13:08:43.369 GMT+0100,1999.138,1998.655,0.0037,0.0037
17.09.2014 13:09:08.106 GMT+0100,1999.3329999999999,1998.8660000000002,0.0037,0.0037
17.09.2014 13:09:08.791 GMT+0100,1999.1460000000002,1998.6589999999999,0.0037,0.0037
17.09.2014 13:09:18.222 GMT+0100,1999.351,1998.8760000000002,0.0037,0.0037
17.09.2014 13:10:00.391 GMT+0100,1999.13,1998.638,0.0037,0.0037
17.09.2014 13:11:03.495 GMT+0100,1998.8170000000002,1998.391,0.0037,0.0037
17.09.2014 13:11:27.933 GMT+0100,1998.633,1998.173,0.0037,0.0037
17.09.2014 13:11:56.277 GMT+0100,1998.846,1998.389,0.0037,0.0037
17.09.2014 13:13:03.298 GMT+0100,1998.8229999999999,1998.3760000000002,0.0037,0.0037
17.09.2014 13:14:32.457 GMT+0100,1998.629,1998.1860000000001,0.0037,0.0037
17.09.2014 13:14:54.402 GMT+0100,1998.324,1997.846,0.0037,0.0037
17.09.2014 13:15:20.163 GMT+0100,1998.624,1998.168,0.0037,0.0037
17.09.2014 13:15:23.470 GMT+0100,1998.326,1997.8700000000001,0.0037,0.0037
17.09.2014 13:15:24.170 GMT+0100,1998.6460000000002,1998.175,0.0037,0.0037
17.09.2014 13:15:25.975 GMT+0100,1998.335,1997.872,0.0037,0.0037
17.09.2014 13:15:26.978 GMT+0100,1998.629,1998.1570000000002,0.0037,0.0037
17.09.2014 13:16:33.690 GMT+0100,1998.319,1997.89,0.0037,0.0037
17.09.2014 13:16:53.336 GMT+0100,1998.1370000000002,1997.689,0.0037,0.0037
17.09.2014 13:16:59.848 GMT+0100,1997.832,1997.346,0.0037,0.0037
17.09.2014 13:17:06.460 GMT+0100,1998.142,1997.669,0.0037,0.0037
17.09.2014 13:17:22.288 GMT+0100,1998.316,1997.8729999999998,0.0037,0.0037
17.09.2014 13:17:41.619 GMT+0100,1998.1129999999998,1997.6670000000001,0.0037,0.0037
17.09.2014 13:17:50.061 GMT+0100,1998.3400000000001,1997.869,0.0037,0.0037
17.09.2014 13:18:20.732 GMT+0100,1998.1129999999998,1997.685,0.0037,0.0037
17.09.2014 13:19:56.358 GMT+0100,1998.352,1997.8570000000002,0.0037,0.0037
17.09.2014 13:21:13.286 GMT+0100,1998.346,1997.889,0.0037,0.0037
17.09.2014 13:21:57.052 GMT+0100,1998.645,1998.1820000000002,0.0037,0.0037
17.09.2014 13:22:03.469 GMT+0100,1998.832,1998.3600000000001,0.0037,0.0037
17.09.2014 13:22:14.789 GMT+0100,1998.615,1998.1779999999999,0.0037,0.0037
17.09.2014 13:22:16.395 GMT+0100,1998.848,1998.348,0.0037,0.0037
17.09.2014 13:22:51.567 GMT+0100,1998.619,1998.1779999999999,0.0037,0.0037
17.09.2014 13:22:59.975 GMT+0100,1998.329,1997.864,0.0037,0.0037
17.09.2014 13:23:32.527 GMT+0100,1998.6370000000002,1998.144,0.0037,0.0037
17.09.2014 13:24:46.936 GMT+0100,1998.326,1997.881,0.0037,0.0037
17.09.2014 13:25:24.400 GMT+0100,1998.64,1998.1870000000001,0.0037,0.0037
17.09.2014 13:26:09.967 GMT+0100,1998.336,1997.8760000000002,0.0037,0.0037
17.09.2014 13:26:44.418 GMT+0100,1998.648,1998.1860000000001,0.0037,0.0037
17.09.2014 13:27:03.750 GMT+0100,1998.844,1998.359,0.0037,0.0037
17.09.2014 13:27:34.720 GMT+0100,1999.122,1998.669,0.0037,0.0037
17.09.2014 13:27:36.500 GMT+0100,1998.8470000000002,1998.349,0.0037,0.0037
17.09.2014 13:27:37.201 GMT+0100,1999.142,1998.669,0.0037,0.0037
17.09.2014 13:27:37.502 GMT+0100,1998.8470000000002,1998.375,0.0037,0.0037
17.09.2014 13:27:39.005 GMT+0100,1999.115,1998.6860000000001,0.0037,0.0037
17.09.2014 13:28:12.553 GMT+0100,1999.0310000000002,1998.5670000000002,0.0037,0.0037
17.09.2014 13:28:13.255 GMT+0100,1999.1460000000002,1998.6979999999999,0.0037,0.0037
17.09.2014 13:28:15.658 GMT+0100,1999.0370000000003,1998.555,0.0037,0.0037
17.09.2014 13:28:16.959 GMT+0100,1998.849,1998.384,0.0037,0.0037
17.09.2014 13:28:19.164 GMT+0100,1998.638,1998.1820000000002,0.0037,0.0037
17.09.2014 13:28:19.565 GMT+0100,1998.819,1998.381,0.0037,0.0037
17.09.2014 13:28:23.173 GMT+0100,1998.622,1998.171,0.0037,0.0037
17.09.2014 13:28:29.083 GMT+0100,1998.819,1998.382,0.0037,0.0037
17.09.2014 13:28:30.686 GMT+0100,1998.635,1998.165,0.0037,0.0037
17.09.2014 13:29:08.745 GMT+0100,1998.8370000000002,1998.374,0.0037,0.0037
17.09.2014 13:29:10.648 GMT+0100,1998.64,1998.181,0.0037,0.0037
17.09.2014 13:29:11.450 GMT+0100,1998.844,1998.354,0.0037,0.0037
17.09.2014 13:29:11.851 GMT+0100,1998.727,1998.257,0.0037,0.0037
17.09.2014 13:29:14.055 GMT+0100,1998.633,1998.185,0.0037,0.0037
17.09.2014 13:29:14.456 GMT+0100,1998.731,1998.274,0.0037,0.0037
17.09.2014 13:29:16.665 GMT+0100,1998.8170000000002,1998.351,0.0037,0.0037
17.09.2014 13:29:36.441 GMT+0100,1999.1570000000002,1998.669,0.0037,0.0037
17.09.2014 13:30:01.838 GMT+0100,1999.639,1999.153,0.0037,0.0037
17.09.2014 13:30:02.872 GMT+0100,1999.717,1999.2710000000002,0.0037,0.0037
17.09.2014 13:30:03.213 GMT+0100,1999.826,1999.3729999999998,0.0037,0.0037
17.09.2014 13:30:16.884 GMT+0100,1999.614,1999.183,0.0037,0.0037
17.09.2014 13:30:21.798 GMT+0100,1999.524,1999.0710000000001,0.0037,0.0037
17.09.2014 13:30:23.201 GMT+0100,1999.3329999999999,1998.8500000000001,0.0037,0.0037
17.09.2014 13:30:24.203 GMT+0100,1999.6460000000002,1999.1760000000002,0.0037,0.0037
17.09.2014 13:30:24.504 GMT+0100,1999.825,1999.3529999999998,0.0037,0.0037
17.09.2014 13:30:27.193 GMT+0100,2000.122,1999.6770000000001,0.0037,0.0037
17.09.2014 13:30:27.895 GMT+0100,1999.8070000000002,1999.375,0.0037,0.0037
17.09.2014 13:30:32.007 GMT+0100,2000.114,1999.68,0.0037,0.0037
17.09.2014 13:30:37.619 GMT+0100,2000.0420000000001,1999.5729999999999,0.0037,0.0037
17.09.2014 13:30:38.522 GMT+0100,2000.108,1999.671,0.0037,0.0037
17.09.2014 13:30:39.525 GMT+0100,2000.2320000000002,1999.763,0.0037,0.0037
17.09.2014 13:30:39.982 GMT+0100,2000.335,1999.875,0.0037,0.0037
17.09.2014 13:30:41.352 GMT+0100,2000.1460000000002,1999.6820000000002,0.0037,0.0037
17.09.2014 13:30:44.841 GMT+0100,2000.3500000000001,1999.885,0.0037,0.0037
17.09.2014 13:30:50.254 GMT+0100,2000.632,2000.1589999999999,0.0037,0.0037
17.09.2014 13:30:55.664 GMT+0100,2000.826,2000.379,0.0037,0.0037
17.09.2014 13:30:59.599 GMT+0100,2000.634,2000.17,0.0037,0.0037
17.09.2014 13:31:01.383 GMT+0100,2000.825,2000.346,0.0037,0.0037
17.09.2014 13:31:02.286 GMT+0100,2000.649,2000.1720000000003,0.0037,0.0037
17.09.2014 13:31:02.587 GMT+0100,2000.854,2000.39,0.0037,0.0037
17.09.2014 13:31:03.032 GMT+0100,2000.643,2000.194,0.0037,0.0037
17.09.2014 13:31:03.490 GMT+0100,2000.8229999999999,2000.3429999999998,0.0037,0.0037
17.09.2014 13:31:03.791 GMT+0100,2000.622,2000.171,0.0037,0.0037
17.09.2014 13:31:06.341 GMT+0100,2000.318,1999.879,0.0037,0.0037
17.09.2014 13:31:07.504 GMT+0100,2000.145,1999.675,0.0037,0.0037
17.09.2014 13:31:14.627 GMT+0100,1999.8170000000002,1999.385,0.0037,0.0037
17.09.2014 13:31:15.331 GMT+0100,2000.1200000000001,1999.664,0.0037,0.0037
17.09.2014 13:31:17.337 GMT+0100,2000.315,1999.885,0.0037,0.0037
17.09.2014 13:31:20.549 GMT+0100,2000.628,2000.1920000000002,0.0037,0.0037
17.09.2014 13:31:20.974 GMT+0100,2000.3500000000001,1999.8570000000002,0.0037,0.0037
17.09.2014 13:31:23.758 GMT+0100,2000.6270000000002,2000.1779999999999,0.0037,0.0037
17.09.2014 13:31:28.272 GMT+0100,2000.819,2000.359,0.0037,0.0037
17.09.2014 13:31:29.878 GMT+0100,2000.639,2000.1660000000002,0.0037,0.0037
17.09.2014 13:31:46.318 GMT+0100,2000.3170000000002,1999.872,0.0037,0.0037
17.09.2014 13:31:55.242 GMT+0100,2000.618,2000.1560000000002,0.0037,0.0037
17.09.2014 13:32:02.958 GMT+0100,2000.835,2000.355,0.0037,0.0037
17.09.2014 13:32:07.470 GMT+0100,2001.1360000000002,2000.6770000000001,0.0037,0.0037
17.09.2014 13:32:07.771 GMT+0100,2000.816,2000.371,0.0037,0.0037
17.09.2014 13:32:10.879 GMT+0100,2001.1360000000002,2000.675,0.0037,0.0037
17.09.2014 13:32:14.210 GMT+0100,2001.344,2000.892,0.0037,0.0037
17.09.2014 13:32:14.661 GMT+0100,2001.1470000000002,2000.6570000000002,0.0037,0.0037
17.09.2014 13:32:20.803 GMT+0100,2001.335,2000.865,0.0037,0.0037
17.09.2014 13:32:25.214 GMT+0100,2001.634,2001.183,0.0037,0.0037
17.09.2014 13:32:28.825 GMT+0100,2001.816,2001.375,0.0037,0.0037
17.09.2014 13:32:29.427 GMT+0100,2001.6270000000002,2001.193,0.0037,0.0037
17.09.2014 13:32:35.336 GMT+0100,2001.8020000000001,2001.3760000000002,0.0037,0.0037
17.09.2014 13:32:35.839 GMT+0100,2001.641,2001.1670000000001,0.0037,0.0037
17.09.2014 13:32:41.367 GMT+0100,2001.8400000000001,2001.3860000000002,0.0037,0.0037
17.09.2014 13:32:47.184 GMT+0100,2001.634,2001.17,0.0037,0.0037
17.09.2014 13:33:21.843 GMT+0100,2001.852,2001.384,0.0037,0.0037
17.09.2014 13:33:22.245 GMT+0100,2001.633,2001.173,0.0037,0.0037
17.09.2014 13:33:52.296 GMT+0100,2001.3310000000001,2000.8670000000002,0.0037,0.0037
17.09.2014 13:34:02.715 GMT+0100,2001.118,2000.658,0.0037,0.0037
17.09.2014 13:34:03.217 GMT+0100,2001.3429999999998,2000.898,0.0037,0.0037
17.09.2014 13:34:18.177 GMT+0100,2001.239,2000.759,0.0037,0.0037
17.09.2014 13:34:18.544 GMT+0100,2001.1260000000002,2000.655,0.0037,0.0037
17.09.2014 13:34:23.177 GMT+0100,2001.3529999999998,2000.8870000000002,0.0037,0.0037
17.09.2014 13:34:34.179 GMT+0100,2001.143,2000.675,0.0037,0.0037
17.09.2014 13:34:57.528 GMT+0100,2000.814,2000.358,0.0037,0.0037
17.09.2014 13:34:58.530 GMT+0100,2001.1520000000003,2000.679,0.0037,0.0037
17.09.2014 13:35:01.743 GMT+0100,2001.316,2000.849,0.0037,0.0037
17.09.2014 13:35:03.547 GMT+0100,2001.155,2000.653,0.0037,0.0037
17.09.2014 13:35:27.994 GMT+0100,2000.846,2000.358,0.0037,0.0037
17.09.2014 13:35:29.603 GMT+0100,2001.138,2000.681,0.0037,0.0037
17.09.2014 13:35:37.822 GMT+0100,2000.816,2000.3770000000002,0.0037,0.0037
17.09.2014 13:36:41.339 GMT+0100,2000.6360000000002,2000.1620000000003,0.0037,0.0037
17.09.2014 13:39:19.308 GMT+0100,2000.643,2000.161,0.0037,0.0037
17.09.2014 13:40:06.217 GMT+0100,2000.342,1999.882,0.0037,0.0037
17.09.2014 13:40:07.600 GMT+0100,2000.621,2000.16,0.0037,0.0037
17.09.2014 13:40:56.586 GMT+0100,2000.334,1999.868,0.0037,0.0037
17.09.2014 13:41:26.335 GMT+0100,2000.611,2000.1560000000002,0.0037,0.0037
17.09.2014 13:41:37.359 GMT+0100,2000.836,2000.3700000000001,0.0037,0.0037
17.09.2014 13:42:12.855 GMT+0100,2001.1170000000002,2000.673,0.0037,0.0037
17.09.2014 13:42:39.016 GMT+0100,2001.32,2000.8870000000002,0.0037,0.0037
17.09.2014 13:42:41.221 GMT+0100,2001.128,2000.67,0.0037,0.0037
17.09.2014 13:43:08.971 GMT+0100,2001.346,2000.881,0.0037,0.0037
17.09.2014 13:43:11.575 GMT+0100,2001.154,2000.67,0.0037,0.0037
17.09.2014 13:43:47.442 GMT+0100,2001.351,2000.856,0.0037,0.0037
17.09.2014 13:43:58.562 GMT+0100,2001.133,2000.658,0.0037,0.0037
17.09.2014 13:44:35.040 GMT+0100,2001.3220000000001,2000.862,0.0037,0.0037
17.09.2014 13:45:24.585 GMT+0100,2001.618,2001.164,0.0037,0.0037
17.09.2014 13:45:30.609 GMT+0100,2001.328,2000.849,0.0037,0.0037
17.09.2014 13:45:44.488 GMT+0100,2001.622,2001.164,0.0037,0.0037
17.09.2014 13:45:47.797 GMT+0100,2001.3329999999999,2000.8660000000002,0.0037,0.0037
17.09.2014 13:47:31.690 GMT+0100,2001.611,2001.173,0.0037,0.0037
17.09.2014 13:47:32.292 GMT+0100,2001.329,2000.88,0.0037,0.0037
17.09.2014 13:48:16.406 GMT+0100,2001.13,2000.691,0.0037,0.0037
17.09.2014 13:48:45.731 GMT+0100,2000.82,2000.3970000000002,0.0037,0.0037
17.09.2014 13:50:04.159 GMT+0100,2001.141,2000.649,0.0037,0.0037
17.09.2014 13:50:12.178 GMT+0100,2001.3110000000001,2000.851,0.0037,0.0037
17.09.2014 13:50:13.783 GMT+0100,2001.122,2000.654,0.0037,0.0037
17.09.2014 13:50:16.488 GMT+0100,2000.8500000000001,2000.364,0.0037,0.0037
17.09.2014 13:50:58.570 GMT+0100,2001.1270000000002,2000.68,0.0037,0.0037
17.09.2014 13:51:18.004 GMT+0100,2001.326,2000.875,0.0037,0.0037
17.09.2014 13:52:57.911 GMT+0100,2001.1029999999998,2000.683,0.0037,0.0037
17.09.2014 13:53:37.551 GMT+0100,2001.3129999999999,2000.859,0.0037,0.0037
17.09.2014 13:53:39.657 GMT+0100,2001.151,2000.669,0.0037,0.0037
17.09.2014 13:54:30.744 GMT+0100,2000.839,2000.3870000000002,0.0037,0.0037
17.09.2014 13:54:55.183 GMT+0100,2000.634,2000.1860000000001,0.0037,0.0037
17.09.2014 13:55:06.209 GMT+0100,2000.335,1999.8700000000001,0.0037,0.0037
17.09.2014 13:56:22.595 GMT+0100,2000.1200000000001,1999.679,0.0037,0.0037
17.09.2014 13:56:32.612 GMT+0100,2000.344,1999.8629999999998,0.0037,0.0037
17.09.2014 13:57:16.792 GMT+0100,2000.6170000000002,2000.189,0.0037,0.0037
17.09.2014 13:57:24.002 GMT+0100,2000.329,1999.869,0.0037,0.0037
17.09.2014 13:58:44.352 GMT+0100,2000.6260000000002,2000.161,0.0037,0.0037
17.09.2014 14:00:00.387 GMT+0100,2000.625,2000.153,0.0037,0.0037
17.09.2014 14:00:07.016 GMT+0100,2000.3329999999999,1999.871,0.0037,0.0037
17.09.2014 14:00:07.707 GMT+0100,2000.614,2000.173,0.0037,0.0037
17.09.2014 14:00:09.211 GMT+0100,2000.308,1999.865,0.0037,0.0037
17.09.2014 14:00:33.259 GMT+0100,2000.14,1999.655,0.0037,0.0037
17.09.2014 14:00:54.394 GMT+0100,2000.335,1999.895,0.0037,0.0037
17.09.2014 14:02:17.434 GMT+0100,2000.318,1999.862,0.0037,0.0037
17.09.2014 14:02:57.806 GMT+0100,2000.618,2000.1670000000001,0.0037,0.0037
17.09.2014 14:04:08.021 GMT+0100,2000.8220000000001,2000.3729999999998,0.0037,0.0037
17.09.2014 14:04:52.094 GMT+0100,2000.631,2000.173,0.0037,0.0037
17.09.2014 14:05:19.081 GMT+0100,2000.3329999999999,1999.88,0.0037,0.0037
17.09.2014 14:05:56.651 GMT+0100,2000.614,2000.165,0.0037,0.0037
17.09.2014 14:06:30.163 GMT+0100,2000.334,1999.875,0.0037,0.0037
17.09.2014 14:06:57.411 GMT+0100,2000.621,2000.148,0.0037,0.0037
17.09.2014 14:08:09.231 GMT+0100,2000.839,2000.385,0.0037,0.0037
17.09.2014 14:08:23.755 GMT+0100,2000.638,2000.164,0.0037,0.0037
17.09.2014 14:10:12.441 GMT+0100,2000.32,1999.883,0.0037,0.0037
17.09.2014 14:10:29.464 GMT+0100,2000.6270000000002,2000.181,0.0037,0.0037
17.09.2014 14:12:25.784 GMT+0100,2000.332,1999.8700000000001,0.0037,0.0037
17.09.2014 14:12:46.985 GMT+0100,2000.144,1999.654,0.0037,0.0037
17.09.2014 14:13:13.327 GMT+0100,2000.335,1999.881,0.0037,0.0037
17.09.2014 14:15:00.388 GMT+0100,2000.305,1999.8529999999998,0.0037,0.0037
17.09.2014 14:16:19.314 GMT+0100,2000.608,2000.1560000000002,0.0037,0.0037
17.09.2014 14:17:29.949 GMT+0100,2000.829,2000.364,0.0037,0.0037
17.09.2014 14:17:59.472 GMT+0100,2001.13,2000.6670000000001,0.0037,0.0037
17.09.2014 14:19:25.912 GMT+0100,2001.336,2000.855,0.0037,0.0037
17.09.2014 14:19:42.144 GMT+0100,2001.621,2001.1660000000002,0.0037,0.0037
17.09.2014 14:19:48.655 GMT+0100,2001.318,2000.858,0.0037,0.0037
17.09.2014 14:22:41.361 GMT+0100,2001.346,2000.856,0.0037,0.0037
17.09.2014 14:24:28.433 GMT+0100,2001.64,2001.1760000000002,0.0037,0.0037
17.09.2014 14:24:43.265 GMT+0100,2001.819,2001.365,0.0037,0.0037
17.09.2014 14:24:47.877 GMT+0100,2002.139,2001.673,0.0037,0.0037
17.09.2014 14:24:48.687 GMT+0100,2002.332,2001.879,0.0037,0.0037
17.09.2014 14:25:11.323 GMT+0100,2002.153,2001.6620000000003,0.0037,0.0037
17.09.2014 14:25:32.063 GMT+0100,2002.226,2001.767,0.0037,0.0037
17.09.2014 14:25:32.460 GMT+0100,2002.1160000000002,2001.661,0.0037,0.0037
17.09.2014 14:25:35.865 GMT+0100,2002.345,2001.8570000000002,0.0037,0.0037
17.09.2014 14:25:36.366 GMT+0100,2002.104,2001.689,0.0037,0.0037
17.09.2014 14:25:37.368 GMT+0100,2002.316,2001.8700000000001,0.0037,0.0037
17.09.2014 14:25:38.571 GMT+0100,2002.125,2001.6870000000001,0.0037,0.0037
17.09.2014 14:25:39.874 GMT+0100,2002.332,2001.848,0.0037,0.0037
17.09.2014 14:25:51.599 GMT+0100,2002.134,2001.654,0.0037,0.0037
17.09.2014 14:25:52.401 GMT+0100,2002.234,2001.769,0.0037,0.0037
17.09.2014 14:25:53.214 GMT+0100,2002.336,2001.8700000000001,0.0037,0.0037
17.09.2014 14:26:46.407 GMT+0100,2002.138,2001.649,0.0037,0.0037
17.09.2014 14:27:35.495 GMT+0100,2002.3120000000001,2001.885,0.0037,0.0037
17.09.2014 14:27:45.515 GMT+0100,2002.148,2001.67,0.0037,0.0037
17.09.2014 14:27:46.217 GMT+0100,2002.319,2001.8700000000001,0.0037,0.0037
17.09.2014 14:27:49.323 GMT+0100,2002.134,2001.67,0.0037,0.0037
17.09.2014 14:27:56.437 GMT+0100,2002.3429999999998,2001.8860000000002,0.0037,0.0037
17.09.2014 14:28:09.556 GMT+0100,2002.624,2002.18,0.0037,0.0037
17.09.2014 14:28:10.358 GMT+0100,2002.325,2001.845,0.0037,0.0037
17.09.2014 14:28:16.768 GMT+0100,2002.1520000000003,2001.6760000000002,0.0037,0.0037
17.09.2014 14:28:19.111 GMT+0100,2002.3170000000002,2001.881,0.0037,0.0037
17.09.2014 14:29:00.744 GMT+0100,2002.612,2002.1820000000002,0.0037,0.0037
17.09.2014 14:29:01.446 GMT+0100,2002.31,2001.848,0.0037,0.0037
17.09.2014 14:29:02.049 GMT+0100,2002.6170000000002,2002.18,0.0037,0.0037
17.09.2014 14:29:30.089 GMT+0100,2002.3210000000001,2001.879,0.0037,0.0037
17.09.2014 14:30:00.448 GMT+0100,2002.135,2001.679,0.0037,0.0037
17.09.2014 14:30:00.867 GMT+0100,2002.3429999999998,2001.861,0.0037,0.0037
17.09.2014 14:30:01.754 GMT+0100,2002.138,2001.6820000000002,0.0037,0.0037
17.09.2014 14:30:02.458 GMT+0100,2002.3410000000001,2001.8629999999998,0.0037,0.0037
17.09.2014 14:30:03.160 GMT+0100,2002.1200000000001,2001.671,0.0037,0.0037
17.09.2014 14:30:03.785 GMT+0100,2002.6160000000002,2002.179,0.0037,0.0037
17.09.2014 14:30:05.672 GMT+0100,2002.324,2001.885,0.0037,0.0037
17.09.2014 14:30:06.276 GMT+0100,2002.111,2001.681,0.0037,0.0037
17.09.2014 14:30:07.782 GMT+0100,2002.3120000000001,2001.852,0.0037,0.0037
17.09.2014 14:30:11.192 GMT+0100,2002.1129999999998,2001.689,0.0037,0.0037
17.09.2014 14:30:15.609 GMT+0100,2002.6129999999998,2002.1760000000002,0.0037,0.0037
17.09.2014 14:30:17.313 GMT+0100,2002.348,2001.862,0.0037,0.0037
17.09.2014 14:30:21.022 GMT+0100,2002.644,2002.1620000000003,0.0037,0.0037
17.09.2014 14:30:22.127 GMT+0100,2002.319,2001.8600000000001,0.0037,0.0037
17.09.2014 14:30:22.528 GMT+0100,2002.621,2002.141,0.0037,0.0037
17.09.2014 14:30:29.745 GMT+0100,2002.339,2001.878,0.0037,0.0037
17.09.2014 14:30:57.414 GMT+0100,2002.141,2001.661,0.0037,0.0037
17.09.2014 14:30:59.521 GMT+0100,2001.825,2001.3660000000002,0.0037,0.0037
17.09.2014 14:31:04.437 GMT+0100,2002.154,2001.653,0.0037,0.0037
17.09.2014 14:31:04.859 GMT+0100,2001.814,2001.381,0.0037,0.0037
17.09.2014 14:31:18.672 GMT+0100,2002.1260000000002,2001.6620000000003,0.0037,0.0037
17.09.2014 14:31:19.475 GMT+0100,2001.845,2001.355,0.0037,0.0037
17.09.2014 14:31:26.089 GMT+0100,2002.119,2001.6779999999999,0.0037,0.0037
17.09.2014 14:31:37.816 GMT+0100,2002.324,2001.852,0.0037,0.0037
17.09.2014 14:31:44.035 GMT+0100,2002.119,2001.674,0.0037,0.0037
17.09.2014 14:32:04.786 GMT+0100,2001.834,2001.348,0.0037,0.0037
17.09.2014 14:32:10.102 GMT+0100,2002.1229999999998,2001.6660000000002,0.0037,0.0037
17.09.2014 14:32:35.359 GMT+0100,2002.329,2001.8600000000001,0.0037,0.0037
17.09.2014 14:32:35.661 GMT+0100,2002.6200000000001,2002.173,0.0037,0.0037
17.09.2014 14:32:36.363 GMT+0100,2002.3120000000001,2001.892,0.0037,0.0037
17.09.2014 14:32:38.171 GMT+0100,2002.124,2001.689,0.0037,0.0037
17.09.2014 14:32:40.796 GMT+0100,2002.31,2001.854,0.0037,0.0037
17.09.2014 14:32:41.280 GMT+0100,2002.111,2001.6589999999999,0.0037,0.0037
17.09.2014 14:32:47.097 GMT+0100,2002.342,2001.8600000000001,0.0037,0.0037
17.09.2014 14:32:47.598 GMT+0100,2002.122,2001.68,0.0037,0.0037
17.09.2014 14:33:01.233 GMT+0100,2002.326,2001.889,0.0037,0.0037
17.09.2014 14:33:06.142 GMT+0100,2002.134,2001.683,0.0037,0.0037
17.09.2014 14:33:21.574 GMT+0100,2002.3370000000002,2001.879,0.0037,0.0037
17.09.2014 14:33:22.331 GMT+0100,2002.1270000000002,2001.671,0.0037,0.0037
17.09.2014 14:33:28.996 GMT+0100,2001.8210000000001,2001.385,0.0037,0.0037
17.09.2014 14:33:33.206 GMT+0100,2001.644,2001.1470000000002,0.0037,0.0037
17.09.2014 14:33:56.459 GMT+0100,2001.316,2000.8660000000002,0.0037,0.0037
17.09.2014 14:33:58.968 GMT+0100,2001.6200000000001,2001.1570000000002,0.0037,0.0037
17.09.2014 14:34:05.081 GMT+0100,2001.8429999999998,2001.372,0.0037,0.0037
17.09.2014 14:34:05.491 GMT+0100,2001.6270000000002,2001.189,0.0037,0.0037
17.09.2014 14:34:07.687 GMT+0100,2001.8500000000001,2001.3960000000002,0.0037,0.0037
17.09.2014 14:34:08.888 GMT+0100,2001.631,2001.181,0.0037,0.0037
17.09.2014 14:34:19.710 GMT+0100,2001.835,2001.371,0.0037,0.0037
17.09.2014 14:34:25.423 GMT+0100,2002.119,2001.665,0.0037,0.0037
17.09.2014 14:34:30.636 GMT+0100,2001.832,2001.355,0.0037,0.0037
17.09.2014 14:34:30.937 GMT+0100,2002.139,2001.642,0.0037,0.0037
17.09.2014 14:34:45.469 GMT+0100,2001.832,2001.379,0.0037,0.0037
17.09.2014 14:34:49.880 GMT+0100,2001.615,2001.1520000000003,0.0037,0.0037
17.09.2014 14:35:09.425 GMT+0100,2001.348,2000.878,0.0037,0.0037
17.09.2014 14:35:13.336 GMT+0100,2001.63,2001.16,0.0037,0.0037
17.09.2014 14:35:13.838 GMT+0100,2001.315,2000.859,0.0037,0.0037
17.09.2014 14:35:14.265 GMT+0100,2001.618,2001.1589999999999,0.0037,0.0037
17.09.2014 14:35:16.446 GMT+0100,2001.3120000000001,2000.885,0.0037,0.0037
17.09.2014 14:35:17.448 GMT+0100,2001.6270000000002,2001.1770000000001,0.0037,0.0037
17.09.2014 14:35:18.451 GMT+0100,2001.3229999999999,2000.855,0.0037,0.0037
17.09.2014 14:35:20.556 GMT+0100,2001.635,2001.151,0.0037,0.0037
17.09.2014 14:35:28.473 GMT+0100,2001.834,2001.3570000000002,0.0037,0.0037
17.09.2014 14:35:29.046 GMT+0100,2001.625,2001.181,0.0037,0.0037
17.09.2014 14:35:29.376 GMT+0100,2001.8310000000001,2001.364,0.0037,0.0037
17.09.2014 14:35:35.993 GMT+0100,2001.64,2001.149,0.0037,0.0037
17.09.2014 14:35:38.500 GMT+0100,2001.846,2001.3570000000002,0.0037,0.0037
17.09.2014 14:35:39.116 GMT+0100,2001.621,2001.153,0.0037,0.0037
17.09.2014 14:35:41.006 GMT+0100,2001.816,2001.3770000000002,0.0037,0.0037
17.09.2014 14:35:46.717 GMT+0100,2001.653,2001.1720000000003,0.0037,0.0037
17.09.2014 14:35:47.631 GMT+0100,2001.8410000000001,2001.364,0.0037,0.0037
17.09.2014 14:36:04.366 GMT+0100,2002.125,2001.683,0.0037,0.0037
17.09.2014 14:36:09.873 GMT+0100,2002.336,2001.8629999999998,0.0037,0.0037
17.09.2014 14:36:10.876 GMT+0100,2002.114,2001.674,0.0037,0.0037
17.09.2014 14:36:11.270 GMT+0100,2002.3229999999999,2001.889,0.0037,0.0037
17.09.2014 14:36:11.681 GMT+0100,2002.134,2001.67,0.0037,0.0037
17.09.2014 14:36:12.381 GMT+0100,2002.305,2001.8860000000002,0.0037,0.0037
17.09.2014 14:36:12.883 GMT+0100,2002.141,2001.674,0.0037,0.0037
17.09.2014 14:36:13.485 GMT+0100,2002.3300000000002,2001.848,0.0037,0.0037
17.09.2014 14:36:27.276 GMT+0100,2002.622,2002.183,0.0037,0.0037
17.09.2014 14:36:27.577 GMT+0100,2002.332,2001.881,0.0037,0.0037
17.09.2014 14:36:33.092 GMT+0100,2002.139,2001.65,0.0037,0.0037
17.09.2014 14:36:33.794 GMT+0100,2002.318,2001.875,0.0037,0.0037
17.09.2014 14:36:34.225 GMT+0100,2002.1160000000002,2001.6460000000002,0.0037,0.0037
17.09.2014 14:36:35.100 GMT+0100,2002.324,2001.89,0.0037,0.0037
17.09.2014 14:36:40.915 GMT+0100,2002.6520000000003,2002.185,0.0037,0.0037
17.09.2014 14:36:41.818 GMT+0100,2002.8400000000001,2002.359,0.0037,0.0037
17.09.2014 14:36:45.629 GMT+0100,2002.619,2002.1570000000002,0.0037,0.0037
17.09.2014 14:36:54.264 GMT+0100,2002.848,2002.3570000000002,0.0037,0.0037
17.09.2014 14:36:54.654 GMT+0100,2002.608,2002.1820000000002,0.0037,0.0037
17.09.2014 14:37:05.883 GMT+0100,2002.8410000000001,2002.3660000000002,0.0037,0.0037
17.09.2014 14:37:07.088 GMT+0100,2003.1100000000001,2002.684,0.0037,0.0037
17.09.2014 14:37:15.144 GMT+0100,2002.8370000000002,2002.3529999999998,0.0037,0.0037
17.09.2014 14:37:15.717 GMT+0100,2003.133,2002.6860000000001,0.0037,0.0037
17.09.2014 14:37:17.721 GMT+0100,2002.836,2002.39,0.0037,0.0037
17.09.2014 14:37:18.230 GMT+0100,2003.148,2002.685,0.0037,0.0037
17.09.2014 14:37:24.550 GMT+0100,2003.314,2002.845,0.0037,0.0037
17.09.2014 14:37:34.069 GMT+0100,2003.641,2003.171,0.0037,0.0037
17.09.2014 14:37:47.409 GMT+0100,2003.832,2003.381,0.0037,0.0037
17.09.2014 14:38:02.049 GMT+0100,2003.6200000000001,2003.1570000000002,0.0037,0.0037
17.09.2014 14:38:02.451 GMT+0100,2003.8370000000002,2003.355,0.0037,0.0037
17.09.2014 14:38:05.759 GMT+0100,2003.6129999999998,2003.1779999999999,0.0037,0.0037
17.09.2014 14:38:07.966 GMT+0100,2003.314,2002.8860000000002,0.0037,0.0037
17.09.2014 14:38:08.368 GMT+0100,2003.64,2003.1520000000003,0.0037,0.0037
17.09.2014 14:38:08.669 GMT+0100,2003.3400000000001,2002.846,0.0037,0.0037
17.09.2014 14:38:21.206 GMT+0100,2003.643,2003.169,0.0037,0.0037
17.09.2014 14:38:30.265 GMT+0100,2003.8170000000002,2003.356,0.0037,0.0037
17.09.2014 14:38:34.170 GMT+0100,2003.622,2003.165,0.0037,0.0037
17.09.2014 14:38:37.456 GMT+0100,2003.351,2002.8870000000002,0.0037,0.0037
17.09.2014 14:38:42.471 GMT+0100,2003.6589999999999,2003.184,0.0037,0.0037
17.09.2014 14:38:47.285 GMT+0100,2003.339,2002.8870000000002,0.0037,0.0037
17.09.2014 14:38:47.888 GMT+0100,2003.6170000000002,2003.1589999999999,0.0037,0.0037
17.09.2014 14:38:50.595 GMT+0100,2003.8210000000001,2003.362,0.0037,0.0037
17.09.2014 14:38:59.720 GMT+0100,2003.642,2003.1620000000003,0.0037,0.0037
17.09.2014 14:39:00.222 GMT+0100,2003.8020000000001,2003.3770000000002,0.0037,0.0037
17.09.2014 14:39:00.723 GMT+0100,2003.622,2003.175,0.0037,0.0037
17.09.2014 14:39:01.524 GMT+0100,2003.8370000000002,2003.375,0.0037,0.0037
17.09.2014 14:39:04.332 GMT+0100,2003.6160000000002,2003.185,0.0037,0.0037
17.09.2014 14:39:04.637 GMT+0100,2003.832,2003.379,0.0037,0.0037
17.09.2014 14:39:07.642 GMT+0100,2004.141,2003.691,0.0037,0.0037
17.09.2014 14:39:07.945 GMT+0100,2003.8410000000001,2003.381,0.0037,0.0037
17.09.2014 14:39:17.067 GMT+0100,2003.6460000000002,2003.171,0.0037,0.0037
17.09.2014 14:39:38.919 GMT+0100,2003.345,2002.8860000000002,0.0037,0.0037
17.09.2014 14:39:41.528 GMT+0100,2003.6129999999998,2003.164,0.0037,0.0037
17.09.2014 14:39:49.954 GMT+0100,2003.315,2002.844,0.0037,0.0037
17.09.2014 14:39:52.763 GMT+0100,2003.6229999999998,2003.155,0.0037,0.0037
17.09.2014 14:39:54.457 GMT+0100,2003.3310000000001,2002.8729999999998,0.0037,0.0037
17.09.2014 14:39:58.778 GMT+0100,2003.1520000000003,2002.653,0.0037,0.0037
17.09.2014 14:40:01.290 GMT+0100,2003.3410000000001,2002.874,0.0037,0.0037
17.09.2014 14:40:02.796 GMT+0100,2003.149,2002.6720000000003,0.0037,0.0037
17.09.2014 14:40:18.744 GMT+0100,2002.846,2002.374,0.0037,0.0037
17.09.2014 14:40:19.046 GMT+0100,2003.112,2002.679,0.0037,0.0037
17.09.2014 14:40:24.460 GMT+0100,2002.818,2002.372,0.0037,0.0037
17.09.2014 14:40:27.169 GMT+0100,2002.643,2002.164,0.0037,0.0037
17.09.2014 14:40:27.772 GMT+0100,2002.856,2002.374,0.0037,0.0037
17.09.2014 14:40:33.891 GMT+0100,2003.139,2002.669,0.0037,0.0037
17.09.2014 14:40:47.332 GMT+0100,2003.3470000000002,2002.861,0.0037,0.0037
17.09.2014 14:40:48.436 GMT+0100,2003.14,2002.684,0.0037,0.0037
17.09.2014 14:40:54.052 GMT+0100,2003.306,2002.881,0.0037,0.0037
17.09.2014 14:40:57.112 GMT+0100,2003.1370000000002,2002.644,0.0037,0.0037
17.09.2014 14:41:08.787 GMT+0100,2002.825,2002.3700000000001,0.0037,0.0037
17.09.2014 14:41:09.200 GMT+0100,2003.1470000000002,2002.6760000000002,0.0037,0.0037
17.09.2014 14:41:24.425 GMT+0100,2003.32,2002.878,0.0037,0.0037
17.09.2014 14:41:32.443 GMT+0100,2003.122,2002.6520000000003,0.0037,0.0037
17.09.2014 14:41:51.910 GMT+0100,2002.8310000000001,2002.369,0.0037,0.0037
17.09.2014 14:42:03.006 GMT+0100,2002.6360000000002,2002.171,0.0037,0.0037
17.09.2014 14:42:10.523 GMT+0100,2002.8400000000001,2002.3860000000002,0.0037,0.0037
17.09.2014 14:42:14.333 GMT+0100,2002.639,2002.163,0.0037,0.0037
17.09.2014 14:42:15.435 GMT+0100,2002.825,2002.349,0.0037,0.0037
17.09.2014 14:42:15.937 GMT+0100,2002.622,2002.18,0.0037,0.0037
17.09.2014 14:42:19.158 GMT+0100,2002.8229999999999,2002.391,0.0037,0.0037
17.09.2014 14:42:30.665 GMT+0100,2002.6200000000001,2002.161,0.0037,0.0037
17.09.2014 14:42:31.166 GMT+0100,2002.737,2002.27,0.0037,0.0037
17.09.2014 14:42:31.567 GMT+0100,2002.618,2002.161,0.0037,0.0037
17.09.2014 14:42:32.369 GMT+0100,2002.848,2002.393,0.0037,0.0037
17.09.2014 14:42:57.484 GMT+0100,2003.1129999999998,2002.6660000000002,0.0037,0.0037
17.09.2014 14:43:10.009 GMT+0100,2002.8329999999999,2002.381,0.0037,0.0037
17.09.2014 14:43:10.656 GMT+0100,2003.118,2002.6879999999999,0.0037,0.0037
17.09.2014 14:43:23.198 GMT+0100,2002.856,2002.3700000000001,0.0037,0.0037
17.09.2014 14:43:24.001 GMT+0100,2003.1460000000002,2002.683,0.0037,0.0037
17.09.2014 14:43:25.305 GMT+0100,2002.845,2002.3760000000002,0.0037,0.0037
17.09.2014 14:43:34.027 GMT+0100,2002.645,2002.185,0.0037,0.0037
17.09.2014 14:43:35.761 GMT+0100,2002.8120000000001,2002.383,0.0037,0.0037
17.09.2014 14:43:56.505 GMT+0100,2002.612,2002.1820000000002,0.0037,0.0037
17.09.2014 14:44:10.426 GMT+0100,2002.848,2002.362,0.0037,0.0037
17.09.2014 14:44:37.262 GMT+0100,2003.129,2002.673,0.0037,0.0037
17.09.2014 14:44:52.695 GMT+0100,2003.342,2002.8529999999998,0.0037,0.0037
17.09.2014 14:45:03.321 GMT+0100,2003.6460000000002,2003.165,0.0037,0.0037
17.09.2014 14:45:15.045 GMT+0100,2003.825,2003.371,0.0037,0.0037
17.09.2014 14:45:40.236 GMT+0100,2003.619,2003.1870000000001,0.0037,0.0037
17.09.2014 14:45:43.107 GMT+0100,2003.8210000000001,2003.368,0.0037,0.0037
17.09.2014 14:45:45.211 GMT+0100,2003.6260000000002,2003.171,0.0037,0.0037
17.09.2014 14:45:55.030 GMT+0100,2003.846,2003.383,0.0037,0.0037
17.09.2014 14:46:00.442 GMT+0100,2004.1229999999998,2003.669,0.0037,0.0037
17.09.2014 14:46:01.747 GMT+0100,2003.8329999999999,2003.3570000000002,0.0037,0.0037
17.09.2014 14:46:07.660 GMT+0100,2004.139,2003.668,0.0037,0.0037
17.09.2014 14:46:16.080 GMT+0100,2003.8270000000002,2003.392,0.0037,0.0037
17.09.2014 14:46:41.825 GMT+0100,2004.142,2003.665,0.0037,0.0037
17.09.2014 14:46:44.030 GMT+0100,2003.818,2003.365,0.0037,0.0037
17.09.2014 14:46:55.704 GMT+0100,2003.6270000000002,2003.158,0.0037,0.0037
17.09.2014 14:47:09.287 GMT+0100,2003.8329999999999,2003.389,0.0037,0.0037
17.09.2014 14:47:11.694 GMT+0100,2003.6370000000002,2003.1470000000002,0.0037,0.0037
17.09.2014 14:47:21.716 GMT+0100,2003.844,2003.3629999999998,0.0037,0.0037
17.09.2014 14:47:39.248 GMT+0100,2003.645,2003.174,0.0037,0.0037
17.09.2014 14:47:42.753 GMT+0100,2003.839,2003.369,0.0037,0.0037
17.09.2014 14:47:45.458 GMT+0100,2004.119,2003.6870000000001,0.0037,0.0037
17.09.2014 14:47:46.964 GMT+0100,2004.3370000000002,2003.872,0.0037,0.0037
17.09.2014 14:47:49.069 GMT+0100,2004.128,2003.6520000000003,0.0037,0.0037
17.09.2014 14:47:51.875 GMT+0100,2004.3329999999999,2003.864,0.0037,0.0037
17.09.2014 14:47:52.477 GMT+0100,2004.124,2003.674,0.0037,0.0037
17.09.2014 14:47:52.978 GMT+0100,2004.356,2003.8670000000002,0.0037,0.0037
17.09.2014 14:47:53.579 GMT+0100,2004.1270000000002,2003.648,0.0037,0.0037
17.09.2014 14:47:54.884 GMT+0100,2004.318,2003.882,0.0037,0.0037
17.09.2014 14:47:55.584 GMT+0100,2004.135,2003.643,0.0037,0.0037
17.09.2014 14:48:00.094 GMT+0100,2003.839,2003.3760000000002,0.0037,0.0037
17.09.2014 14:48:06.107 GMT+0100,2004.134,2003.671,0.0037,0.0037
17.09.2014 14:48:20.440 GMT+0100,2004.332,2003.871,0.0037,0.0037
17.09.2014 14:48:24.449 GMT+0100,2004.622,2004.16,0.0037,0.0037
17.09.2014 14:48:29.761 GMT+0100,2004.316,2003.8600000000001,0.0037,0.0037
17.09.2014 14:48:36.176 GMT+0100,2004.1520000000003,2003.6960000000001,0.0037,0.0037
17.09.2014 14:48:36.677 GMT+0100,2004.335,2003.861,0.0037,0.0037
17.09.2014 14:48:37.166 GMT+0100,2004.135,2003.6620000000003,0.0037,0.0037
17.09.2014 14:48:46.698 GMT+0100,2004.308,2003.888,0.0037,0.0037
17.09.2014 14:48:47.903 GMT+0100,2004.144,2003.663,0.0037,0.0037
17.09.2014 14:48:57.620 GMT+0100,2003.8329999999999,2003.394,0.0037,0.0037
17.09.2014 14:49:08.042 GMT+0100,2004.151,2003.674,0.0037,0.0037
17.09.2014 14:49:10.672 GMT+0100,2003.819,2003.3660000000002,0.0037,0.0037
17.09.2014 14:49:30.886 GMT+0100,2003.6100000000001,2003.1570000000002,0.0037,0.0037
17.09.2014 14:49:31.789 GMT+0100,2003.818,2003.354,0.0037,0.0037
17.09.2014 14:49:32.591 GMT+0100,2003.621,2003.1770000000001,0.0037,0.0037
17.09.2014 14:49:50.525 GMT+0100,2003.3310000000001,2002.854,0.0037,0.0037
17.09.2014 14:49:52.331 GMT+0100,2003.634,2003.195,0.0037,0.0037
17.09.2014 14:49:54.936 GMT+0100,2003.3400000000001,2002.879,0.0037,0.0037
17.09.2014 14:49:55.738 GMT+0100,2003.6270000000002,2003.161,0.0037,0.0037
17.09.2014 14:50:01.594 GMT+0100,2003.3270000000002,2002.864,0.0037,0.0037
17.09.2014 14:50:06.068 GMT+0100,2003.6460000000002,2003.1820000000002,0.0037,0.0037
17.09.2014 14:50:13.386 GMT+0100,2003.315,2002.883,0.0037,0.0037
17.09.2014 14:50:13.887 GMT+0100,2003.649,2003.16,0.0037,0.0037
17.09.2014 14:50:15.816 GMT+0100,2003.318,2002.8500000000001,0.0037,0.0037
17.09.2014 14:50:21.303 GMT+0100,2003.6170000000002,2003.195,0.0037,0.0037
17.09.2014 14:50:21.904 GMT+0100,2003.3270000000002,2002.862,0.0037,0.0037
17.09.2014 14:50:38.536 GMT+0100,2003.1129999999998,2002.68,0.0037,0.0037
17.09.2014 14:50:42.870 GMT+0100,2003.3110000000001,2002.855,0.0037,0.0037
17.09.2014 14:50:43.248 GMT+0100,2003.1200000000001,2002.644,0.0037,0.0037
17.09.2014 14:50:43.651 GMT+0100,2003.325,2002.8870000000002,0.0037,0.0037
17.09.2014 14:50:43.952 GMT+0100,2003.111,2002.648,0.0037,0.0037
17.09.2014 14:50:44.654 GMT+0100,2003.3229999999999,2002.875,0.0037,0.0037
17.09.2014 14:50:45.864 GMT+0100,2003.138,2002.6589999999999,0.0037,0.0037
17.09.2014 14:50:49.185 GMT+0100,2003.305,2002.855,0.0037,0.0037
17.09.2014 14:50:49.568 GMT+0100,2003.1070000000002,2002.664,0.0037,0.0037
17.09.2014 14:50:57.085 GMT+0100,2003.346,2002.849,0.0037,0.0037
17.09.2014 14:50:58.288 GMT+0100,2003.115,2002.675,0.0037,0.0037
17.09.2014 14:51:02.466 GMT+0100,2002.82,2002.379,0.0037,0.0037
17.09.2014 14:51:06.212 GMT+0100,2002.629,2002.144,0.0037,0.0037
17.09.2014 14:51:06.523 GMT+0100,2002.8029999999999,2002.354,0.0037,0.0037
17.09.2014 14:51:07.517 GMT+0100,2002.651,2002.18,0.0037,0.0037
17.09.2014 14:51:08.453 GMT+0100,2002.836,2002.369,0.0037,0.0037
17.09.2014 14:51:12.329 GMT+0100,2003.145,2002.69,0.0037,0.0037
17.09.2014 14:51:15.441 GMT+0100,2003.344,2002.855,0.0037,0.0037
17.09.2014 14:51:23.158 GMT+0100,2003.634,2003.161,0.0037,0.0037
17.09.2014 14:51:43.002 GMT+0100,2003.3120000000001,2002.865,0.0037,0.0037
17.09.2014 14:51:43.506 GMT+0100,2003.625,2003.181,0.0037,0.0037
17.09.2014 14:51:47.011 GMT+0100,2003.336,2002.8670000000002,0.0037,0.0037
17.09.2014 14:51:50.521 GMT+0100,2003.65,2003.179,0.0037,0.0037
17.09.2014 14:52:00.542 GMT+0100,2003.3229999999999,2002.8870000000002,0.0037,0.0037
17.09.2014 14:52:16.973 GMT+0100,2003.149,2002.6460000000002,0.0037,0.0037
17.09.2014 14:52:26.601 GMT+0100,2002.8210000000001,2002.364,0.0037,0.0037
17.09.2014 14:52:43.119 GMT+0100,2002.629,2002.15,0.0037,0.0037
17.09.2014 14:52:44.021 GMT+0100,2002.8300000000002,2002.392,0.0037,0.0037
17.09.2014 14:52:46.102 GMT+0100,2002.6229999999998,2002.1720000000003,0.0037,0.0037
17.09.2014 14:52:59.156 GMT+0100,2002.844,2002.3600000000001,0.0037,0.0037
17.09.2014 14:53:00.962 GMT+0100,2003.131,2002.675,0.0037,0.0037
17.09.2014 14:53:08.176 GMT+0100,2002.859,2002.374,0.0037,0.0037
17.09.2014 14:53:19.401 GMT+0100,2003.1589999999999,2002.684,0.0037,0.0037
17.09.2014 14:53:24.014 GMT+0100,2003.3370000000002,2002.854,0.0037,0.0037
17.09.2014 14:53:24.516 GMT+0100,2003.1160000000002,2002.68,0.0037,0.0037
17.09.2014 14:53:24.918 GMT+0100,2003.342,2002.8600000000001,0.0037,0.0037
17.09.2014 14:53:39.846 GMT+0100,2003.145,2002.6620000000003,0.0037,0.0037
17.09.2014 14:53:42.050 GMT+0100,2002.828,2002.359,0.0037,0.0037
17.09.2014 14:53:48.362 GMT+0100,2003.1360000000002,2002.651,0.0037,0.0037
17.09.2014 14:54:04.790 GMT+0100,2003.334,2002.868,0.0037,0.0037
17.09.2014 14:54:07.295 GMT+0100,2003.1229999999998,2002.6470000000002,0.0037,0.0037
17.09.2014 14:55:12.811 GMT+0100,2003.3310000000001,2002.8500000000001,0.0037,0.0037
17.09.2014 14:55:14.416 GMT+0100,2003.6070000000002,2003.19,0.0037,0.0037
17.09.2014 14:55:14.834 GMT+0100,2003.345,2002.882,0.0037,0.0037
17.09.2014 14:55:15.177 GMT+0100,2003.625,2003.1760000000002,0.0037,0.0037
17.09.2014 14:55:15.635 GMT+0100,2003.32,2002.8760000000002,0.0037,0.0037
17.09.2014 14:55:17.425 GMT+0100,2003.6200000000001,2003.1520000000003,0.0037,0.0037
17.09.2014 14:55:18.527 GMT+0100,2003.356,2002.8700000000001,0.0037,0.0037
17.09.2014 14:55:18.929 GMT+0100,2003.6229999999998,2003.181,0.0037,0.0037
17.09.2014 14:55:19.431 GMT+0100,2003.346,2002.851,0.0037,0.0037
17.09.2014 14:55:24.539 GMT+0100,2003.643,2003.18,0.0037,0.0037
17.09.2014 14:55:27.283 GMT+0100,2003.3270000000002,2002.856,0.0037,0.0037
17.09.2014 14:55:28.048 GMT+0100,2003.618,2003.184,0.0037,0.0037
17.09.2014 14:55:53.798 GMT+0100,2003.8310000000001,2003.3729999999998,0.0037,0.0037
17.09.2014 14:55:59.712 GMT+0100,2003.643,2003.169,0.0037,0.0037
17.09.2014 14:56:10.985 GMT+0100,2003.834,2003.356,0.0037,0.0037
17.09.2014 14:56:26.907 GMT+0100,2003.644,2003.1760000000002,0.0037,0.0037
17.09.2014 14:56:43.788 GMT+0100,2003.819,2003.3629999999998,0.0037,0.0037
17.09.2014 14:56:44.290 GMT+0100,2003.632,2003.1660000000002,0.0037,0.0037
17.09.2014 14:56:44.841 GMT+0100,2003.8370000000002,2003.398,0.0037,0.0037
17.09.2014 14:56:55.545 GMT+0100,2003.653,2003.171,0.0037,0.0037
17.09.2014 14:57:03.829 GMT+0100,2003.848,2003.384,0.0037,0.0037
17.09.2014 14:57:09.142 GMT+0100,2004.143,2003.6770000000001,0.0037,0.0037
17.09.2014 14:57:40.295 GMT+0100,2004.318,2003.8470000000002,0.0037,0.0037
17.09.2014 14:57:43.026 GMT+0100,2004.138,2003.685,0.0037,0.0037
17.09.2014 14:58:30.868 GMT+0100,2003.838,2003.355,0.0037,0.0037
17.09.2014 14:58:31.470 GMT+0100,2004.128,2003.661,0.0037,0.0037
17.09.2014 14:58:31.771 GMT+0100,2004.048,2003.555,0.0037,0.0037
17.09.2014 14:58:32.274 GMT+0100,2003.82,2003.355,0.0037,0.0037
17.09.2014 14:58:43.288 GMT+0100,2004.1460000000002,2003.643,0.0037,0.0037
17.09.2014 14:58:43.990 GMT+0100,2003.8400000000001,2003.3600000000001,0.0037,0.0037
17.09.2014 14:59:40.467 GMT+0100,2003.654,2003.1660000000002,0.0037,0.0037
17.09.2014 14:59:41.923 GMT+0100,2003.754,2003.2770000000003,0.0037,0.0037
17.09.2014 14:59:42.569 GMT+0100,2003.8370000000002,2003.3670000000002,0.0037,0.0037
17.09.2014 15:00:01.241 GMT+0100,2004.119,2003.6820000000002,0.0037,0.0037
17.09.2014 15:00:01.805 GMT+0100,2003.815,2003.382,0.0037,0.0037
17.09.2014 15:00:02.108 GMT+0100,2004.0220000000002,2003.586,0.0037,0.0037
17.09.2014 15:00:03.009 GMT+0100,2004.139,2003.679,0.0037,0.0037
17.09.2014 15:00:04.313 GMT+0100,2003.836,2003.371,0.0037,0.0037
17.09.2014 15:00:08.724 GMT+0100,2004.1360000000002,2003.683,0.0037,0.0037
17.09.2014 15:00:13.235 GMT+0100,2004.3110000000001,2003.879,0.0037,0.0037
17.09.2014 15:00:14.939 GMT+0100,2004.148,2003.68,0.0037,0.0037
17.09.2014 15:00:15.640 GMT+0100,2004.211,2003.773,0.0037,0.0037
17.09.2014 15:00:16.142 GMT+0100,2004.348,2003.872,0.0037,0.0037
17.09.2014 15:00:47.804 GMT+0100,2004.65,2004.169,0.0037,0.0037
17.09.2014 15:00:50.510 GMT+0100,2004.348,2003.888,0.0037,0.0037
17.09.2014 15:00:55.020 GMT+0100,2004.1129999999998,2003.6670000000001,0.0037,0.0037
17.09.2014 15:00:57.226 GMT+0100,2003.8310000000001,2003.38,0.0037,0.0037
17.09.2014 15:01:03.547 GMT+0100,2003.638,2003.16,0.0037,0.0037
17.09.2014 15:01:09.863 GMT+0100,2003.839,2003.3500000000001,0.0037,0.0037
17.09.2014 15:01:16.375 GMT+0100,2003.6270000000002,2003.189,0.0037,0.0037
17.09.2014 15:01:17.277 GMT+0100,2003.8300000000002,2003.3770000000002,0.0037,0.0037
17.09.2014 15:01:28.001 GMT+0100,2004.1200000000001,2003.6820000000002,0.0037,0.0037
17.09.2014 15:01:33.815 GMT+0100,2004.3220000000001,2003.861,0.0037,0.0037
17.09.2014 15:01:34.720 GMT+0100,2004.648,2004.1470000000002,0.0037,0.0037
17.09.2014 15:01:35.123 GMT+0100,2004.3120000000001,2003.8660000000002,0.0037,0.0037
17.09.2014 15:02:00.771 GMT+0100,2004.6229999999998,2004.17,0.0037,0.0037
17.09.2014 15:02:08.589 GMT+0100,2004.824,2004.362,0.0037,0.0037
17.09.2014 15:02:09.090 GMT+0100,2005.133,2004.681,0.0037,0.0037
17.09.2014 15:02:12.323 GMT+0100,2004.848,2004.392,0.0037,0.0037
17.09.2014 15:02:14.647 GMT+0100,2004.6460000000002,2004.165,0.0037,0.0037
17.09.2014 15:02:15.049 GMT+0100,2004.835,2004.365,0.0037,0.0037
17.09.2014 15:02:15.401 GMT+0100,2004.632,2004.185,0.0037,0.0037
17.09.2014 15:02:20.223 GMT+0100,2004.339,2003.8529999999998,0.0037,0.0037
17.09.2014 15:02:22.366 GMT+0100,2004.119,2003.671,0.0037,0.0037
17.09.2014 15:02:23.030 GMT+0100,2004.3210000000001,2003.8600000000001,0.0037,0.0037
17.09.2014 15:02:32.257 GMT+0100,2004.1260000000002,2003.6660000000002,0.0037,0.0037
17.09.2014 15:02:34.156 GMT+0100,2003.852,2003.368,0.0037,0.0037
17.09.2014 15:02:45.816 GMT+0100,2003.611,2003.1620000000003,0.0037,0.0037
17.09.2014 15:03:05.847 GMT+0100,2003.8210000000001,2003.38,0.0037,0.0037
17.09.2014 15:03:08.266 GMT+0100,2004.138,2003.65,0.0037,0.0037
17.09.2014 15:03:13.548 GMT+0100,2003.8210000000001,2003.359,0.0037,0.0037
17.09.2014 15:03:24.101 GMT+0100,2003.644,2003.175,0.0037,0.0037
17.09.2014 15:03:26.480 GMT+0100,2003.319,2002.882,0.0037,0.0037
17.09.2014 15:03:27.082 GMT+0100,2003.633,2003.161,0.0037,0.0037
17.09.2014 15:03:27.629 GMT+0100,2003.3370000000002,2002.8700000000001,0.0037,0.0037
17.09.2014 15:03:29.290 GMT+0100,2003.609,2003.173,0.0037,0.0037
17.09.2014 15:03:34.449 GMT+0100,2003.3120000000001,2002.8600000000001,0.0037,0.0037
17.09.2014 15:03:37.011 GMT+0100,2003.65,2003.1860000000001,0.0037,0.0037
17.09.2014 15:03:55.548 GMT+0100,2003.344,2002.856,0.0037,0.0037
17.09.2014 15:04:08.381 GMT+0100,2003.614,2003.1520000000003,0.0037,0.0037
17.09.2014 15:04:10.487 GMT+0100,2003.328,2002.8400000000001,0.0037,0.0037
17.09.2014 15:04:24.568 GMT+0100,2003.128,2002.6879999999999,0.0037,0.0037
17.09.2014 15:04:25.973 GMT+0100,2003.32,2002.856,0.0037,0.0037
17.09.2014 15:04:26.479 GMT+0100,2003.1160000000002,2002.675,0.0037,0.0037
17.09.2014 15:04:27.177 GMT+0100,2003.359,2002.8470000000002,0.0037,0.0037
17.09.2014 15:04:40.804 GMT+0100,2003.128,2002.642,0.0037,0.0037
17.09.2014 15:04:43.409 GMT+0100,2003.3170000000002,2002.889,0.0037,0.0037
17.09.2014 15:05:02.546 GMT+0100,2003.638,2003.155,0.0037,0.0037
17.09.2014 15:05:07.855 GMT+0100,2003.325,2002.875,0.0037,0.0037
17.09.2014 15:05:12.168 GMT+0100,2003.119,2002.685,0.0037,0.0037
17.09.2014 15:05:12.569 GMT+0100,2003.351,2002.839,0.0037,0.0037
17.09.2014 15:05:18.509 GMT+0100,2003.141,2002.6770000000001,0.0037,0.0037
17.09.2014 15:05:21.286 GMT+0100,2003.3120000000001,2002.8970000000002,0.0037,0.0037
17.09.2014 15:05:30.916 GMT+0100,2003.654,2003.151,0.0037,0.0037
17.09.2014 15:05:34.417 GMT+0100,2003.3470000000002,2002.8670000000002,0.0037,0.0037
17.09.2014 15:05:56.961 GMT+0100,2003.145,2002.664,0.0037,0.0037
17.09.2014 15:06:42.549 GMT+0100,2003.3429999999998,2002.8629999999998,0.0037,0.0037
17.09.2014 15:06:43.351 GMT+0100,2003.639,2003.185,0.0037,0.0037
17.09.2014 15:07:04.697 GMT+0100,2003.3170000000002,2002.856,0.0037,0.0037
17.09.2014 15:07:09.708 GMT+0100,2003.135,2002.665,0.0037,0.0037
17.09.2014 15:07:30.549 GMT+0100,2002.839,2002.369,0.0037,0.0037
17.09.2014 15:07:30.951 GMT+0100,2003.135,2002.6470000000002,0.0037,0.0037
17.09.2014 15:07:35.460 GMT+0100,2003.326,2002.883,0.0037,0.0037
17.09.2014 15:07:39.173 GMT+0100,2003.148,2002.6860000000001,0.0037,0.0037
17.09.2014 15:07:40.171 GMT+0100,2003.328,2002.8600000000001,0.0037,0.0037
17.09.2014 15:07:45.683 GMT+0100,2003.114,2002.67,0.0037,0.0037
17.09.2014 15:07:53.997 GMT+0100,2003.338,2002.871,0.0037,0.0037
17.09.2014 15:07:55.803 GMT+0100,2003.634,2003.1779999999999,0.0037,0.0037
17.09.2014 15:07:56.505 GMT+0100,2003.339,2002.8570000000002,0.0037,0.0037
17.09.2014 15:08:10.233 GMT+0100,2003.143,2002.6779999999999,0.0037,0.0037
17.09.2014 15:08:40.786 GMT+0100,2003.342,2002.8660000000002,0.0037,0.0037
17.09.2014 15:08:42.793 GMT+0100,2003.148,2002.66,0.0037,0.0037
17.09.2014 15:08:46.201 GMT+0100,2002.8300000000002,2002.369,0.0037,0.0037
17.09.2014 15:09:02.137 GMT+0100,2003.1229999999998,2002.64,0.0037,0.0037
17.09.2014 15:09:02.841 GMT+0100,2002.82,2002.3600000000001,0.0037,0.0037
17.09.2014 15:09:14.262 GMT+0100,2002.645,2002.164,0.0037,0.0037
17.09.2014 15:09:16.803 GMT+0100,2002.8229999999999,2002.3660000000002,0.0037,0.0037
17.09.2014 15:09:18.572 GMT+0100,2002.612,2002.1560000000002,0.0037,0.0037
17.09.2014 15:09:24.720 GMT+0100,2002.849,2002.3670000000002,0.0037,0.0037
17.09.2014 15:09:25.090 GMT+0100,2002.625,2002.181,0.0037,0.0037
17.09.2014 15:09:26.994 GMT+0100,2002.8429999999998,2002.3729999999998,0.0037,0.0037
17.09.2014 15:09:36.615 GMT+0100,2002.619,2002.1960000000001,0.0037,0.0037
17.09.2014 15:09:44.659 GMT+0100,2002.8229999999999,2002.354,0.0037,0.0037
17.09.2014 15:10:02.972 GMT+0100,2002.644,2002.161,0.0037,0.0037
17.09.2014 15:10:05.098 GMT+0100,2002.8170000000002,2002.378,0.0037,0.0037
17.09.2014 15:10:16.404 GMT+0100,2002.6170000000002,2002.158,0.0037,0.0037
17.09.2014 15:10:17.206 GMT+0100,2002.852,2002.362,0.0037,0.0037
17.09.2014 15:10:20.012 GMT+0100,2002.6360000000002,2002.184,0.0037,0.0037
17.09.2014 15:10:22.817 GMT+0100,2002.8110000000001,2002.382,0.0037,0.0037
17.09.2014 15:10:23.118 GMT+0100,2002.6270000000002,2002.15,0.0037,0.0037
17.09.2014 15:10:34.439 GMT+0100,2002.8300000000002,2002.395,0.0037,0.0037
17.09.2014 15:10:49.366 GMT+0100,2003.1360000000002,2002.6570000000002,0.0037,0.0037
17.09.2014 15:10:51.470 GMT+0100,2002.859,2002.359,0.0037,0.0037
17.09.2014 15:11:01.893 GMT+0100,2002.622,2002.153,0.0037,0.0037
17.09.2014 15:11:09.611 GMT+0100,2002.8410000000001,2002.348,0.0037,0.0037
17.09.2014 15:11:10.514 GMT+0100,2002.643,2002.183,0.0037,0.0037
17.09.2014 15:11:11.618 GMT+0100,2002.8220000000001,2002.348,0.0037,0.0037
17.09.2014 15:11:12.821 GMT+0100,2002.65,2002.1470000000002,0.0037,0.0037
17.09.2014 15:11:24.644 GMT+0100,2002.836,2002.3600000000001,0.0037,0.0037
17.09.2014 15:11:27.651 GMT+0100,2002.65,2002.165,0.0037,0.0037
17.09.2014 15:11:28.374 GMT+0100,2002.8210000000001,2002.364,0.0037,0.0037
17.09.2014 15:11:48.491 GMT+0100,2002.6520000000003,2002.163,0.0037,0.0037
17.09.2014 15:11:53.901 GMT+0100,2002.8470000000002,2002.355,0.0037,0.0037
17.09.2014 15:13:33.266 GMT+0100,2002.6229999999998,2002.1770000000001,0.0037,0.0037
17.09.2014 15:13:37.475 GMT+0100,2002.839,2002.379,0.0037,0.0037
17.09.2014 15:13:49.601 GMT+0100,2002.632,2002.183,0.0037,0.0037
17.09.2014 15:14:20.861 GMT+0100,2002.1520000000003,2001.695,0.0037,0.0037
17.09.2014 15:14:21.262 GMT+0100,2002.31,2001.862,0.0037,0.0037
17.09.2014 15:14:25.073 GMT+0100,2002.153,2001.648,0.0037,0.0037
17.09.2014 15:14:25.475 GMT+0100,2002.332,2001.8629999999998,0.0037,0.0037
17.09.2014 15:14:26.178 GMT+0100,2002.145,2001.649,0.0037,0.0037
17.09.2014 15:14:49.844 GMT+0100,2002.338,2001.8770000000002,0.0037,0.0037
17.09.2014 15:14:55.258 GMT+0100,2002.129,2001.691,0.0037,0.0037
17.09.2014 15:15:08.002 GMT+0100,2002.3400000000001,2001.8729999999998,0.0037,0.0037
17.09.2014 15:15:10.144 GMT+0100,2002.142,2001.6760000000002,0.0037,0.0037
17.09.2014 15:15:10.746 GMT+0100,2002.3410000000001,2001.8660000000002,0.0037,0.0037
17.09.2014 15:15:23.728 GMT+0100,2002.148,2001.674,0.0037,0.0037
17.09.2014 15:15:34.754 GMT+0100,2002.334,2001.868,0.0037,0.0037
