Local time,Ask,Bid,AskVolume,BidVolume
20.03.2019 00:00:32.652 GMT+0100,2828.23,2827.77,0.0005,0.0001
20.03.2019 00:00:32.702 GMT+0100,2828.23,2827.57,0.0008,0.0024
20.03.2019 00:00:32.858 GMT+0100,2828.43,2827.77,0.0008,0.0001
20.03.2019 00:00:33.228 GMT+0100,2828.3309999999997,2827.77,0.0005,0.0001
20.03.2019 00:00:33.279 GMT+0100,2828.33,2827.67,0.0011,0.0002
20.03.2019 00:00:33.392 GMT+0100,2828.33,2827.77,0.0011,0.0022
20.03.2019 00:00:33.443 GMT+0100,2828.43,2827.77,0.0008,0.0024
20.03.2019 00:00:39.152 GMT+0100,2828.23,2827.77,0.0005,0.0001
20.03.2019 00:00:39.203 GMT+0100,2828.23,2827.57,0.0013,0.0024
20.03.2019 00:01:02.879 GMT+0100,2828.23,2827.7690000000002,0.0008,0.0022
20.03.2019 00:01:02.930 GMT+0100,2828.43,2827.77,0.0008,0.0001
20.03.2019 00:01:21.343 GMT+0100,2828.2309999999998,2827.77,0.0005,0.0001
20.03.2019 00:01:21.394 GMT+0100,2828.23,2827.57,0.0008,0.0001
20.03.2019 00:01:27.895 GMT+0100,2827.93,2827.57,0.0005,0.0001
20.03.2019 00:01:27.945 GMT+0100,2827.93,2827.27,0.0013,0.0024
20.03.2019 00:01:37.895 GMT+0100,2827.73,2827.27,0.0005,0.0001
20.03.2019 00:01:37.946 GMT+0100,2827.73,2827.07,0.0005,0.0022
20.03.2019 00:01:42.471 GMT+0100,2827.431,2827.0690000000004,0.0005,0.0002
20.03.2019 00:01:42.522 GMT+0100,2827.43,2826.77,0.0011,0.0002
20.03.2019 00:01:47.196 GMT+0100,2827.43,2827.0690000000004,0.0011,0.0022
20.03.2019 00:01:47.247 GMT+0100,2827.73,2827.07,0.0008,0.0001
20.03.2019 00:01:51.449 GMT+0100,2827.43,2827.07,0.0005,0.0001
20.03.2019 00:01:51.499 GMT+0100,2827.43,2826.77,0.0005,0.0022
20.03.2019 00:01:52.105 GMT+0100,2827.431,2827.0690000000004,0.0011,0.0022
20.03.2019 00:01:52.155 GMT+0100,2827.7309999999998,2827.0690000000004,0.0039,0.0025
20.03.2019 00:01:54.749 GMT+0100,2827.7309999999998,2827.27,0.0011,0.0022
20.03.2019 00:01:54.817 GMT+0100,2827.93,2827.27,0.0008,0.0024
20.03.2019 00:02:00.459 GMT+0100,2827.73,2827.27,0.0003,0.0022
20.03.2019 00:02:00.509 GMT+0100,2827.73,2827.07,0.0008,0.0024
20.03.2019 00:02:22.224 GMT+0100,2827.431,2827.07,0.0005,0.0001
20.03.2019 00:02:22.275 GMT+0100,2827.43,2826.77,0.0008,0.0001
20.03.2019 00:03:09.720 GMT+0100,2827.2309999999998,2826.77,0.0005,0.0001
20.03.2019 00:03:09.770 GMT+0100,2827.23,2826.57,0.0008,0.0001
20.03.2019 00:03:19.617 GMT+0100,2827.23,2826.77,0.0008,0.0022
20.03.2019 00:03:19.667 GMT+0100,2827.43,2826.77,0.0008,0.0024
20.03.2019 00:03:31.365 GMT+0100,2827.43,2827.07,0.0003,0.0022
20.03.2019 00:03:31.415 GMT+0100,2827.73,2827.07,0.0008,0.0024
20.03.2019 00:03:32.755 GMT+0100,2827.43,2827.07,0.0005,0.0001
20.03.2019 00:03:32.806 GMT+0100,2827.43,2826.77,0.0008,0.0024
20.03.2019 00:03:37.005 GMT+0100,2827.431,2826.7690000000002,0.0039,0.0025
20.03.2019 00:03:51.182 GMT+0100,2827.431,2827.0690000000004,0.0011,0.0022
20.03.2019 00:03:51.232 GMT+0100,2827.73,2827.07,0.0011,0.0002
20.03.2019 00:04:01.815 GMT+0100,2827.93,2827.27,0.0008,0.0001
20.03.2019 00:04:12.742 GMT+0100,2827.93,2827.57,0.0008,0.0022
20.03.2019 00:04:12.792 GMT+0100,2828.23,2827.57,0.0013,0.0024
20.03.2019 00:04:17.085 GMT+0100,2827.931,2827.57,0.0005,0.0001
20.03.2019 00:04:17.136 GMT+0100,2827.931,2827.2690000000002,0.0039,0.0025
20.03.2019 00:04:18.412 GMT+0100,2827.931,2827.4700000000003,0.0008,0.0001
20.03.2019 00:04:18.462 GMT+0100,2828.13,2827.4700000000003,0.0008,0.0001
20.03.2019 00:04:18.771 GMT+0100,2827.93,2827.4700000000003,0.0005,0.0001
20.03.2019 00:04:18.821 GMT+0100,2827.93,2827.27,0.0039,0.0025
20.03.2019 00:04:33.287 GMT+0100,2827.73,2827.27,0.0005,0.0002
20.03.2019 00:04:33.337 GMT+0100,2827.73,2827.07,0.0039,0.0025
20.03.2019 00:04:50.169 GMT+0100,2827.73,2827.27,0.0011,0.0022
20.03.2019 00:04:50.219 GMT+0100,2827.93,2827.27,0.0039,0.0025
20.03.2019 00:05:38.897 GMT+0100,2827.93,2827.5690000000004,0.0011,0.0022
20.03.2019 00:05:38.948 GMT+0100,2828.23,2827.57,0.0003,0.0001
20.03.2019 00:05:43.325 GMT+0100,2828.13,2827.57,0.0005,0.0001
20.03.2019 00:05:43.376 GMT+0100,2828.13,2827.4700000000003,0.0013,0.0024
20.03.2019 00:05:43.488 GMT+0100,2827.931,2827.4700000000003,0.0005,0.0001
20.03.2019 00:05:43.538 GMT+0100,2827.93,2827.27,0.0003,0.0001
20.03.2019 00:06:42.509 GMT+0100,2827.73,2827.27,0.0005,0.0001
20.03.2019 00:06:42.560 GMT+0100,2827.73,2827.07,0.0013,0.0024
20.03.2019 00:06:52.630 GMT+0100,2827.43,2826.77,0.0008,0.0001
20.03.2019 00:07:03.265 GMT+0100,2827.43,2827.0690000000004,0.0008,0.0022
20.03.2019 00:07:03.316 GMT+0100,2827.7309999999998,2827.0690000000004,0.0039,0.0025
20.03.2019 00:07:55.058 GMT+0100,2827.73,2827.07,0.0013,0.0024
20.03.2019 00:08:03.327 GMT+0100,2827.431,2827.07,0.0005,0.0001
20.03.2019 00:08:03.408 GMT+0100,2827.43,2826.77,0.0008,0.0001
20.03.2019 00:08:08.438 GMT+0100,2827.43,2827.07,0.0008,0.0022
20.03.2019 00:08:08.488 GMT+0100,2827.73,2827.07,0.0005,0.0022
20.03.2019 00:08:29.545 GMT+0100,2827.7309999999998,2827.2690000000002,0.0011,0.0022
20.03.2019 00:08:29.595 GMT+0100,2827.931,2827.2690000000002,0.0039,0.0025
20.03.2019 00:08:38.088 GMT+0100,2827.7309999999998,2827.2690000000002,0.0005,0.0002
20.03.2019 00:08:38.138 GMT+0100,2827.73,2827.07,0.0011,0.0002
20.03.2019 00:08:55.594 GMT+0100,2827.73,2827.27,0.0011,0.0022
20.03.2019 00:08:55.695 GMT+0100,2827.93,2827.27,0.0008,0.0024
20.03.2019 00:09:08.769 GMT+0100,2827.93,2827.5690000000004,0.0003,0.0022
20.03.2019 00:09:08.819 GMT+0100,2828.23,2827.57,0.0008,0.0001
20.03.2019 00:09:10.233 GMT+0100,2827.931,2827.57,0.0005,0.0001
20.03.2019 00:09:10.284 GMT+0100,2827.93,2827.27,0.0008,0.0001
20.03.2019 00:09:11.678 GMT+0100,2827.93,2827.57,0.0008,0.0022
20.03.2019 00:09:11.728 GMT+0100,2828.23,2827.57,0.0005,0.0022
20.03.2019 00:09:18.741 GMT+0100,2827.93,2827.5690000000004,0.0005,0.0002
20.03.2019 00:09:18.792 GMT+0100,2827.93,2827.27,0.0008,0.0024
20.03.2019 00:11:19.332 GMT+0100,2827.931,2827.57,0.0008,0.0022
20.03.2019 00:11:19.382 GMT+0100,2828.23,2827.57,0.0008,0.0024
20.03.2019 00:12:58.165 GMT+0100,2828.2309999999998,2827.5690000000004,0.0031,0.0024
20.03.2019 00:12:58.501 GMT+0100,2828.23,2827.57,0.0003,0.0001
20.03.2019 00:13:13.104 GMT+0100,2828.431,2827.7690000000002,0.0039,0.0025
20.03.2019 00:14:26.741 GMT+0100,2828.431,2828.07,0.0008,0.0022
20.03.2019 00:14:26.830 GMT+0100,2828.73,2828.07,0.0039,0.0025
20.03.2019 00:14:28.075 GMT+0100,2828.431,2828.07,0.0005,0.0002
20.03.2019 00:14:28.125 GMT+0100,2828.43,2827.77,0.0011,0.0002
20.03.2019 00:15:38.235 GMT+0100,2828.23,2827.77,0.0005,0.0001
20.03.2019 00:15:38.285 GMT+0100,2828.23,2827.57,0.0005,0.0022
20.03.2019 00:15:44.072 GMT+0100,2828.2309999999998,2827.77,0.0011,0.0022
20.03.2019 00:15:44.122 GMT+0100,2828.43,2827.77,0.0005,0.0022
20.03.2019 00:16:02.292 GMT+0100,2828.23,2827.7690000000002,0.0005,0.0002
20.03.2019 00:16:02.342 GMT+0100,2828.23,2827.57,0.0039,0.0025
20.03.2019 00:16:48.364 GMT+0100,2828.431,2827.7690000000002,0.0039,0.0025
20.03.2019 00:17:07.666 GMT+0100,2828.23,2827.7690000000002,0.0008,0.0001
20.03.2019 00:17:07.716 GMT+0100,2828.23,2827.57,0.0008,0.0024
20.03.2019 00:17:09.172 GMT+0100,2828.23,2827.7690000000002,0.0003,0.0022
20.03.2019 00:17:09.222 GMT+0100,2828.43,2827.77,0.0003,0.0001
20.03.2019 00:18:03.678 GMT+0100,2828.23,2827.77,0.0005,0.0002
20.03.2019 00:18:03.729 GMT+0100,2828.23,2827.57,0.0008,0.0024
20.03.2019 00:19:04.158 GMT+0100,2827.931,2827.5690000000004,0.0005,0.0001
20.03.2019 00:19:04.209 GMT+0100,2827.93,2827.27,0.0008,0.0001
20.03.2019 00:19:38.170 GMT+0100,2827.93,2827.5690000000004,0.0008,0.0022
20.03.2019 00:19:38.220 GMT+0100,2828.23,2827.57,0.0003,0.0001
20.03.2019 00:20:34.077 GMT+0100,2828.23,2827.77,0.0003,0.0022
20.03.2019 00:20:34.128 GMT+0100,2828.43,2827.77,0.0039,0.0025
20.03.2019 00:21:40.486 GMT+0100,2828.43,2828.07,0.0008,0.0022
20.03.2019 00:21:40.536 GMT+0100,2828.73,2828.07,0.0005,0.0022
20.03.2019 00:23:25.470 GMT+0100,2828.431,2828.0690000000004,0.0005,0.0001
20.03.2019 00:23:25.520 GMT+0100,2828.43,2827.77,0.0011,0.0002
20.03.2019 00:24:36.847 GMT+0100,2828.43,2828.07,0.0008,0.0022
20.03.2019 00:24:36.901 GMT+0100,2828.73,2828.07,0.0013,0.0024
20.03.2019 00:24:39.703 GMT+0100,2828.73,2828.27,0.0008,0.0022
20.03.2019 00:24:39.754 GMT+0100,2828.93,2828.27,0.0005,0.0022
20.03.2019 00:25:11.504 GMT+0100,2828.73,2828.2690000000002,0.0005,0.0002
20.03.2019 00:25:11.555 GMT+0100,2828.73,2828.07,0.0005,0.0022
20.03.2019 00:25:13.747 GMT+0100,2828.7309999999998,2828.27,0.0011,0.0022
20.03.2019 00:25:13.798 GMT+0100,2828.93,2828.27,0.0008,0.0024
20.03.2019 00:26:15.302 GMT+0100,2828.7309999999998,2828.2690000000002,0.0005,0.0001
20.03.2019 00:26:15.385 GMT+0100,2828.7309999999998,2828.0690000000004,0.0039,0.0025
20.03.2019 00:26:15.773 GMT+0100,2828.7309999999998,2828.27,0.0011,0.0022
20.03.2019 00:26:15.824 GMT+0100,2828.93,2828.27,0.0013,0.0024
20.03.2019 00:26:17.811 GMT+0100,2829.23,2828.57,0.0039,0.0025
20.03.2019 00:26:23.425 GMT+0100,2829.13,2828.57,0.0008,0.0024
20.03.2019 00:26:23.475 GMT+0100,2829.13,2828.4700000000003,0.0013,0.0024
20.03.2019 00:26:24.606 GMT+0100,2828.931,2828.4700000000003,0.0005,0.0001
20.03.2019 00:26:24.656 GMT+0100,2828.93,2828.27,0.0008,0.0001
20.03.2019 00:27:59.551 GMT+0100,2828.7309999999998,2828.27,0.0005,0.0001
20.03.2019 00:27:59.601 GMT+0100,2828.73,2828.07,0.0003,0.0001
20.03.2019 00:28:00.352 GMT+0100,2828.93,2828.27,0.0008,0.0001
20.03.2019 00:28:17.921 GMT+0100,2828.93,2828.57,0.0008,0.0022
20.03.2019 00:28:17.972 GMT+0100,2829.23,2828.57,0.0008,0.0024
20.03.2019 00:29:07.166 GMT+0100,2828.93,2828.57,0.0005,0.0001
20.03.2019 00:29:07.216 GMT+0100,2828.93,2828.27,0.0005,0.0022
20.03.2019 00:31:43.659 GMT+0100,2828.83,2828.2690000000002,0.0005,0.0001
20.03.2019 00:31:43.709 GMT+0100,2828.83,2828.17,0.0013,0.0024
20.03.2019 00:31:45.629 GMT+0100,2828.931,2828.2690000000002,0.0039,0.0025
20.03.2019 00:36:15.972 GMT+0100,2828.931,2828.5690000000004,0.0008,0.0022
20.03.2019 00:36:16.022 GMT+0100,2829.2309999999998,2828.5690000000004,0.0039,0.0025
20.03.2019 00:37:22.270 GMT+0100,2828.931,2828.5690000000004,0.0005,0.0001
20.03.2019 00:37:22.320 GMT+0100,2828.931,2828.2690000000002,0.0039,0.0025
20.03.2019 00:38:53.261 GMT+0100,2828.931,2828.5690000000004,0.0008,0.0022
20.03.2019 00:38:53.312 GMT+0100,2829.23,2828.57,0.0011,0.0002
20.03.2019 00:40:00.434 GMT+0100,2828.931,2828.57,0.0005,0.0001
20.03.2019 00:40:00.485 GMT+0100,2828.93,2828.27,0.0008,0.0001
20.03.2019 00:40:00.625 GMT+0100,2829.23,2828.57,0.0003,0.0001
20.03.2019 00:40:04.352 GMT+0100,2828.93,2828.57,0.0005,0.0001
20.03.2019 00:40:04.402 GMT+0100,2828.93,2828.27,0.0005,0.0022
20.03.2019 00:40:07.600 GMT+0100,2829.23,2828.57,0.0008,0.0001
20.03.2019 00:41:10.169 GMT+0100,2828.93,2828.57,0.0005,0.0001
20.03.2019 00:41:10.219 GMT+0100,2828.93,2828.27,0.0039,0.0025
20.03.2019 00:41:15.531 GMT+0100,2828.93,2828.5690000000004,0.0011,0.0022
20.03.2019 00:41:15.581 GMT+0100,2829.23,2828.57,0.0011,0.0002
20.03.2019 00:42:21.258 GMT+0100,2828.931,2828.57,0.0005,0.0001
20.03.2019 00:42:21.309 GMT+0100,2828.93,2828.27,0.0003,0.0001
20.03.2019 00:43:21.280 GMT+0100,2828.931,2828.2690000000002,0.0031,0.0024
20.03.2019 00:43:23.641 GMT+0100,2828.73,2828.07,0.0003,0.0001
20.03.2019 00:44:23.836 GMT+0100,2828.7309999999998,2828.0690000000004,0.0031,0.0024
20.03.2019 00:44:25.243 GMT+0100,2828.43,2828.0690000000004,0.0005,0.0001
20.03.2019 00:44:25.294 GMT+0100,2828.43,2827.77,0.0039,0.0025
20.03.2019 00:44:42.957 GMT+0100,2828.43,2828.0690000000004,0.0012,0.0022
20.03.2019 00:44:43.008 GMT+0100,2828.73,2828.07,0.0008,0.0001
20.03.2019 00:44:58.589 GMT+0100,2828.83,2828.17,0.0013,0.0024
20.03.2019 00:44:58.718 GMT+0100,2828.83,2828.27,0.0008,0.0022
20.03.2019 00:44:58.769 GMT+0100,2828.93,2828.27,0.0008,0.0024
20.03.2019 00:44:59.608 GMT+0100,2828.73,2828.27,0.0005,0.0001
20.03.2019 00:44:59.659 GMT+0100,2828.73,2828.07,0.0008,0.0024
20.03.2019 00:46:09.809 GMT+0100,2828.2309999999998,2828.0690000000004,0.0005,0.0001
20.03.2019 00:46:09.859 GMT+0100,2828.23,2827.57,0.0012,0.0002
20.03.2019 00:46:09.976 GMT+0100,2827.93,2827.27,0.0012,0.0002
20.03.2019 00:46:20.488 GMT+0100,2827.93,2827.5690000000004,0.0012,0.0022
20.03.2019 00:46:20.539 GMT+0100,2828.23,2827.57,0.0008,0.0001
20.03.2019 00:51:12.926 GMT+0100,2827.93,2827.27,0.0008,0.0001
20.03.2019 00:51:43.435 GMT+0100,2827.93,2827.5690000000004,0.0008,0.0022
20.03.2019 00:51:43.485 GMT+0100,2828.23,2827.57,0.0012,0.0002
20.03.2019 00:53:54.902 GMT+0100,2827.931,2827.57,0.0005,0.0001
20.03.2019 00:53:54.952 GMT+0100,2827.93,2827.27,0.0012,0.0002
20.03.2019 00:53:55.117 GMT+0100,2827.93,2827.57,0.0012,0.0022
20.03.2019 00:53:55.168 GMT+0100,2828.23,2827.57,0.0013,0.0024
20.03.2019 00:54:53.834 GMT+0100,2828.23,2828.066,0.0008,0.0022
20.03.2019 00:54:53.885 GMT+0100,2828.73,2828.07,0.0008,0.0001
20.03.2019 00:54:54.050 GMT+0100,2828.43,2828.07,0.0003,0.0001
20.03.2019 00:54:54.100 GMT+0100,2828.43,2827.77,0.0008,0.0024
20.03.2019 00:54:54.151 GMT+0100,2828.73,2828.07,0.0013,0.0024
20.03.2019 00:54:54.334 GMT+0100,2828.43,2827.77,0.0012,0.0002
20.03.2019 00:55:36.488 GMT+0100,2828.43,2828.0690000000004,0.0012,0.0022
20.03.2019 00:55:36.538 GMT+0100,2828.73,2828.07,0.0003,0.0001
20.03.2019 00:55:40.766 GMT+0100,2828.73,2828.2690000000002,0.0003,0.0022
20.03.2019 00:55:40.817 GMT+0100,2828.931,2828.2690000000002,0.0039,0.0025
20.03.2019 00:56:20.164 GMT+0100,2828.7309999999998,2828.2690000000002,0.0005,0.0002
20.03.2019 00:56:20.214 GMT+0100,2828.73,2828.07,0.0012,0.0002
20.03.2019 00:56:35.221 GMT+0100,2828.73,2828.27,0.0012,0.0022
20.03.2019 00:56:35.271 GMT+0100,2828.93,2828.27,0.0013,0.0024
20.03.2019 00:57:05.261 GMT+0100,2828.73,2828.27,0.0005,0.0001
20.03.2019 00:57:05.311 GMT+0100,2828.73,2828.07,0.0039,0.0025
20.03.2019 00:57:05.868 GMT+0100,2828.73,2828.2690000000002,0.0012,0.0022
20.03.2019 00:57:05.919 GMT+0100,2828.93,2828.27,0.0003,0.0001
20.03.2019 00:57:41.689 GMT+0100,2828.93,2828.57,0.0003,0.0022
20.03.2019 00:57:41.740 GMT+0100,2829.23,2828.57,0.0013,0.0024
20.03.2019 00:58:40.949 GMT+0100,2829.73,2829.07,0.0012,0.0002
20.03.2019 00:58:41.116 GMT+0100,2829.73,2829.27,0.0012,0.0022
20.03.2019 00:58:41.166 GMT+0100,2829.93,2829.27,0.0039,0.0025
20.03.2019 00:58:41.857 GMT+0100,2829.73,2829.27,0.0005,0.0002
20.03.2019 00:58:41.908 GMT+0100,2829.73,2829.07,0.0005,0.0022
20.03.2019 00:58:48.907 GMT+0100,2829.93,2829.27,0.0008,0.0024
20.03.2019 00:58:55.303 GMT+0100,2829.7309999999998,2829.27,0.0005,0.0001
20.03.2019 00:58:55.353 GMT+0100,2829.73,2829.07,0.0003,0.0001
20.03.2019 00:59:25.490 GMT+0100,2829.73,2829.27,0.0003,0.0022
20.03.2019 00:59:25.540 GMT+0100,2829.93,2829.27,0.0008,0.0024
20.03.2019 00:59:27.463 GMT+0100,2829.7309999999998,2829.27,0.0005,0.0001
20.03.2019 00:59:27.514 GMT+0100,2829.73,2829.07,0.0008,0.0001
20.03.2019 00:59:29.895 GMT+0100,2829.431,2829.07,0.0005,0.0001
20.03.2019 00:59:30.000 GMT+0100,2829.43,2828.77,0.0003,0.0001
20.03.2019 00:59:54.353 GMT+0100,2829.23,2828.77,0.0005,0.0001
20.03.2019 00:59:54.403 GMT+0100,2829.23,2828.57,0.0005,0.0022
20.03.2019 01:00:07.568 GMT+0100,2828.7340000000004,2828.5690000000004,0.0005,0.0002
20.03.2019 01:00:07.639 GMT+0100,2828.73,2828.07,0.0012,0.0002
20.03.2019 01:00:07.727 GMT+0100,2828.73,2828.27,0.0012,0.0022
20.03.2019 01:00:07.777 GMT+0100,2828.93,2828.27,0.0008,0.0024
20.03.2019 01:00:09.859 GMT+0100,2828.7309999999998,2828.27,0.0005,0.0001
20.03.2019 01:00:09.909 GMT+0100,2828.7309999999998,2828.0690000000004,0.0039,0.0025
20.03.2019 01:00:15.423 GMT+0100,2828.931,2828.2690000000002,0.0039,0.0025
20.03.2019 01:00:16.414 GMT+0100,2828.7309999999998,2828.0690000000004,0.0039,0.0025
20.03.2019 01:00:18.997 GMT+0100,2828.7309999999998,2828.27,0.0012,0.0022
20.03.2019 01:00:19.048 GMT+0100,2828.93,2828.27,0.0008,0.0024
20.03.2019 01:00:21.533 GMT+0100,2828.93,2828.57,0.0003,0.0022
20.03.2019 01:00:21.584 GMT+0100,2829.23,2828.57,0.0039,0.0025
20.03.2019 01:00:23.401 GMT+0100,2829.23,2828.77,0.0003,0.0022
20.03.2019 01:00:23.452 GMT+0100,2829.43,2828.77,0.0008,0.0024
20.03.2019 01:00:25.195 GMT+0100,2829.2309999999998,2828.77,0.0005,0.0001
20.03.2019 01:00:25.245 GMT+0100,2829.2309999999998,2828.5690000000004,0.0039,0.0025
20.03.2019 01:00:26.234 GMT+0100,2829.2309999999998,2828.7690000000002,0.0012,0.0022
20.03.2019 01:00:26.284 GMT+0100,2829.431,2828.7690000000002,0.0039,0.0025
20.03.2019 01:00:32.123 GMT+0100,2829.2309999999998,2828.7690000000002,0.0005,0.0002
20.03.2019 01:00:32.173 GMT+0100,2829.23,2828.57,0.0012,0.0002
20.03.2019 01:00:32.576 GMT+0100,2829.23,2828.77,0.0012,0.0022
20.03.2019 01:00:32.626 GMT+0100,2829.43,2828.77,0.0013,0.0024
20.03.2019 01:00:33.433 GMT+0100,2829.2309999999998,2828.77,0.0005,0.0001
20.03.2019 01:00:33.484 GMT+0100,2829.23,2828.57,0.0003,0.0001
20.03.2019 01:00:40.550 GMT+0100,2828.93,2828.57,0.0005,0.0001
20.03.2019 01:00:40.600 GMT+0100,2828.93,2828.27,0.0039,0.0025
20.03.2019 01:00:56.149 GMT+0100,2828.7309999999998,2828.27,0.0005,0.0002
20.03.2019 01:00:56.199 GMT+0100,2828.7309999999998,2828.0690000000004,0.0039,0.0025
20.03.2019 01:00:58.016 GMT+0100,2828.7309999999998,2828.2690000000002,0.0012,0.0022
20.03.2019 01:00:58.066 GMT+0100,2828.93,2828.27,0.0012,0.0002
20.03.2019 01:00:58.819 GMT+0100,2828.73,2828.27,0.0005,0.0002
20.03.2019 01:00:58.870 GMT+0100,2828.73,2828.07,0.0005,0.0022
20.03.2019 01:00:59.280 GMT+0100,2828.7309999999998,2828.27,0.0012,0.0022
20.03.2019 01:00:59.330 GMT+0100,2828.93,2828.27,0.0013,0.0024
20.03.2019 01:00:59.845 GMT+0100,2828.7309999999998,2828.27,0.0005,0.0001
20.03.2019 01:00:59.895 GMT+0100,2828.73,2828.07,0.0008,0.0001
20.03.2019 01:01:04.703 GMT+0100,2828.73,2828.2690000000002,0.0008,0.0022
20.03.2019 01:01:04.753 GMT+0100,2828.93,2828.27,0.0008,0.0001
20.03.2019 01:01:09.133 GMT+0100,2828.93,2828.57,0.0008,0.0022
20.03.2019 01:01:09.183 GMT+0100,2829.23,2828.57,0.0008,0.0024
20.03.2019 01:01:20.879 GMT+0100,2829.23,2828.77,0.0003,0.0022
20.03.2019 01:01:20.930 GMT+0100,2829.43,2828.77,0.0013,0.0024
20.03.2019 01:01:22.048 GMT+0100,2829.43,2829.0690000000004,0.0008,0.0022
20.03.2019 01:01:22.099 GMT+0100,2829.7309999999998,2829.0690000000004,0.0039,0.0025
20.03.2019 01:01:22.471 GMT+0100,2829.43,2828.77,0.0008,0.0001
20.03.2019 01:01:22.616 GMT+0100,2829.43,2829.07,0.0008,0.0022
20.03.2019 01:01:22.666 GMT+0100,2829.73,2829.07,0.0005,0.0022
20.03.2019 01:01:25.613 GMT+0100,2829.7309999999998,2829.2690000000002,0.0012,0.0022
20.03.2019 01:01:25.663 GMT+0100,2829.93,2829.27,0.0012,0.0002
20.03.2019 01:01:26.930 GMT+0100,2829.73,2829.27,0.0005,0.0002
20.03.2019 01:01:26.980 GMT+0100,2829.73,2829.07,0.0013,0.0024
20.03.2019 01:01:27.360 GMT+0100,2829.73,2829.2690000000002,0.0008,0.0022
20.03.2019 01:01:27.429 GMT+0100,2829.93,2829.27,0.0008,0.0001
20.03.2019 01:01:27.691 GMT+0100,2829.73,2829.27,0.0005,0.0001
20.03.2019 01:01:27.741 GMT+0100,2829.73,2829.07,0.0008,0.0024
20.03.2019 01:01:28.762 GMT+0100,2829.73,2829.27,0.0003,0.0022
20.03.2019 01:01:28.813 GMT+0100,2829.93,2829.27,0.0013,0.0024
20.03.2019 01:01:33.935 GMT+0100,2829.73,2829.27,0.0005,0.0001
20.03.2019 01:01:33.985 GMT+0100,2829.73,2829.07,0.0008,0.0024
20.03.2019 01:01:35.617 GMT+0100,2829.73,2829.2690000000002,0.0003,0.0022
20.03.2019 01:01:35.667 GMT+0100,2829.931,2829.2690000000002,0.0039,0.0025
20.03.2019 01:01:43.413 GMT+0100,2829.7309999999998,2829.2690000000002,0.0005,0.0002
20.03.2019 01:01:43.464 GMT+0100,2829.73,2829.07,0.0003,0.0001
20.03.2019 01:01:43.838 GMT+0100,2829.73,2829.2690000000002,0.0003,0.0022
20.03.2019 01:01:43.889 GMT+0100,2829.93,2829.27,0.0012,0.0002
20.03.2019 01:01:48.800 GMT+0100,2829.7309999999998,2829.27,0.0005,0.0002
20.03.2019 01:01:48.851 GMT+0100,2829.73,2829.07,0.0008,0.0001
20.03.2019 01:01:50.941 GMT+0100,2829.73,2829.27,0.0008,0.0022
20.03.2019 01:01:50.991 GMT+0100,2829.93,2829.27,0.0013,0.0024
20.03.2019 01:01:51.546 GMT+0100,2829.83,2829.27,0.0005,0.0001
20.03.2019 01:01:51.596 GMT+0100,2829.83,2829.17,0.0005,0.0022
20.03.2019 01:01:51.699 GMT+0100,2829.8309999999997,2829.2690000000002,0.0012,0.0022
20.03.2019 01:01:51.750 GMT+0100,2829.93,2829.27,0.0012,0.0002
20.03.2019 01:01:57.521 GMT+0100,2829.73,2829.27,0.0003,0.0001
20.03.2019 01:01:57.572 GMT+0100,2829.73,2829.07,0.0008,0.0024
20.03.2019 01:02:02.178 GMT+0100,2829.43,2829.07,0.0005,0.0001
20.03.2019 01:02:02.229 GMT+0100,2829.43,2828.77,0.0039,0.0025
20.03.2019 01:02:03.059 GMT+0100,2829.43,2829.0690000000004,0.0012,0.0022
20.03.2019 01:02:03.110 GMT+0100,2829.73,2829.07,0.0003,0.0001
20.03.2019 01:02:03.379 GMT+0100,2829.43,2829.07,0.0005,0.0001
20.03.2019 01:02:03.430 GMT+0100,2829.43,2828.77,0.0005,0.0022
20.03.2019 01:02:04.087 GMT+0100,2829.23,2828.7690000000002,0.0005,0.0002
20.03.2019 01:02:04.137 GMT+0100,2829.23,2828.57,0.0039,0.0025
20.03.2019 01:02:05.474 GMT+0100,2828.93,2828.57,0.0005,0.0002
20.03.2019 01:02:05.525 GMT+0100,2828.93,2828.27,0.0008,0.0024
20.03.2019 01:02:10.182 GMT+0100,2828.93,2828.57,0.0003,0.0022
20.03.2019 01:02:10.233 GMT+0100,2829.23,2828.57,0.0039,0.0025
20.03.2019 01:02:11.524 GMT+0100,2828.93,2828.57,0.0005,0.0002
20.03.2019 01:02:11.574 GMT+0100,2828.93,2828.27,0.0013,0.0024
20.03.2019 01:02:13.869 GMT+0100,2828.7309999999998,2828.27,0.0005,0.0001
20.03.2019 01:02:13.920 GMT+0100,2828.73,2828.07,0.0008,0.0001
20.03.2019 01:02:17.949 GMT+0100,2828.73,2828.2690000000002,0.0008,0.0022
20.03.2019 01:02:18.000 GMT+0100,2828.931,2828.2690000000002,0.0039,0.0025
20.03.2019 01:02:37.442 GMT+0100,2828.931,2828.5690000000004,0.0012,0.0022
20.03.2019 01:02:37.492 GMT+0100,2829.2309999999998,2828.5690000000004,0.0039,0.0025
20.03.2019 01:02:52.720 GMT+0100,2829.43,2828.77,0.0012,0.0002
20.03.2019 01:02:56.684 GMT+0100,2829.23,2828.57,0.0013,0.0024
20.03.2019 01:02:58.229 GMT+0100,2829.23,2828.77,0.0008,0.0022
20.03.2019 01:02:58.280 GMT+0100,2829.43,2828.77,0.0008,0.0024
20.03.2019 01:03:02.190 GMT+0100,2829.23,2828.77,0.0005,0.0001
20.03.2019 01:03:02.241 GMT+0100,2829.23,2828.57,0.0039,0.0025
20.03.2019 01:03:05.013 GMT+0100,2829.23,2828.77,0.0012,0.0022
20.03.2019 01:03:05.064 GMT+0100,2829.43,2828.77,0.0013,0.0024
20.03.2019 01:03:21.990 GMT+0100,2829.2309999999998,2828.77,0.0005,0.0001
20.03.2019 01:03:22.040 GMT+0100,2829.23,2828.57,0.0008,0.0001
20.03.2019 01:03:38.108 GMT+0100,2828.93,2828.57,0.0005,0.0001
20.03.2019 01:03:38.159 GMT+0100,2828.93,2828.27,0.0008,0.0024
20.03.2019 01:03:51.687 GMT+0100,2828.93,2828.57,0.0003,0.0022
20.03.2019 01:03:51.761 GMT+0100,2829.23,2828.57,0.0013,0.0024
20.03.2019 01:03:54.401 GMT+0100,2828.93,2828.57,0.0005,0.0001
20.03.2019 01:03:54.451 GMT+0100,2828.93,2828.27,0.0039,0.0025
20.03.2019 01:04:20.393 GMT+0100,2829.23,2828.57,0.0012,0.0002
20.03.2019 01:04:31.695 GMT+0100,2829.23,2828.7690000000002,0.0012,0.0022
20.03.2019 01:04:31.745 GMT+0100,2829.43,2828.77,0.0008,0.0001
20.03.2019 01:04:40.005 GMT+0100,2829.2309999999998,2828.77,0.0005,0.0001
20.03.2019 01:04:40.056 GMT+0100,2829.23,2828.57,0.0008,0.0001
20.03.2019 01:04:46.525 GMT+0100,2829.23,2828.77,0.0008,0.0022
20.03.2019 01:04:46.575 GMT+0100,2829.43,2828.77,0.0039,0.0025
20.03.2019 01:05:10.781 GMT+0100,2829.43,2829.0690000000004,0.0012,0.0022
20.03.2019 01:05:10.831 GMT+0100,2829.73,2829.07,0.0008,0.0001
20.03.2019 01:06:01.188 GMT+0100,2829.43,2829.0690000000004,0.0008,0.0024
20.03.2019 01:06:01.239 GMT+0100,2829.43,2828.77,0.0013,0.0024
20.03.2019 01:06:01.826 GMT+0100,2829.43,2829.0690000000004,0.0008,0.0022
20.03.2019 01:06:01.877 GMT+0100,2829.73,2829.07,0.0008,0.0001
20.03.2019 01:06:03.365 GMT+0100,2829.431,2829.07,0.0005,0.0001
20.03.2019 01:06:03.415 GMT+0100,2829.43,2828.77,0.0008,0.0001
20.03.2019 01:06:14.075 GMT+0100,2829.23,2828.77,0.0005,0.0001
20.03.2019 01:06:14.125 GMT+0100,2829.23,2828.57,0.0005,0.0022
20.03.2019 01:06:22.114 GMT+0100,2829.43,2828.77,0.0012,0.0002
20.03.2019 01:07:00.134 GMT+0100,2829.43,2829.0690000000004,0.0012,0.0022
20.03.2019 01:07:00.195 GMT+0100,2829.73,2829.07,0.0003,0.0001
20.03.2019 01:07:00.296 GMT+0100,2829.431,2829.07,0.0005,0.0001
20.03.2019 01:07:00.347 GMT+0100,2829.43,2828.77,0.0008,0.0001
20.03.2019 01:07:06.557 GMT+0100,2829.43,2829.07,0.0008,0.0022
20.03.2019 01:07:06.608 GMT+0100,2829.73,2829.07,0.0008,0.0024
20.03.2019 01:07:28.985 GMT+0100,2829.73,2829.2690000000002,0.0003,0.0022
20.03.2019 01:07:29.085 GMT+0100,2829.93,2829.27,0.0003,0.0001
20.03.2019 01:07:56.847 GMT+0100,2829.93,2829.57,0.0003,0.0022
20.03.2019 01:07:56.897 GMT+0100,2830.23,2829.57,0.0005,0.0022
20.03.2019 01:08:40.809 GMT+0100,2830.2309999999998,2829.7690000000002,0.0012,0.0022
20.03.2019 01:08:40.937 GMT+0100,2830.431,2829.7690000000002,0.0039,0.0025
20.03.2019 01:08:48.061 GMT+0100,2830.431,2830.0690000000004,0.0012,0.0022
20.03.2019 01:08:48.111 GMT+0100,2830.73,2830.07,0.0012,0.0002
20.03.2019 01:08:48.905 GMT+0100,2830.431,2830.07,0.0005,0.0002
20.03.2019 01:08:48.955 GMT+0100,2830.43,2829.77,0.0003,0.0001
20.03.2019 01:09:00.447 GMT+0100,2830.23,2829.77,0.0005,0.0001
20.03.2019 01:09:00.497 GMT+0100,2830.23,2829.57,0.0005,0.0022
20.03.2019 01:09:00.607 GMT+0100,2830.2309999999998,2829.7690000000002,0.0012,0.0022
20.03.2019 01:09:00.657 GMT+0100,2830.43,2829.77,0.0008,0.0001
20.03.2019 01:09:17.665 GMT+0100,2830.33,2829.77,0.0005,0.0001
20.03.2019 01:09:17.716 GMT+0100,2830.33,2829.67,0.0005,0.0022
20.03.2019 01:09:18.041 GMT+0100,2830.3309999999997,2829.7690000000002,0.0012,0.0022
20.03.2019 01:09:18.092 GMT+0100,2830.431,2829.7690000000002,0.0039,0.0025
20.03.2019 01:09:18.622 GMT+0100,2830.23,2829.7690000000002,0.0005,0.0002
20.03.2019 01:09:18.672 GMT+0100,2830.23,2829.57,0.0013,0.0024
20.03.2019 01:10:14.304 GMT+0100,2829.931,2829.57,0.0005,0.0001
20.03.2019 01:10:14.354 GMT+0100,2829.931,2829.2690000000002,0.0039,0.0025
20.03.2019 01:10:17.029 GMT+0100,2829.931,2829.5690000000004,0.0012,0.0022
20.03.2019 01:10:17.137 GMT+0100,2830.23,2829.57,0.0003,0.0001
20.03.2019 01:10:24.450 GMT+0100,2829.93,2829.27,0.0008,0.0001
20.03.2019 01:10:36.158 GMT+0100,2829.931,2829.57,0.0005,0.0001
20.03.2019 01:10:36.208 GMT+0100,2830.23,2829.57,0.0008,0.0024
20.03.2019 01:10:46.245 GMT+0100,2829.931,2829.2690000000002,0.0039,0.0025
20.03.2019 01:11:20.260 GMT+0100,2829.7309999999998,2829.2690000000002,0.0005,0.0002
20.03.2019 01:11:20.310 GMT+0100,2829.7309999999998,2829.0690000000004,0.0039,0.0025
20.03.2019 01:11:25.882 GMT+0100,2829.7309999999998,2829.27,0.0012,0.0022
20.03.2019 01:11:25.933 GMT+0100,2829.93,2829.27,0.0005,0.0022
20.03.2019 01:12:39.855 GMT+0100,2829.73,2829.2690000000002,0.0005,0.0001
20.03.2019 01:12:39.937 GMT+0100,2829.73,2829.07,0.0008,0.0024
20.03.2019 01:14:37.144 GMT+0100,2829.7309999999998,2829.27,0.0008,0.0022
20.03.2019 01:14:37.194 GMT+0100,2829.93,2829.27,0.0039,0.0025
20.03.2019 01:14:59.583 GMT+0100,2829.93,2829.5690000000004,0.0012,0.0022
20.03.2019 01:14:59.686 GMT+0100,2830.23,2829.57,0.0003,0.0001
20.03.2019 01:15:00.316 GMT+0100,2829.93,2829.57,0.0005,0.0001
20.03.2019 01:15:00.366 GMT+0100,2829.93,2829.27,0.0008,0.0024
20.03.2019 01:15:25.444 GMT+0100,2829.73,2829.27,0.0005,0.0001
20.03.2019 01:15:25.494 GMT+0100,2829.73,2829.07,0.0008,0.0024
20.03.2019 01:15:31.648 GMT+0100,2829.431,2829.07,0.0005,0.0001
20.03.2019 01:15:31.699 GMT+0100,2829.43,2828.77,0.0003,0.0001
20.03.2019 01:15:59.223 GMT+0100,2829.2309999999998,2828.77,0.0005,0.0001
20.03.2019 01:15:59.273 GMT+0100,2829.23,2828.57,0.0012,0.0002
20.03.2019 01:16:06.114 GMT+0100,2828.93,2828.57,0.0005,0.0002
20.03.2019 01:16:06.164 GMT+0100,2828.93,2828.27,0.0008,0.0024
20.03.2019 01:16:13.622 GMT+0100,2828.73,2828.07,0.0008,0.0024
20.03.2019 01:16:14.283 GMT+0100,2828.931,2828.2690000000002,0.0039,0.0025
20.03.2019 01:16:15.686 GMT+0100,2828.73,2828.2690000000002,0.0005,0.0002
20.03.2019 01:16:15.737 GMT+0100,2828.73,2828.07,0.0005,0.0022
20.03.2019 01:16:16.392 GMT+0100,2828.7309999999998,2828.2690000000002,0.0012,0.0022
20.03.2019 01:16:16.442 GMT+0100,2828.931,2828.2690000000002,0.0039,0.0025
20.03.2019 01:16:56.049 GMT+0100,2828.73,2828.2690000000002,0.0005,0.0001
20.03.2019 01:16:56.111 GMT+0100,2828.73,2828.07,0.0005,0.0022
20.03.2019 01:16:58.410 GMT+0100,2828.7309999999998,2828.27,0.0012,0.0022
20.03.2019 01:16:58.460 GMT+0100,2828.93,2828.27,0.0039,0.0025
20.03.2019 01:17:01.795 GMT+0100,2828.73,2828.27,0.0005,0.0002
20.03.2019 01:17:01.845 GMT+0100,2828.73,2828.07,0.0013,0.0024
20.03.2019 01:17:04.347 GMT+0100,2828.93,2828.27,0.0008,0.0024
20.03.2019 01:17:08.170 GMT+0100,2828.7309999999998,2828.27,0.0005,0.0001
20.03.2019 01:17:08.221 GMT+0100,2828.7309999999998,2828.0690000000004,0.0039,0.0025
20.03.2019 01:17:10.967 GMT+0100,2828.7309999999998,2828.27,0.0012,0.0022
20.03.2019 01:17:11.017 GMT+0100,2828.93,2828.27,0.0005,0.0022
20.03.2019 01:17:35.290 GMT+0100,2828.7309999999998,2828.2690000000002,0.0005,0.0002
20.03.2019 01:17:35.341 GMT+0100,2828.73,2828.07,0.0008,0.0001
20.03.2019 01:19:00.367 GMT+0100,2828.73,2828.27,0.0008,0.0001
20.03.2019 01:19:00.418 GMT+0100,2828.93,2828.27,0.0039,0.0025
20.03.2019 01:19:02.224 GMT+0100,2828.7309999999998,2828.27,0.0005,0.0002
20.03.2019 01:19:02.275 GMT+0100,2828.73,2828.07,0.0012,0.0002
20.03.2019 01:19:13.755 GMT+0100,2828.73,2828.27,0.0012,0.0022
20.03.2019 01:19:13.841 GMT+0100,2828.93,2828.27,0.0039,0.0025
20.03.2019 01:19:15.722 GMT+0100,2828.7309999999998,2828.27,0.0005,0.0002
20.03.2019 01:19:15.773 GMT+0100,2828.7309999999998,2828.0690000000004,0.0039,0.0025
20.03.2019 01:19:15.893 GMT+0100,2828.93,2828.27,0.0012,0.0002
20.03.2019 01:19:18.017 GMT+0100,2828.73,2828.27,0.0005,0.0002
20.03.2019 01:19:18.067 GMT+0100,2828.73,2828.07,0.0039,0.0025
20.03.2019 01:19:58.217 GMT+0100,2828.73,2828.27,0.0012,0.0022
20.03.2019 01:19:58.267 GMT+0100,2828.93,2828.27,0.0013,0.0024
20.03.2019 01:20:06.092 GMT+0100,2828.93,2828.4700000000003,0.0008,0.0022
20.03.2019 01:20:06.143 GMT+0100,2829.13,2828.4700000000003,0.0005,0.0022
20.03.2019 01:20:06.333 GMT+0100,2828.93,2828.27,0.0012,0.0002
20.03.2019 01:20:16.415 GMT+0100,2828.93,2828.4690000000005,0.0012,0.0022
20.03.2019 01:20:16.465 GMT+0100,2829.131,2828.4690000000005,0.0039,0.0025
20.03.2019 01:20:16.575 GMT+0100,2829.131,2828.5690000000004,0.0012,0.0022
20.03.2019 01:20:16.626 GMT+0100,2829.2309999999998,2828.5690000000004,0.0039,0.0025
20.03.2019 01:20:23.620 GMT+0100,2829.2309999999998,2828.77,0.0012,0.0022
20.03.2019 01:20:23.670 GMT+0100,2829.43,2828.77,0.0005,0.0022
20.03.2019 01:20:44.055 GMT+0100,2829.431,2828.9690000000005,0.0012,0.0022
20.03.2019 01:20:44.105 GMT+0100,2829.63,2828.9700000000003,0.0012,0.0002
20.03.2019 01:20:44.218 GMT+0100,2829.63,2829.07,0.0012,0.0022
20.03.2019 01:20:44.269 GMT+0100,2829.73,2829.07,0.0005,0.0022
20.03.2019 01:20:49.538 GMT+0100,2829.63,2829.0690000000004,0.0005,0.0002
20.03.2019 01:20:49.589 GMT+0100,2829.63,2828.9700000000003,0.0005,0.0022
20.03.2019 01:20:49.702 GMT+0100,2829.631,2829.0690000000004,0.0012,0.0022
20.03.2019 01:20:49.752 GMT+0100,2829.73,2829.07,0.0003,0.0001
20.03.2019 01:20:49.861 GMT+0100,2829.431,2829.07,0.0005,0.0001
20.03.2019 01:20:49.912 GMT+0100,2829.43,2828.77,0.0003,0.0001
20.03.2019 01:21:01.838 GMT+0100,2829.43,2829.0690000000004,0.0003,0.0022
20.03.2019 01:21:01.888 GMT+0100,2829.73,2829.07,0.0008,0.0001
20.03.2019 01:21:40.418 GMT+0100,2829.43,2829.07,0.0005,0.0001
20.03.2019 01:21:40.468 GMT+0100,2829.43,2828.77,0.0005,0.0022
20.03.2019 01:21:41.389 GMT+0100,2829.431,2829.0690000000004,0.0012,0.0022
20.03.2019 01:21:41.440 GMT+0100,2829.73,2829.07,0.0008,0.0001
20.03.2019 01:22:40.366 GMT+0100,2829.73,2829.2690000000002,0.0008,0.0022
20.03.2019 01:22:40.416 GMT+0100,2829.93,2829.27,0.0012,0.0002
20.03.2019 01:23:35.612 GMT+0100,2829.73,2829.27,0.0005,0.0002
20.03.2019 01:23:35.663 GMT+0100,2829.73,2829.07,0.0013,0.0024
20.03.2019 01:23:38.265 GMT+0100,2829.73,2829.27,0.0008,0.0022
20.03.2019 01:23:38.315 GMT+0100,2829.93,2829.27,0.0039,0.0025
20.03.2019 01:23:45.287 GMT+0100,2829.434,2829.27,0.0005,0.0002
20.03.2019 01:23:45.337 GMT+0100,2829.43,2828.77,0.0039,0.0025
20.03.2019 01:23:45.448 GMT+0100,2829.43,2829.07,0.0012,0.0022
20.03.2019 01:23:45.498 GMT+0100,2829.73,2829.07,0.0005,0.0022
20.03.2019 01:23:46.921 GMT+0100,2829.43,2829.0690000000004,0.0005,0.0002
20.03.2019 01:23:46.971 GMT+0100,2829.43,2828.77,0.0013,0.0024
20.03.2019 01:24:06.877 GMT+0100,2829.23,2828.77,0.0005,0.0001
20.03.2019 01:24:06.927 GMT+0100,2829.23,2828.57,0.0013,0.0024
20.03.2019 01:24:18.606 GMT+0100,2829.43,2828.77,0.0008,0.0001
20.03.2019 01:24:40.900 GMT+0100,2829.23,2828.77,0.0005,0.0001
20.03.2019 01:24:40.951 GMT+0100,2829.23,2828.57,0.0008,0.0024
20.03.2019 01:24:41.256 GMT+0100,2829.23,2828.7690000000002,0.0003,0.0022
20.03.2019 01:24:41.322 GMT+0100,2829.43,2828.77,0.0003,0.0001
20.03.2019 01:25:04.555 GMT+0100,2829.43,2829.07,0.0003,0.0022
20.03.2019 01:25:04.606 GMT+0100,2829.73,2829.07,0.0039,0.0025
20.03.2019 01:25:07.438 GMT+0100,2829.43,2829.07,0.0005,0.0002
20.03.2019 01:25:07.489 GMT+0100,2829.43,2828.77,0.0039,0.0025
20.03.2019 01:26:59.954 GMT+0100,2829.23,2828.77,0.0008,0.0022
20.03.2019 01:27:00.004 GMT+0100,2829.23,2828.57,0.0008,0.0001
20.03.2019 01:27:39.422 GMT+0100,2829.23,2828.77,0.0008,0.0022
20.03.2019 01:27:39.473 GMT+0100,2829.43,2828.77,0.0013,0.0024
20.03.2019 01:27:40.997 GMT+0100,2829.43,2829.07,0.0008,0.0022
20.03.2019 01:27:41.047 GMT+0100,2829.73,2829.07,0.0039,0.0025
20.03.2019 01:27:41.204 GMT+0100,2829.431,2828.7690000000002,0.0039,0.0025
20.03.2019 01:27:41.922 GMT+0100,2829.431,2829.07,0.0012,0.0022
20.03.2019 01:27:41.973 GMT+0100,2829.73,2829.07,0.0013,0.0024
20.03.2019 01:28:01.363 GMT+0100,2829.431,2829.07,0.0005,0.0001
20.03.2019 01:28:01.413 GMT+0100,2829.43,2828.77,0.0012,0.0002
20.03.2019 01:28:02.552 GMT+0100,2829.23,2828.77,0.0005,0.0002
20.03.2019 01:28:02.602 GMT+0100,2829.23,2828.57,0.0008,0.0024
20.03.2019 01:28:03.356 GMT+0100,2828.93,2828.57,0.0005,0.0001
20.03.2019 01:28:03.406 GMT+0100,2828.93,2828.27,0.0013,0.0024
20.03.2019 01:28:06.806 GMT+0100,2828.73,2828.27,0.0005,0.0001
20.03.2019 01:28:06.888 GMT+0100,2828.73,2828.07,0.0005,0.0022
20.03.2019 01:28:10.686 GMT+0100,2828.631,2828.0690000000004,0.0005,0.0002
20.03.2019 01:28:10.736 GMT+0100,2828.63,2827.9700000000003,0.0012,0.0002
20.03.2019 01:28:10.883 GMT+0100,2828.43,2827.9700000000003,0.0005,0.0002
20.03.2019 01:28:10.933 GMT+0100,2828.43,2827.77,0.0008,0.0024
20.03.2019 01:28:11.045 GMT+0100,2828.43,2828.07,0.0003,0.0022
20.03.2019 01:28:11.096 GMT+0100,2828.73,2828.07,0.0013,0.0024
20.03.2019 01:28:14.684 GMT+0100,2828.43,2828.07,0.0005,0.0001
20.03.2019 01:28:14.735 GMT+0100,2828.43,2827.77,0.0005,0.0022
20.03.2019 01:28:18.609 GMT+0100,2828.431,2828.07,0.0012,0.0022
20.03.2019 01:28:18.659 GMT+0100,2828.73,2828.07,0.0039,0.0025
20.03.2019 01:28:19.309 GMT+0100,2828.431,2828.07,0.0005,0.0002
20.03.2019 01:28:19.359 GMT+0100,2828.431,2827.7690000000002,0.0039,0.0025
20.03.2019 01:28:19.470 GMT+0100,2828.431,2828.0690000000004,0.0012,0.0022
20.03.2019 01:28:19.521 GMT+0100,2828.7309999999998,2828.0690000000004,0.0039,0.0025
20.03.2019 01:28:37.769 GMT+0100,2828.43,2827.77,0.0013,0.0024
20.03.2019 01:28:39.293 GMT+0100,2828.43,2828.07,0.0008,0.0022
20.03.2019 01:28:39.343 GMT+0100,2828.73,2828.07,0.0039,0.0025
20.03.2019 01:28:40.887 GMT+0100,2828.431,2828.07,0.0005,0.0002
20.03.2019 01:28:40.937 GMT+0100,2828.43,2827.77,0.0008,0.0001
20.03.2019 01:28:44.704 GMT+0100,2828.73,2828.07,0.0013,0.0024
20.03.2019 01:28:57.864 GMT+0100,2828.431,2828.07,0.0005,0.0001
20.03.2019 01:28:57.915 GMT+0100,2828.43,2827.77,0.0008,0.0001
20.03.2019 01:29:11.362 GMT+0100,2828.43,2828.0690000000004,0.0008,0.0022
20.03.2019 01:29:11.413 GMT+0100,2828.73,2828.07,0.0012,0.0002
20.03.2019 01:29:30.610 GMT+0100,2828.431,2828.07,0.0005,0.0002
20.03.2019 01:29:30.661 GMT+0100,2828.43,2827.77,0.0008,0.0001
20.03.2019 01:29:32.103 GMT+0100,2828.43,2828.0690000000004,0.0008,0.0022
20.03.2019 01:29:32.154 GMT+0100,2828.7309999999998,2828.0690000000004,0.0039,0.0025
20.03.2019 01:29:33.558 GMT+0100,2828.43,2828.0690000000004,0.0005,0.0002
20.03.2019 01:29:33.608 GMT+0100,2828.43,2827.77,0.0039,0.0025
20.03.2019 01:29:48.749 GMT+0100,2828.43,2828.0690000000004,0.0012,0.0022
20.03.2019 01:29:48.843 GMT+0100,2828.73,2828.07,0.0012,0.0002
20.03.2019 01:29:49.155 GMT+0100,2828.431,2828.07,0.0005,0.0002
20.03.2019 01:29:49.205 GMT+0100,2828.43,2827.77,0.0003,0.0001
20.03.2019 01:29:55.647 GMT+0100,2828.43,2828.0690000000004,0.0003,0.0022
20.03.2019 01:29:55.697 GMT+0100,2828.7309999999998,2828.0690000000004,0.0039,0.0025
20.03.2019 01:29:56.577 GMT+0100,2828.43,2827.77,0.0005,0.0022
20.03.2019 01:30:03.056 GMT+0100,2828.23,2827.7690000000002,0.0005,0.0002
20.03.2019 01:30:03.106 GMT+0100,2828.23,2827.57,0.0039,0.0025
20.03.2019 01:30:53.717 GMT+0100,2828.23,2827.7690000000002,0.0005,0.0002
20.03.2019 01:30:53.768 GMT+0100,2828.43,2827.77,0.0005,0.0022
20.03.2019 01:31:00.276 GMT+0100,2828.431,2828.07,0.0012,0.0022
20.03.2019 01:31:00.327 GMT+0100,2828.73,2828.07,0.0039,0.0025
20.03.2019 01:31:01.413 GMT+0100,2828.43,2827.77,0.0005,0.0022
20.03.2019 01:32:20.271 GMT+0100,2828.431,2828.07,0.0008,0.0022
20.03.2019 01:32:20.322 GMT+0100,2828.73,2828.07,0.0008,0.0024
20.03.2019 01:32:21.014 GMT+0100,2828.43,2828.07,0.0005,0.0001
20.03.2019 01:32:21.064 GMT+0100,2828.43,2827.77,0.0005,0.0022
20.03.2019 01:32:32.623 GMT+0100,2828.431,2828.07,0.0012,0.0022
20.03.2019 01:32:32.673 GMT+0100,2828.73,2828.07,0.0013,0.0024
20.03.2019 01:32:34.961 GMT+0100,2828.43,2828.07,0.0005,0.0001
20.03.2019 01:32:35.012 GMT+0100,2828.43,2827.77,0.0013,0.0024
20.03.2019 01:32:43.281 GMT+0100,2828.43,2828.0690000000004,0.0008,0.0022
20.03.2019 01:32:43.331 GMT+0100,2828.73,2828.07,0.0012,0.0002
20.03.2019 01:32:44.572 GMT+0100,2828.43,2828.07,0.0005,0.0002
20.03.2019 01:32:44.622 GMT+0100,2828.43,2827.77,0.0013,0.0024
20.03.2019 01:32:45.978 GMT+0100,2828.43,2828.07,0.0008,0.0022
20.03.2019 01:32:46.057 GMT+0100,2828.73,2828.07,0.0008,0.0024
20.03.2019 01:33:38.977 GMT+0100,2828.73,2828.17,0.0005,0.0002
20.03.2019 01:33:39.027 GMT+0100,2828.83,2828.17,0.0039,0.0025
20.03.2019 01:33:39.264 GMT+0100,2828.83,2828.27,0.0012,0.0022
20.03.2019 01:33:39.315 GMT+0100,2828.93,2828.27,0.0005,0.0022
20.03.2019 01:33:39.424 GMT+0100,2828.73,2828.2690000000002,0.0005,0.0002
20.03.2019 01:33:39.475 GMT+0100,2828.73,2828.07,0.0005,0.0022
20.03.2019 01:34:13.381 GMT+0100,2828.7309999999998,2828.27,0.0012,0.0022
20.03.2019 01:34:13.432 GMT+0100,2828.93,2828.27,0.0013,0.0024
20.03.2019 01:34:15.432 GMT+0100,2828.7309999999998,2828.27,0.0005,0.0001
20.03.2019 01:34:15.483 GMT+0100,2828.7309999999998,2828.0690000000004,0.0039,0.0025
20.03.2019 01:34:48.612 GMT+0100,2828.7309999999998,2828.2690000000002,0.0012,0.0022
20.03.2019 01:34:48.701 GMT+0100,2828.93,2828.27,0.0008,0.0001
20.03.2019 01:36:01.340 GMT+0100,2828.73,2828.27,0.0005,0.0001
20.03.2019 01:36:01.390 GMT+0100,2828.73,2828.07,0.0013,0.0024
20.03.2019 01:36:32.423 GMT+0100,2828.63,2827.9700000000003,0.0013,0.0024
20.03.2019 01:36:32.535 GMT+0100,2828.431,2827.9700000000003,0.0005,0.0001
20.03.2019 01:36:32.585 GMT+0100,2828.43,2827.77,0.0012,0.0002
20.03.2019 01:37:00.390 GMT+0100,2828.23,2827.77,0.0008,0.0001
20.03.2019 01:37:00.490 GMT+0100,2828.23,2827.57,0.0012,0.0002
20.03.2019 01:38:21.249 GMT+0100,2827.93,2827.57,0.0005,0.0001
20.03.2019 01:38:21.299 GMT+0100,2827.93,2827.27,0.0008,0.0024
20.03.2019 01:38:48.342 GMT+0100,2827.93,2827.5690000000004,0.0005,0.0002
20.03.2019 01:38:48.392 GMT+0100,2828.2309999999998,2827.5690000000004,0.0039,0.0025
20.03.2019 01:38:54.697 GMT+0100,2828.2309999999998,2827.77,0.0012,0.0022
20.03.2019 01:38:54.748 GMT+0100,2828.43,2827.77,0.0013,0.0024
20.03.2019 01:38:58.910 GMT+0100,2828.43,2828.0690000000004,0.0008,0.0022
20.03.2019 01:38:58.961 GMT+0100,2828.73,2828.07,0.0003,0.0001
20.03.2019 01:39:44.569 GMT+0100,2828.431,2828.0690000000004,0.0003,0.0024
20.03.2019 01:39:44.619 GMT+0100,2828.43,2827.77,0.0005,0.0022
20.03.2019 01:44:13.403 GMT+0100,2828.2309999999998,2827.7690000000002,0.0005,0.0001
20.03.2019 01:44:13.454 GMT+0100,2828.23,2827.57,0.0012,0.0002
20.03.2019 01:44:14.200 GMT+0100,2827.93,2827.57,0.0005,0.0002
20.03.2019 01:44:14.250 GMT+0100,2827.93,2827.27,0.0005,0.0022
20.03.2019 01:44:39.848 GMT+0100,2827.931,2827.5690000000004,0.0012,0.0022
20.03.2019 01:44:39.898 GMT+0100,2828.23,2827.57,0.0012,0.0002
20.03.2019 01:44:41.533 GMT+0100,2827.93,2827.57,0.0005,0.0002
20.03.2019 01:44:41.584 GMT+0100,2827.93,2827.27,0.0013,0.0024
20.03.2019 01:44:42.549 GMT+0100,2827.7309999999998,2827.27,0.0005,0.0001
20.03.2019 01:44:42.599 GMT+0100,2827.73,2827.07,0.0008,0.0001
20.03.2019 01:44:52.165 GMT+0100,2827.73,2827.27,0.0008,0.0022
20.03.2019 01:44:52.216 GMT+0100,2827.93,2827.27,0.0005,0.0022
20.03.2019 01:44:57.808 GMT+0100,2827.7309999999998,2827.2690000000002,0.0005,0.0002
20.03.2019 01:44:57.859 GMT+0100,2827.73,2827.07,0.0003,0.0001
20.03.2019 01:45:04.668 GMT+0100,2827.93,2827.27,0.0008,0.0024
20.03.2019 01:45:05.037 GMT+0100,2827.73,2827.27,0.0005,0.0001
20.03.2019 01:45:05.087 GMT+0100,2827.73,2827.07,0.0013,0.0024
20.03.2019 01:45:16.555 GMT+0100,2827.43,2826.77,0.0039,0.0025
20.03.2019 01:45:23.736 GMT+0100,2827.43,2827.0690000000004,0.0012,0.0022
20.03.2019 01:45:23.786 GMT+0100,2827.7309999999998,2827.0690000000004,0.0039,0.0025
20.03.2019 01:45:25.467 GMT+0100,2827.431,2826.7690000000002,0.0039,0.0025
20.03.2019 01:45:26.502 GMT+0100,2827.73,2827.07,0.0005,0.0022
20.03.2019 01:46:00.659 GMT+0100,2827.431,2827.0690000000004,0.0005,0.0002
20.03.2019 01:46:00.710 GMT+0100,2827.43,2826.77,0.0008,0.0001
20.03.2019 01:46:13.063 GMT+0100,2827.43,2827.07,0.0008,0.0022
20.03.2019 01:46:13.114 GMT+0100,2827.73,2827.07,0.0013,0.0024
20.03.2019 01:46:29.737 GMT+0100,2827.431,2827.07,0.0005,0.0001
20.03.2019 01:46:29.787 GMT+0100,2827.431,2826.7690000000002,0.0039,0.0025
20.03.2019 01:47:00.821 GMT+0100,2827.23,2826.7690000000002,0.0005,0.0002
20.03.2019 01:47:00.871 GMT+0100,2827.23,2826.57,0.0039,0.0025
20.03.2019 01:47:02.321 GMT+0100,2827.23,2826.77,0.0012,0.0022
20.03.2019 01:47:02.372 GMT+0100,2827.43,2826.77,0.0005,0.0022
20.03.2019 01:47:05.072 GMT+0100,2827.2309999999998,2826.77,0.0003,0.0022
20.03.2019 01:47:05.123 GMT+0100,2827.23,2826.57,0.0013,0.0024
20.03.2019 01:47:56.121 GMT+0100,2826.93,2826.27,0.0022,0.0022
20.03.2019 01:47:58.028 GMT+0100,2826.93,2826.5690000000004,0.0003,0.0022
20.03.2019 01:47:58.078 GMT+0100,2827.2309999999998,2826.5690000000004,0.0039,0.0025
20.03.2019 01:47:58.189 GMT+0100,2826.93,2826.5690000000004,0.0005,0.0002
20.03.2019 01:47:58.239 GMT+0100,2826.93,2826.27,0.0008,0.0024
20.03.2019 01:48:00.333 GMT+0100,2826.93,2826.57,0.0005,0.0001
20.03.2019 01:48:00.383 GMT+0100,2827.23,2826.57,0.0008,0.0024
20.03.2019 01:48:01.499 GMT+0100,2826.931,2826.57,0.0005,0.0001
20.03.2019 01:48:01.549 GMT+0100,2826.931,2826.2690000000002,0.0039,0.0025
20.03.2019 01:48:23.009 GMT+0100,2826.931,2826.5690000000004,0.0012,0.0022
20.03.2019 01:48:23.059 GMT+0100,2827.2309999999998,2826.5690000000004,0.0039,0.0025
20.03.2019 01:48:33.061 GMT+0100,2826.931,2826.5690000000004,0.0005,0.0002
20.03.2019 01:48:33.112 GMT+0100,2826.931,2826.2690000000002,0.0039,0.0025
20.03.2019 01:48:36.239 GMT+0100,2826.931,2826.57,0.0012,0.0022
20.03.2019 01:48:36.290 GMT+0100,2827.23,2826.57,0.0013,0.0024
20.03.2019 01:49:03.393 GMT+0100,2826.93,2826.57,0.0005,0.0001
20.03.2019 01:49:03.711 GMT+0100,2826.93,2826.27,0.0013,0.0024
20.03.2019 01:49:07.932 GMT+0100,2827.23,2826.57,0.0003,0.0001
20.03.2019 01:49:19.634 GMT+0100,2827.2309999999998,2826.77,0.0005,0.0001
20.03.2019 01:49:19.684 GMT+0100,2827.43,2826.77,0.0008,0.0001
20.03.2019 01:50:53.207 GMT+0100,2827.43,2827.0690000000004,0.0008,0.0022
20.03.2019 01:50:53.266 GMT+0100,2827.73,2827.07,0.0003,0.0001
20.03.2019 01:51:07.572 GMT+0100,2827.73,2827.2690000000002,0.0003,0.0022
20.03.2019 01:51:07.623 GMT+0100,2827.93,2827.27,0.0012,0.0002
20.03.2019 01:51:15.710 GMT+0100,2827.434,2827.27,0.0005,0.0002
20.03.2019 01:51:15.760 GMT+0100,2827.43,2826.77,0.0008,0.0024
20.03.2019 01:51:15.852 GMT+0100,2827.2309999999998,2826.77,0.0003,0.0022
20.03.2019 01:51:15.903 GMT+0100,2827.23,2826.57,0.0008,0.0001
20.03.2019 01:51:16.053 GMT+0100,2827.33,2826.67,0.0013,0.0024
20.03.2019 01:51:16.171 GMT+0100,2827.2309999999998,2826.67,0.0005,0.0001
20.03.2019 01:51:16.222 GMT+0100,2827.23,2826.57,0.0003,0.0001
20.03.2019 01:51:25.274 GMT+0100,2826.93,2826.57,0.0005,0.0001
20.03.2019 01:51:25.325 GMT+0100,2826.93,2826.27,0.0008,0.0024
20.03.2019 01:51:42.093 GMT+0100,2826.93,2826.57,0.0003,0.0022
20.03.2019 01:51:42.143 GMT+0100,2827.23,2826.57,0.0039,0.0025
20.03.2019 01:51:43.408 GMT+0100,2826.93,2826.57,0.0005,0.0002
20.03.2019 01:51:43.458 GMT+0100,2826.93,2826.27,0.0039,0.0025
20.03.2019 01:51:43.907 GMT+0100,2826.93,2826.5690000000004,0.0012,0.0022
20.03.2019 01:51:43.958 GMT+0100,2827.23,2826.57,0.0003,0.0001
20.03.2019 01:51:57.025 GMT+0100,2827.2309999999998,2826.77,0.0013,0.0001
20.03.2019 01:51:57.075 GMT+0100,2827.43,2826.77,0.0003,0.0001
20.03.2019 01:51:57.129 GMT+0100,2827.23,2826.77,0.0005,0.0001
20.03.2019 01:51:57.179 GMT+0100,2827.23,2826.57,0.0039,0.0025
20.03.2019 01:53:35.359 GMT+0100,2827.23,2826.77,0.0008,0.0022
20.03.2019 01:53:35.410 GMT+0100,2827.43,2826.77,0.0005,0.0022
20.03.2019 01:53:38.841 GMT+0100,2827.23,2826.57,0.0003,0.0001
20.03.2019 01:53:47.640 GMT+0100,2827.23,2826.77,0.0003,0.0022
20.03.2019 01:53:47.690 GMT+0100,2827.43,2826.77,0.0005,0.0022
20.03.2019 01:53:51.626 GMT+0100,2827.23,2826.7690000000002,0.0005,0.0002
20.03.2019 01:53:51.677 GMT+0100,2827.23,2826.57,0.0013,0.0024
20.03.2019 01:53:59.964 GMT+0100,2827.23,2826.77,0.0008,0.0022
20.03.2019 01:54:00.015 GMT+0100,2827.43,2826.77,0.0008,0.0024
20.03.2019 01:54:03.231 GMT+0100,2827.23,2826.77,0.0008,0.0024
20.03.2019 01:54:03.281 GMT+0100,2827.23,2826.57,0.0012,0.0002
20.03.2019 01:54:03.396 GMT+0100,2827.23,2826.7690000000002,0.0012,0.0022
20.03.2019 01:54:03.446 GMT+0100,2827.43,2826.77,0.0003,0.0001
20.03.2019 01:54:42.819 GMT+0100,2826.13,2825.4700000000003,0.0008,0.0024
20.03.2019 01:54:42.926 GMT+0100,2825.93,2825.27,0.0008,0.0024
20.03.2019 01:54:43.095 GMT+0100,2826.2309999999998,2825.5690000000004,0.0039,0.0025
20.03.2019 01:54:45.112 GMT+0100,2826.2309999999998,2825.77,0.0008,0.0001
20.03.2019 01:54:45.162 GMT+0100,2826.43,2825.77,0.0039,0.0025
20.03.2019 01:54:45.952 GMT+0100,2826.23,2825.77,0.0005,0.0002
20.03.2019 01:54:46.002 GMT+0100,2826.23,2825.57,0.0008,0.0024
20.03.2019 01:54:56.516 GMT+0100,2826.23,2825.7690000000002,0.0003,0.0022
20.03.2019 01:54:56.567 GMT+0100,2826.43,2825.77,0.0008,0.0001
20.03.2019 01:54:59.976 GMT+0100,2826.73,2826.07,0.0012,0.0002
20.03.2019 01:55:01.813 GMT+0100,2826.2340000000004,2826.07,0.0005,0.0002
20.03.2019 01:55:01.864 GMT+0100,2826.23,2825.57,0.0005,0.0022
20.03.2019 01:55:01.964 GMT+0100,2825.93,2825.27,0.0005,0.0022
20.03.2019 01:55:02.666 GMT+0100,2825.931,2825.5690000000004,0.0012,0.0022
20.03.2019 01:55:02.716 GMT+0100,2826.23,2825.57,0.0012,0.0002
20.03.2019 01:55:04.616 GMT+0100,2825.93,2825.57,0.0008,0.0001
20.03.2019 01:55:04.666 GMT+0100,2825.93,2825.27,0.0008,0.0001
20.03.2019 01:55:04.775 GMT+0100,2825.93,2825.5690000000004,0.0008,0.0022
20.03.2019 01:55:04.825 GMT+0100,2826.23,2825.57,0.0003,0.0001
20.03.2019 01:55:05.155 GMT+0100,2825.93,2825.57,0.0005,0.0001
20.03.2019 01:55:05.206 GMT+0100,2825.93,2825.27,0.0013,0.0024
20.03.2019 01:55:05.342 GMT+0100,2826.23,2825.57,0.0013,0.0024
20.03.2019 01:55:24.190 GMT+0100,2825.93,2825.57,0.0005,0.0001
20.03.2019 01:55:24.241 GMT+0100,2825.93,2825.27,0.0005,0.0022
20.03.2019 01:55:25.772 GMT+0100,2825.931,2825.57,0.0012,0.0022
20.03.2019 01:55:25.822 GMT+0100,2826.23,2825.57,0.0005,0.0022
20.03.2019 01:55:28.479 GMT+0100,2825.93,2825.27,0.0003,0.0001
20.03.2019 01:55:29.411 GMT+0100,2825.93,2825.5690000000004,0.0003,0.0022
20.03.2019 01:55:29.461 GMT+0100,2826.23,2825.57,0.0003,0.0001
20.03.2019 01:55:34.563 GMT+0100,2825.93,2825.57,0.0005,0.0001
20.03.2019 01:55:34.613 GMT+0100,2825.93,2825.27,0.0005,0.0022
20.03.2019 01:55:35.616 GMT+0100,2825.931,2825.5690000000004,0.0012,0.0022
20.03.2019 01:55:35.667 GMT+0100,2826.23,2825.57,0.0008,0.0001
20.03.2019 01:55:36.275 GMT+0100,2825.93,2825.57,0.0005,0.0001
20.03.2019 01:55:36.326 GMT+0100,2825.93,2825.27,0.0039,0.0025
20.03.2019 01:55:38.901 GMT+0100,2825.93,2825.57,0.0012,0.0022
20.03.2019 01:55:38.951 GMT+0100,2826.23,2825.57,0.0039,0.0025
20.03.2019 01:55:57.700 GMT+0100,2825.931,2825.57,0.0005,0.0002
20.03.2019 01:55:57.750 GMT+0100,2825.93,2825.27,0.0012,0.0002
20.03.2019 01:56:11.651 GMT+0100,2825.93,2825.5690000000004,0.0012,0.0022
20.03.2019 01:56:11.701 GMT+0100,2826.23,2825.57,0.0003,0.0001
20.03.2019 01:56:12.461 GMT+0100,2825.93,2825.57,0.0005,0.0001
20.03.2019 01:56:12.511 GMT+0100,2825.93,2825.27,0.0008,0.0024
20.03.2019 01:56:28.981 GMT+0100,2825.93,2825.5690000000004,0.0003,0.0022
20.03.2019 01:56:29.050 GMT+0100,2826.23,2825.57,0.0003,0.0001
20.03.2019 01:57:09.997 GMT+0100,2825.93,2825.5690000000004,0.0003,0.0024
20.03.2019 01:57:10.047 GMT+0100,2825.93,2825.27,0.0003,0.0001
20.03.2019 01:57:20.770 GMT+0100,2825.93,2825.57,0.0003,0.0022
20.03.2019 01:57:20.820 GMT+0100,2826.23,2825.57,0.0013,0.0024
20.03.2019 01:57:22.505 GMT+0100,2825.93,2825.27,0.0039,0.0025
20.03.2019 01:57:54.249 GMT+0100,2825.93,2825.5690000000004,0.0012,0.0022
20.03.2019 01:57:54.300 GMT+0100,2826.23,2825.57,0.0008,0.0001
20.03.2019 01:57:57.510 GMT+0100,2825.93,2825.57,0.0005,0.0001
20.03.2019 01:57:57.560 GMT+0100,2825.93,2825.27,0.0005,0.0022
20.03.2019 01:58:26.498 GMT+0100,2825.73,2825.2690000000002,0.0005,0.0002
20.03.2019 01:58:26.549 GMT+0100,2825.73,2825.07,0.0005,0.0022
20.03.2019 01:58:34.853 GMT+0100,2825.93,2825.27,0.0005,0.0022
20.03.2019 01:59:12.568 GMT+0100,2825.73,2825.2690000000002,0.0005,0.0002
20.03.2019 01:59:12.619 GMT+0100,2825.73,2825.07,0.0005,0.0022
20.03.2019 01:59:27.022 GMT+0100,2825.73,2825.566,0.0005,0.0001
20.03.2019 01:59:27.072 GMT+0100,2826.23,2825.57,0.0005,0.0022
20.03.2019 01:59:27.174 GMT+0100,2825.931,2825.5690000000004,0.0005,0.0002
20.03.2019 01:59:27.224 GMT+0100,2825.93,2825.27,0.0008,0.0001
20.03.2019 02:00:17.182 GMT+0100,2825.73,2825.27,0.0005,0.0001
20.03.2019 02:00:17.232 GMT+0100,2825.73,2825.07,0.0008,0.0024
20.03.2019 02:00:59.394 GMT+0100,2825.93,2825.27,0.0005,0.0022
20.03.2019 02:00:59.927 GMT+0100,2825.931,2825.4700000000003,0.0012,0.0022
20.03.2019 02:00:59.977 GMT+0100,2826.13,2825.4700000000003,0.0008,0.0024
20.03.2019 02:01:00.088 GMT+0100,2825.93,2825.4700000000003,0.0005,0.0001
20.03.2019 02:01:00.138 GMT+0100,2825.93,2825.27,0.0008,0.0024
20.03.2019 02:01:01.737 GMT+0100,2826.23,2825.57,0.0008,0.0001
20.03.2019 02:01:45.657 GMT+0100,2825.93,2825.27,0.0003,0.0001
20.03.2019 02:01:58.049 GMT+0100,2825.93,2825.57,0.0003,0.0022
20.03.2019 02:01:58.100 GMT+0100,2826.23,2825.57,0.0039,0.0025
20.03.2019 02:03:35.557 GMT+0100,2826.431,2825.7690000000002,0.0022,0.0022
20.03.2019 02:03:35.664 GMT+0100,2826.43,2825.77,0.0008,0.0001
20.03.2019 02:04:32.130 GMT+0100,2826.43,2826.0690000000004,0.0008,0.0022
20.03.2019 02:04:32.180 GMT+0100,2826.73,2826.07,0.0008,0.0001
20.03.2019 02:05:00.574 GMT+0100,2826.431,2826.07,0.0005,0.0001
20.03.2019 02:05:00.625 GMT+0100,2826.43,2825.77,0.0013,0.0002
20.03.2019 02:05:11.696 GMT+0100,2826.2309999999998,2825.5690000000004,0.0039,0.0025
20.03.2019 02:05:24.621 GMT+0100,2825.931,2825.5690000000004,0.0013,0.0022
20.03.2019 02:05:24.672 GMT+0100,2825.931,2825.2690000000002,0.0039,0.0025
20.03.2019 02:05:24.770 GMT+0100,2825.931,2825.57,0.0013,0.0022
20.03.2019 02:05:24.820 GMT+0100,2826.23,2825.57,0.0039,0.0025
20.03.2019 02:05:25.909 GMT+0100,2825.931,2825.57,0.0005,0.0002
20.03.2019 02:05:25.959 GMT+0100,2825.93,2825.27,0.0013,0.0002
20.03.2019 02:05:35.595 GMT+0100,2825.93,2825.57,0.0013,0.0022
20.03.2019 02:05:35.646 GMT+0100,2826.23,2825.57,0.001,0.0024
20.03.2019 02:05:39.225 GMT+0100,2825.93,2825.27,0.0039,0.0025
20.03.2019 02:05:59.097 GMT+0100,2825.93,2825.5690000000004,0.0013,0.0022
20.03.2019 02:05:59.148 GMT+0100,2826.2309999999998,2825.5690000000004,0.0039,0.0025
20.03.2019 02:06:39.817 GMT+0100,2826.131,2825.5690000000004,0.0005,0.0024
20.03.2019 02:06:39.868 GMT+0100,2826.131,2825.4690000000005,0.0039,0.0025
20.03.2019 02:06:39.919 GMT+0100,2825.93,2825.4690000000005,0.0005,0.0002
20.03.2019 02:06:39.970 GMT+0100,2825.93,2825.27,0.0013,0.0024
20.03.2019 02:06:55.631 GMT+0100,2825.73,2825.27,0.0005,0.0001
20.03.2019 02:06:55.682 GMT+0100,2825.73,2825.07,0.0013,0.0024
20.03.2019 02:07:16.122 GMT+0100,2825.73,2825.27,0.0008,0.0022
20.03.2019 02:07:16.173 GMT+0100,2825.93,2825.27,0.0013,0.0024
20.03.2019 02:07:29.570 GMT+0100,2825.73,2825.27,0.0005,0.0001
20.03.2019 02:07:29.621 GMT+0100,2825.73,2825.07,0.0005,0.0022
20.03.2019 02:08:23.625 GMT+0100,2825.43,2825.0690000000004,0.0005,0.0002
20.03.2019 02:08:23.675 GMT+0100,2825.43,2824.77,0.0005,0.0022
20.03.2019 02:08:24.193 GMT+0100,2825.431,2825.0690000000004,0.0013,0.0022
20.03.2019 02:08:24.244 GMT+0100,2825.7309999999998,2825.0690000000004,0.0039,0.0025
20.03.2019 02:08:27.621 GMT+0100,2825.631,2825.0690000000004,0.0005,0.0002
20.03.2019 02:08:27.671 GMT+0100,2825.63,2824.9700000000003,0.0005,0.0001
20.03.2019 02:08:27.786 GMT+0100,2825.63,2825.07,0.0005,0.0022
20.03.2019 02:08:27.837 GMT+0100,2825.73,2825.07,0.0013,0.0024
20.03.2019 02:08:29.220 GMT+0100,2825.43,2825.07,0.0005,0.0001
20.03.2019 02:08:29.270 GMT+0100,2825.43,2824.77,0.0005,0.0022
20.03.2019 02:08:53.468 GMT+0100,2825.43,2825.0690000000004,0.0005,0.0001
20.03.2019 02:08:53.519 GMT+0100,2825.73,2825.07,0.0005,0.0022
20.03.2019 02:09:08.201 GMT+0100,2825.7309999999998,2825.27,0.0013,0.0022
20.03.2019 02:09:08.252 GMT+0100,2825.93,2825.27,0.0013,0.0024
20.03.2019 02:09:46.451 GMT+0100,2825.73,2825.27,0.0005,0.0001
20.03.2019 02:09:46.501 GMT+0100,2825.73,2825.07,0.0013,0.0024
20.03.2019 02:09:53.682 GMT+0100,2825.93,2825.27,0.0005,0.0001
20.03.2019 02:10:22.030 GMT+0100,2825.73,2825.27,0.0005,0.0001
20.03.2019 02:10:22.104 GMT+0100,2825.73,2825.07,0.001,0.0024
20.03.2019 02:10:26.064 GMT+0100,2825.93,2825.27,0.0039,0.0025
20.03.2019 02:10:26.809 GMT+0100,2825.73,2825.27,0.0005,0.0002
20.03.2019 02:10:26.876 GMT+0100,2825.73,2825.07,0.0013,0.0024
20.03.2019 02:10:27.268 GMT+0100,2825.73,2825.2690000000002,0.0008,0.0022
20.03.2019 02:10:27.319 GMT+0100,2825.93,2825.27,0.0013,0.0002
20.03.2019 02:10:28.619 GMT+0100,2825.7309999999998,2825.27,0.0005,0.0002
20.03.2019 02:10:28.670 GMT+0100,2825.7309999999998,2825.0690000000004,0.0039,0.0025
20.03.2019 02:10:40.313 GMT+0100,2825.7309999999998,2825.2690000000002,0.0013,0.0022
20.03.2019 02:10:40.363 GMT+0100,2825.93,2825.27,0.0005,0.0001
20.03.2019 02:11:21.956 GMT+0100,2825.7309999999998,2825.27,0.0005,0.0001
20.03.2019 02:11:22.006 GMT+0100,2825.73,2825.07,0.0013,0.0002
20.03.2019 02:12:06.868 GMT+0100,2825.63,2825.07,0.0005,0.0002
20.03.2019 02:12:06.942 GMT+0100,2825.63,2824.9700000000003,0.0039,0.0025
20.03.2019 02:12:07.495 GMT+0100,2825.431,2824.9700000000003,0.0005,0.0002
20.03.2019 02:12:07.546 GMT+0100,2825.43,2824.77,0.0005,0.0001
20.03.2019 02:13:00.904 GMT+0100,2825.23,2824.77,0.0005,0.0001
20.03.2019 02:13:00.954 GMT+0100,2825.23,2824.57,0.0005,0.0022
20.03.2019 02:13:05.477 GMT+0100,2825.2309999999998,2824.7690000000002,0.0013,0.0022
20.03.2019 02:13:05.527 GMT+0100,2825.43,2824.77,0.0008,0.0001
20.03.2019 02:13:07.951 GMT+0100,2825.23,2824.77,0.0005,0.0001
20.03.2019 02:13:08.002 GMT+0100,2825.23,2824.57,0.001,0.0024
20.03.2019 02:13:09.597 GMT+0100,2824.93,2824.27,0.0013,0.0002
20.03.2019 02:13:24.385 GMT+0100,2824.93,2824.57,0.0013,0.0022
20.03.2019 02:13:24.436 GMT+0100,2825.23,2824.57,0.0005,0.0022
20.03.2019 02:13:58.939 GMT+0100,2825.2309999999998,2824.77,0.0013,0.0022
20.03.2019 02:13:58.989 GMT+0100,2825.43,2824.77,0.0039,0.0025
20.03.2019 02:13:59.100 GMT+0100,2825.23,2824.77,0.0005,0.0002
20.03.2019 02:13:59.150 GMT+0100,2825.23,2824.57,0.0013,0.0024
20.03.2019 02:15:02.219 GMT+0100,2824.931,2824.57,0.0005,0.0001
20.03.2019 02:15:02.270 GMT+0100,2824.93,2824.27,0.0013,0.0002
20.03.2019 02:15:12.783 GMT+0100,2824.73,2824.27,0.0005,0.0002
20.03.2019 02:15:12.833 GMT+0100,2824.73,2824.07,0.0013,0.0024
20.03.2019 02:15:24.611 GMT+0100,2824.73,2824.27,0.0013,0.0001
20.03.2019 02:15:24.662 GMT+0100,2824.93,2824.27,0.0039,0.0025
20.03.2019 02:15:29.617 GMT+0100,2824.73,2824.27,0.0005,0.0002
20.03.2019 02:15:29.668 GMT+0100,2824.73,2824.07,0.0013,0.0024
20.03.2019 02:17:00.881 GMT+0100,2824.43,2823.77,0.0013,0.0003
20.03.2019 02:17:21.418 GMT+0100,2824.43,2824.07,0.0013,0.0022
20.03.2019 02:17:21.469 GMT+0100,2824.73,2824.07,0.0005,0.0022
20.03.2019 02:19:47.126 GMT+0100,2824.7309999999998,2824.2690000000002,0.0008,0.0022
20.03.2019 02:19:47.207 GMT+0100,2824.931,2824.2690000000002,0.0039,0.0025
20.03.2019 02:21:32.897 GMT+0100,2824.7309999999998,2824.2690000000002,0.0005,0.0001
20.03.2019 02:21:32.948 GMT+0100,2824.73,2824.07,0.0005,0.0001
20.03.2019 02:21:42.853 GMT+0100,2824.43,2823.77,0.0008,0.0001
20.03.2019 02:21:43.300 GMT+0100,2824.43,2823.9700000000003,0.0008,0.0001
20.03.2019 02:21:43.351 GMT+0100,2824.63,2823.9700000000003,0.0013,0.0003
20.03.2019 02:21:44.342 GMT+0100,2824.43,2823.9700000000003,0.001,0.0001
20.03.2019 02:21:44.395 GMT+0100,2824.43,2823.77,0.0039,0.0025
20.03.2019 02:22:07.924 GMT+0100,2823.934,2823.77,0.0005,0.0003
20.03.2019 02:22:07.974 GMT+0100,2823.93,2823.27,0.0013,0.0003
20.03.2019 02:22:22.117 GMT+0100,2823.73,2823.27,0.0005,0.0001
20.03.2019 02:22:22.168 GMT+0100,2823.73,2823.07,0.0005,0.0022
20.03.2019 02:22:43.190 GMT+0100,2823.7309999999998,2823.2690000000002,0.0013,0.0022
20.03.2019 02:22:43.241 GMT+0100,2823.93,2823.27,0.0008,0.0001
20.03.2019 02:22:56.236 GMT+0100,2823.73,2823.27,0.0005,0.0001
20.03.2019 02:22:56.287 GMT+0100,2823.73,2823.07,0.0005,0.0022
20.03.2019 02:24:05.899 GMT+0100,2823.431,2823.0690000000004,0.0005,0.0001
20.03.2019 02:24:05.949 GMT+0100,2823.43,2822.77,0.0008,0.0001
20.03.2019 02:24:22.769 GMT+0100,2823.43,2823.07,0.0008,0.0022
20.03.2019 02:24:22.819 GMT+0100,2823.73,2823.07,0.0005,0.0022
20.03.2019 02:24:24.679 GMT+0100,2823.7309999999998,2823.2690000000002,0.0013,0.0022
20.03.2019 02:24:24.739 GMT+0100,2823.931,2823.2690000000002,0.0039,0.0025
20.03.2019 02:24:30.429 GMT+0100,2823.931,2823.57,0.0013,0.0022
20.03.2019 02:24:30.479 GMT+0100,2824.23,2823.57,0.001,0.0024
20.03.2019 02:24:34.956 GMT+0100,2824.23,2823.7690000000002,0.0005,0.0022
20.03.2019 02:24:35.006 GMT+0100,2824.43,2823.77,0.0013,0.0003
20.03.2019 02:24:50.098 GMT+0100,2824.43,2824.0690000000004,0.0013,0.0022
20.03.2019 02:24:50.148 GMT+0100,2824.73,2824.07,0.0005,0.0001
20.03.2019 02:25:46.613 GMT+0100,2824.73,2824.27,0.0005,0.0022
20.03.2019 02:25:46.663 GMT+0100,2824.93,2824.27,0.0039,0.0025
20.03.2019 02:25:58.330 GMT+0100,2824.93,2824.57,0.0013,0.0022
20.03.2019 02:25:58.381 GMT+0100,2825.23,2824.57,0.001,0.0024
20.03.2019 02:26:07.836 GMT+0100,2824.931,2824.57,0.0005,0.0001
20.03.2019 02:26:07.886 GMT+0100,2824.931,2824.2690000000002,0.0039,0.0025
20.03.2019 02:26:07.992 GMT+0100,2824.931,2824.5690000000004,0.0013,0.0022
20.03.2019 02:26:08.042 GMT+0100,2825.23,2824.57,0.0005,0.0001
20.03.2019 02:26:21.518 GMT+0100,2824.93,2824.57,0.0005,0.0001
20.03.2019 02:26:21.568 GMT+0100,2824.93,2824.27,0.001,0.0024
20.03.2019 02:26:40.218 GMT+0100,2824.7309999999998,2824.27,0.0005,0.0001
20.03.2019 02:26:40.269 GMT+0100,2824.73,2824.07,0.0008,0.0001
20.03.2019 02:26:42.526 GMT+0100,2824.7309999999998,2824.2690000000002,0.001,0.0001
20.03.2019 02:26:42.576 GMT+0100,2824.93,2824.27,0.001,0.0024
20.03.2019 02:26:42.655 GMT+0100,2824.7309999999998,2824.27,0.0005,0.0001
20.03.2019 02:26:42.706 GMT+0100,2824.73,2824.07,0.0008,0.0001
20.03.2019 02:26:53.626 GMT+0100,2824.93,2824.27,0.0005,0.0001
20.03.2019 02:26:59.635 GMT+0100,2824.73,2824.27,0.0005,0.0001
20.03.2019 02:26:59.686 GMT+0100,2824.73,2824.07,0.0005,0.0022
20.03.2019 02:27:11.033 GMT+0100,2824.43,2824.07,0.0005,0.0022
20.03.2019 02:27:11.084 GMT+0100,2824.43,2823.77,0.001,0.0024
20.03.2019 02:27:57.367 GMT+0100,2824.2309999999998,2823.77,0.0005,0.0001
20.03.2019 02:27:57.418 GMT+0100,2824.23,2823.57,0.0013,0.0003
20.03.2019 02:28:04.862 GMT+0100,2823.93,2823.57,0.0005,0.0003
20.03.2019 02:28:04.913 GMT+0100,2823.93,2823.27,0.0039,0.0025
20.03.2019 02:28:55.007 GMT+0100,2823.73,2823.07,0.0013,0.0003
20.03.2019 02:29:02.183 GMT+0100,2823.43,2823.07,0.0005,0.0003
20.03.2019 02:29:02.234 GMT+0100,2823.43,2822.77,0.0039,0.0025
20.03.2019 02:29:03.093 GMT+0100,2823.23,2822.77,0.0005,0.0003
20.03.2019 02:29:03.143 GMT+0100,2823.23,2822.57,0.0013,0.0024
20.03.2019 02:29:11.234 GMT+0100,2823.43,2822.765,0.0039,0.0025
20.03.2019 02:29:17.571 GMT+0100,2823.2309999999998,2822.77,0.0005,0.0003
20.03.2019 02:29:17.621 GMT+0100,2823.23,2822.57,0.0008,0.0001
20.03.2019 02:29:18.225 GMT+0100,2823.23,2822.7690000000002,0.0008,0.0001
20.03.2019 02:29:18.275 GMT+0100,2823.43,2822.77,0.0013,0.0024
20.03.2019 02:29:30.741 GMT+0100,2823.43,2823.0690000000004,0.0008,0.0022
20.03.2019 02:29:30.791 GMT+0100,2823.7309999999998,2823.0690000000004,0.0039,0.0025
20.03.2019 02:29:31.277 GMT+0100,2823.431,2823.0690000000004,0.0005,0.0003
20.03.2019 02:29:31.328 GMT+0100,2823.43,2822.77,0.0013,0.0003
20.03.2019 02:29:31.737 GMT+0100,2823.43,2823.0690000000004,0.0013,0.0022
20.03.2019 02:29:31.787 GMT+0100,2823.73,2823.07,0.0013,0.0003
20.03.2019 02:29:42.335 GMT+0100,2823.73,2823.27,0.0013,0.0022
20.03.2019 02:29:42.386 GMT+0100,2823.93,2823.27,0.0005,0.0022
20.03.2019 02:29:43.253 GMT+0100,2823.73,2823.2690000000002,0.0005,0.0003
20.03.2019 02:29:43.304 GMT+0100,2823.73,2823.07,0.0005,0.0022
20.03.2019 02:29:51.034 GMT+0100,2823.73,2823.2690000000002,0.0005,0.0001
20.03.2019 02:29:51.085 GMT+0100,2823.93,2823.27,0.0008,0.0001
20.03.2019 02:30:01.817 GMT+0100,2823.73,2823.27,0.0005,0.0001
20.03.2019 02:30:01.867 GMT+0100,2823.73,2823.07,0.001,0.0024
20.03.2019 02:30:03.526 GMT+0100,2823.431,2823.07,0.0005,0.0001
20.03.2019 02:30:03.577 GMT+0100,2823.431,2822.7690000000002,0.0039,0.0025
20.03.2019 02:30:10.705 GMT+0100,2823.23,2822.7690000000002,0.0005,0.0003
20.03.2019 02:30:10.756 GMT+0100,2823.23,2822.57,0.001,0.0024
20.03.2019 02:30:10.868 GMT+0100,2823.23,2822.7690000000002,0.0005,0.0022
20.03.2019 02:30:10.936 GMT+0100,2823.43,2822.77,0.0005,0.0001
20.03.2019 02:30:13.075 GMT+0100,2823.2309999999998,2822.77,0.0008,0.0001
20.03.2019 02:30:13.125 GMT+0100,2823.23,2822.57,0.0005,0.0001
20.03.2019 02:30:14.147 GMT+0100,2823.23,2822.765,0.0005,0.0022
20.03.2019 02:30:14.198 GMT+0100,2823.43,2822.7690000000002,0.0013,0.0001
20.03.2019 02:30:31.375 GMT+0100,2823.2309999999998,2822.5690000000004,0.0022,0.0022
20.03.2019 02:30:40.913 GMT+0100,2823.431,2822.7690000000002,0.0039,0.0025
20.03.2019 02:30:41.475 GMT+0100,2823.2309999999998,2822.7690000000002,0.0005,0.0003
20.03.2019 02:30:41.525 GMT+0100,2823.2309999999998,2822.5690000000004,0.0039,0.0025
20.03.2019 02:30:45.915 GMT+0100,2822.931,2822.5690000000004,0.0005,0.0003
20.03.2019 02:30:45.965 GMT+0100,2822.93,2822.27,0.0005,0.0001
20.03.2019 02:30:47.240 GMT+0100,2822.93,2822.57,0.0005,0.0022
20.03.2019 02:30:47.290 GMT+0100,2823.23,2822.57,0.0005,0.0022
20.03.2019 02:30:51.070 GMT+0100,2822.931,2822.5690000000004,0.0005,0.0003
20.03.2019 02:30:51.121 GMT+0100,2822.93,2822.27,0.0013,0.0003
20.03.2019 02:30:58.250 GMT+0100,2822.83,2822.27,0.0005,0.0003
20.03.2019 02:30:58.300 GMT+0100,2822.83,2822.17,0.0005,0.0022
20.03.2019 02:30:58.639 GMT+0100,2822.8309999999997,2822.27,0.0013,0.0022
20.03.2019 02:30:58.690 GMT+0100,2822.93,2822.27,0.001,0.0024
20.03.2019 02:30:59.111 GMT+0100,2822.73,2822.07,0.0013,0.0024
20.03.2019 02:31:12.205 GMT+0100,2822.73,2822.27,0.0008,0.0022
20.03.2019 02:31:12.256 GMT+0100,2822.93,2822.27,0.0013,0.0024
20.03.2019 02:31:24.841 GMT+0100,2822.93,2822.57,0.0008,0.0022
20.03.2019 02:31:24.892 GMT+0100,2823.23,2822.57,0.001,0.0024
20.03.2019 02:31:31.949 GMT+0100,2823.23,2822.77,0.0005,0.0022
20.03.2019 02:31:31.999 GMT+0100,2823.43,2822.77,0.0013,0.0024
20.03.2019 02:31:32.437 GMT+0100,2823.2309999999998,2822.77,0.0005,0.0001
20.03.2019 02:31:32.488 GMT+0100,2823.2309999999998,2822.5690000000004,0.0039,0.0025
20.03.2019 02:31:33.002 GMT+0100,2823.2309999999998,2822.77,0.0013,0.0022
20.03.2019 02:31:33.052 GMT+0100,2823.43,2822.77,0.001,0.0024
20.03.2019 02:31:53.567 GMT+0100,2823.23,2822.57,0.0005,0.0001
20.03.2019 02:31:55.069 GMT+0100,2823.2309999999998,2822.7690000000002,0.0013,0.0001
20.03.2019 02:31:55.120 GMT+0100,2823.43,2822.77,0.0008,0.0001
20.03.2019 02:32:31.883 GMT+0100,2823.2309999999998,2822.77,0.0005,0.0001
20.03.2019 02:32:31.934 GMT+0100,2823.2309999999998,2822.5690000000004,0.0039,0.0025
20.03.2019 02:32:32.050 GMT+0100,2823.2309999999998,2822.7690000000002,0.0013,0.0022
20.03.2019 02:32:32.130 GMT+0100,2823.43,2822.77,0.0008,0.0001
20.03.2019 02:32:56.942 GMT+0100,2823.43,2823.0690000000004,0.0008,0.0022
20.03.2019 02:32:57.028 GMT+0100,2823.7309999999998,2823.0690000000004,0.0039,0.0025
20.03.2019 02:33:09.513 GMT+0100,2823.431,2823.0690000000004,0.0005,0.0003
20.03.2019 02:33:09.563 GMT+0100,2823.43,2822.77,0.0013,0.0003
20.03.2019 02:33:57.589 GMT+0100,2823.43,2823.07,0.0005,0.0022
20.03.2019 02:33:57.639 GMT+0100,2823.73,2823.07,0.0005,0.0022
20.03.2019 02:33:58.640 GMT+0100,2823.431,2823.0690000000004,0.0005,0.0003
20.03.2019 02:33:58.690 GMT+0100,2823.431,2822.7690000000002,0.0039,0.0025
20.03.2019 02:34:03.337 GMT+0100,2823.2309999999998,2822.7690000000002,0.0005,0.0003
20.03.2019 02:34:03.387 GMT+0100,2823.2309999999998,2822.5690000000004,0.0039,0.0025
20.03.2019 02:34:04.385 GMT+0100,2823.2309999999998,2822.7690000000002,0.0013,0.0022
20.03.2019 02:34:04.436 GMT+0100,2823.43,2822.77,0.0008,0.0001
20.03.2019 02:34:06.898 GMT+0100,2823.2309999999998,2822.77,0.0005,0.0001
20.03.2019 02:34:06.949 GMT+0100,2823.23,2822.57,0.0005,0.0001
20.03.2019 02:34:07.894 GMT+0100,2823.23,2822.6690000000003,0.0005,0.0022
20.03.2019 02:34:07.944 GMT+0100,2823.33,2822.67,0.0005,0.0001
20.03.2019 02:34:08.448 GMT+0100,2823.33,2822.7690000000002,0.0005,0.0022
20.03.2019 02:34:08.498 GMT+0100,2823.43,2822.77,0.0005,0.0001
20.03.2019 02:34:14.434 GMT+0100,2823.23,2822.57,0.0013,0.0003
20.03.2019 02:34:14.770 GMT+0100,2823.23,2822.77,0.0013,0.0022
20.03.2019 02:34:14.821 GMT+0100,2823.43,2822.77,0.0039,0.0025
20.03.2019 02:34:17.890 GMT+0100,2823.2309999999998,2822.77,0.0005,0.0003
20.03.2019 02:34:17.972 GMT+0100,2823.23,2822.57,0.0008,0.0001
20.03.2019 02:34:18.723 GMT+0100,2823.23,2822.77,0.0008,0.0022
20.03.2019 02:34:18.773 GMT+0100,2823.43,2822.77,0.0013,0.0024
20.03.2019 02:34:51.393 GMT+0100,2823.43,2823.07,0.0008,0.0022
20.03.2019 02:34:51.443 GMT+0100,2823.73,2823.07,0.001,0.0024
20.03.2019 02:34:54.153 GMT+0100,2823.431,2823.07,0.0005,0.0001
20.03.2019 02:34:54.204 GMT+0100,2823.43,2822.77,0.0008,0.0001
20.03.2019 02:35:05.443 GMT+0100,2823.23,2822.77,0.0005,0.0001
20.03.2019 02:35:05.558 GMT+0100,2823.23,2822.57,0.001,0.0024
20.03.2019 02:35:06.730 GMT+0100,2822.93,2822.57,0.0008,0.0024
20.03.2019 02:35:06.781 GMT+0100,2822.93,2822.27,0.0039,0.0025
20.03.2019 02:35:15.574 GMT+0100,2822.93,2822.57,0.0005,0.0001
20.03.2019 02:35:15.624 GMT+0100,2823.23,2822.57,0.0005,0.0001
20.03.2019 02:35:20.644 GMT+0100,2822.931,2822.57,0.0005,0.0001
20.03.2019 02:35:20.694 GMT+0100,2822.93,2822.27,0.0008,0.0001
20.03.2019 02:35:35.324 GMT+0100,2822.93,2822.57,0.0008,0.0022
20.03.2019 02:35:35.374 GMT+0100,2823.23,2822.57,0.0013,0.0024
20.03.2019 02:35:37.358 GMT+0100,2823.23,2822.77,0.0008,0.0022
20.03.2019 02:35:37.409 GMT+0100,2823.43,2822.77,0.0039,0.0025
20.03.2019 02:35:39.812 GMT+0100,2823.2309999999998,2822.77,0.0005,0.0003
20.03.2019 02:35:39.862 GMT+0100,2823.23,2822.57,0.0008,0.0001
20.03.2019 02:35:43.210 GMT+0100,2823.43,2822.77,0.0008,0.0001
20.03.2019 02:35:50.220 GMT+0100,2823.2309999999998,2822.77,0.0005,0.0001
20.03.2019 02:35:50.270 GMT+0100,2823.23,2822.57,0.0008,0.0001
20.03.2019 02:35:50.980 GMT+0100,2823.23,2822.77,0.0008,0.0022
20.03.2019 02:35:51.030 GMT+0100,2823.43,2822.77,0.0039,0.0025
20.03.2019 02:36:08.153 GMT+0100,2823.23,2822.57,0.0005,0.0001
20.03.2019 02:36:08.720 GMT+0100,2823.23,2822.77,0.0005,0.0001
20.03.2019 02:36:08.770 GMT+0100,2823.43,2822.77,0.0008,0.0001
20.03.2019 02:36:35.755 GMT+0100,2823.23,2822.77,0.0005,0.0001
20.03.2019 02:36:35.806 GMT+0100,2823.23,2822.57,0.0039,0.0025
20.03.2019 02:37:04.799 GMT+0100,2823.43,2822.77,0.0013,0.0024
20.03.2019 02:37:08.318 GMT+0100,2823.23,2822.77,0.0005,0.0001
20.03.2019 02:37:08.368 GMT+0100,2823.23,2822.57,0.0005,0.0022
20.03.2019 02:37:15.097 GMT+0100,2823.2309999999998,2822.7690000000002,0.0013,0.0022
20.03.2019 02:37:15.148 GMT+0100,2823.43,2822.77,0.0013,0.0003
20.03.2019 02:37:18.789 GMT+0100,2823.23,2822.77,0.0005,0.0003
20.03.2019 02:37:18.840 GMT+0100,2823.23,2822.57,0.001,0.0024
20.03.2019 02:37:33.733 GMT+0100,2823.23,2822.7690000000002,0.0005,0.0022
20.03.2019 02:37:33.783 GMT+0100,2823.431,2822.7690000000002,0.0039,0.0025
20.03.2019 02:37:37.736 GMT+0100,2823.2309999999998,2822.7690000000002,0.0005,0.0003
20.03.2019 02:37:37.787 GMT+0100,2823.2309999999998,2822.5690000000004,0.0039,0.0025
20.03.2019 02:37:43.702 GMT+0100,2823.2309999999998,2822.77,0.0013,0.0022
20.03.2019 02:37:43.753 GMT+0100,2823.43,2822.77,0.0039,0.0025
20.03.2019 02:37:46.784 GMT+0100,2823.23,2822.77,0.0005,0.0003
20.03.2019 02:37:46.834 GMT+0100,2823.23,2822.57,0.0013,0.0024
20.03.2019 02:37:48.500 GMT+0100,2823.23,2822.6690000000003,0.0008,0.0022
20.03.2019 02:37:48.550 GMT+0100,2823.33,2822.67,0.0005,0.0001
20.03.2019 02:37:48.660 GMT+0100,2823.33,2822.77,0.0005,0.0022
20.03.2019 02:37:48.749 GMT+0100,2823.43,2822.77,0.0039,0.0025
20.03.2019 02:37:48.821 GMT+0100,2823.2309999999998,2822.77,0.0005,0.0003
20.03.2019 02:37:48.872 GMT+0100,2823.23,2822.57,0.0013,0.0003
20.03.2019 02:37:55.278 GMT+0100,2822.93,2822.57,0.0005,0.0003
20.03.2019 02:37:55.328 GMT+0100,2822.93,2822.27,0.0013,0.0024
20.03.2019 02:38:05.010 GMT+0100,2822.93,2822.5690000000004,0.0008,0.0022
20.03.2019 02:38:05.060 GMT+0100,2823.2309999999998,2822.5690000000004,0.0039,0.0025
20.03.2019 02:38:11.321 GMT+0100,2823.2309999999998,2822.77,0.001,0.0001
20.03.2019 02:38:11.372 GMT+0100,2823.43,2822.77,0.0013,0.0024
20.03.2019 02:38:11.992 GMT+0100,2823.23,2822.77,0.0005,0.0001
20.03.2019 02:38:12.043 GMT+0100,2823.23,2822.57,0.0005,0.0022
20.03.2019 02:38:12.536 GMT+0100,2823.23,2822.77,0.0005,0.0001
20.03.2019 02:38:12.587 GMT+0100,2823.43,2822.77,0.001,0.0024
20.03.2019 02:38:13.446 GMT+0100,2823.23,2822.77,0.0005,0.0001
20.03.2019 02:38:13.497 GMT+0100,2823.23,2822.57,0.0013,0.0024
20.03.2019 02:38:13.902 GMT+0100,2822.93,2822.57,0.0008,0.0022
20.03.2019 02:38:13.953 GMT+0100,2822.93,2822.27,0.0013,0.0024
20.03.2019 02:38:21.815 GMT+0100,2822.73,2822.27,0.0005,0.0001
20.03.2019 02:38:21.866 GMT+0100,2822.73,2822.07,0.0005,0.0022
20.03.2019 02:39:24.767 GMT+0100,2822.7309999999998,2822.2690000000002,0.0008,0.0022
20.03.2019 02:39:24.818 GMT+0100,2822.93,2822.27,0.0008,0.0001
20.03.2019 02:39:26.233 GMT+0100,2822.73,2822.2690000000002,0.0008,0.0024
20.03.2019 02:39:26.283 GMT+0100,2822.73,2822.07,0.0039,0.0025
20.03.2019 02:39:48.653 GMT+0100,2822.73,2822.27,0.0013,0.0022
20.03.2019 02:39:48.712 GMT+0100,2822.93,2822.27,0.0015,0.0024
20.03.2019 02:39:55.488 GMT+0100,2822.7309999999998,2822.27,0.0007,0.0001
20.03.2019 02:39:55.538 GMT+0100,2822.73,2822.07,0.0013,0.0003
20.03.2019 02:40:05.272 GMT+0100,2822.431,2822.07,0.0007,0.0003
20.03.2019 02:40:05.323 GMT+0100,2822.431,2821.7690000000002,0.0039,0.0025
20.03.2019 02:40:13.376 GMT+0100,2822.431,2822.0690000000004,0.0013,0.0022
20.03.2019 02:40:13.427 GMT+0100,2822.7309999999998,2822.0690000000004,0.0039,0.0025
20.03.2019 02:40:30.306 GMT+0100,2822.43,2822.0690000000004,0.0007,0.0003
20.03.2019 02:40:30.356 GMT+0100,2822.43,2821.77,0.0015,0.0024
20.03.2019 02:40:45.466 GMT+0100,2822.43,2822.07,0.0008,0.0022
20.03.2019 02:40:45.517 GMT+0100,2822.73,2822.07,0.0015,0.0024
20.03.2019 02:40:46.425 GMT+0100,2822.43,2822.07,0.0007,0.0001
20.03.2019 02:40:46.475 GMT+0100,2822.43,2821.77,0.0012,0.0024
20.03.2019 02:40:52.071 GMT+0100,2822.43,2822.0690000000004,0.0005,0.0022
20.03.2019 02:40:52.122 GMT+0100,2822.73,2822.07,0.0013,0.0003
20.03.2019 02:41:06.277 GMT+0100,2822.73,2822.27,0.0013,0.0022
20.03.2019 02:41:06.328 GMT+0100,2822.93,2822.27,0.0039,0.0025
20.03.2019 02:41:09.768 GMT+0100,2822.73,2822.27,0.0007,0.0003
20.03.2019 02:41:09.818 GMT+0100,2822.73,2822.07,0.0039,0.0025
20.03.2019 02:41:09.931 GMT+0100,2822.73,2822.27,0.0013,0.0022
20.03.2019 02:41:09.982 GMT+0100,2822.93,2822.27,0.0015,0.0024
20.03.2019 02:41:10.797 GMT+0100,2822.7309999999998,2822.27,0.0007,0.0001
20.03.2019 02:41:10.847 GMT+0100,2822.73,2822.07,0.0013,0.0003
20.03.2019 02:41:12.236 GMT+0100,2822.73,2822.27,0.0013,0.0022
20.03.2019 02:41:12.286 GMT+0100,2822.93,2822.27,0.0015,0.0024
20.03.2019 02:43:03.310 GMT+0100,2822.93,2822.5690000000004,0.0008,0.0022
20.03.2019 02:43:03.361 GMT+0100,2823.23,2822.57,0.0008,0.0001
20.03.2019 02:43:04.489 GMT+0100,2822.931,2822.57,0.0007,0.0001
20.03.2019 02:43:04.539 GMT+0100,2822.93,2822.27,0.0013,0.0003
20.03.2019 02:43:07.769 GMT+0100,2822.93,2822.57,0.0013,0.0022
20.03.2019 02:43:07.819 GMT+0100,2823.23,2822.57,0.0015,0.0024
20.03.2019 02:43:46.298 GMT+0100,2823.23,2822.7690000000002,0.0007,0.0001
20.03.2019 02:43:46.349 GMT+0100,2823.431,2822.7690000000002,0.0039,0.0025
20.03.2019 02:43:51.841 GMT+0100,2823.431,2823.0690000000004,0.0007,0.0003
20.03.2019 02:43:51.891 GMT+0100,2823.7309999999998,2823.0690000000004,0.0039,0.0025
20.03.2019 02:44:39.836 GMT+0100,2823.7309999999998,2823.2690000000002,0.0013,0.0022
20.03.2019 02:44:39.886 GMT+0100,2823.93,2823.27,0.0008,0.0001
20.03.2019 02:45:01.338 GMT+0100,2823.93,2823.57,0.0008,0.0022
20.03.2019 02:45:01.389 GMT+0100,2824.23,2823.57,0.0007,0.0022
20.03.2019 02:45:03.312 GMT+0100,2823.93,2823.5690000000004,0.0007,0.0003
20.03.2019 02:45:03.362 GMT+0100,2823.93,2823.27,0.0007,0.0022
20.03.2019 02:45:03.473 GMT+0100,2823.931,2823.5690000000004,0.0013,0.0022
20.03.2019 02:45:03.523 GMT+0100,2824.23,2823.57,0.0005,0.0001
20.03.2019 02:45:10.365 GMT+0100,2824.43,2823.77,0.0039,0.0025
20.03.2019 02:45:26.771 GMT+0100,2824.43,2824.0690000000004,0.0013,0.0022
20.03.2019 02:45:26.822 GMT+0100,2824.7309999999998,2824.0690000000004,0.0039,0.0025
20.03.2019 02:45:28.779 GMT+0100,2824.431,2824.0690000000004,0.0007,0.0003
20.03.2019 02:45:28.829 GMT+0100,2824.43,2823.77,0.0013,0.0003
20.03.2019 02:45:29.716 GMT+0100,2824.431,2824.07,0.0007,0.0001
20.03.2019 02:45:29.766 GMT+0100,2824.73,2824.07,0.0008,0.0001
20.03.2019 02:45:41.790 GMT+0100,2824.431,2824.07,0.0007,0.0001
20.03.2019 02:45:41.840 GMT+0100,2824.431,2823.7690000000002,0.0039,0.0025
20.03.2019 02:45:56.020 GMT+0100,2824.23,2823.7690000000002,0.0007,0.0003
20.03.2019 02:45:56.071 GMT+0100,2824.23,2823.57,0.0012,0.0024
20.03.2019 02:46:01.864 GMT+0100,2824.23,2823.77,0.0005,0.0022
20.03.2019 02:46:01.914 GMT+0100,2824.43,2823.77,0.0007,0.0022
20.03.2019 02:46:06.037 GMT+0100,2824.2309999999998,2823.7690000000002,0.0007,0.0003
20.03.2019 02:46:06.087 GMT+0100,2824.2309999999998,2823.5690000000004,0.0039,0.0025
20.03.2019 02:46:09.614 GMT+0100,2824.2309999999998,2823.77,0.0013,0.0022
20.03.2019 02:46:09.665 GMT+0100,2824.43,2823.77,0.0007,0.0022
20.03.2019 02:46:23.209 GMT+0100,2824.73,2824.07,0.0007,0.0022
20.03.2019 02:46:24.065 GMT+0100,2824.431,2824.0690000000004,0.0007,0.0003
20.03.2019 02:46:24.115 GMT+0100,2824.43,2823.77,0.0005,0.0001
20.03.2019 02:46:44.158 GMT+0100,2824.43,2824.0690000000004,0.0005,0.0022
20.03.2019 02:46:44.208 GMT+0100,2824.73,2824.07,0.0013,0.0003
20.03.2019 02:46:44.885 GMT+0100,2824.43,2824.07,0.0007,0.0003
20.03.2019 02:46:44.935 GMT+0100,2824.43,2823.77,0.0012,0.0024
20.03.2019 02:47:01.987 GMT+0100,2824.23,2823.77,0.0007,0.0001
20.03.2019 02:47:02.037 GMT+0100,2824.23,2823.57,0.0039,0.0025
20.03.2019 02:47:02.937 GMT+0100,2824.23,2823.77,0.0013,0.0022
20.03.2019 02:47:03.041 GMT+0100,2824.43,2823.77,0.0039,0.0025
20.03.2019 02:47:12.313 GMT+0100,2824.2309999999998,2823.77,0.0007,0.0003
20.03.2019 02:47:12.363 GMT+0100,2824.2309999999998,2823.5690000000004,0.0039,0.0025
20.03.2019 02:47:27.675 GMT+0100,2823.931,2823.5690000000004,0.0007,0.0003
20.03.2019 02:47:27.725 GMT+0100,2823.93,2823.27,0.0005,0.0001
20.03.2019 02:47:27.835 GMT+0100,2823.93,2823.5690000000004,0.0005,0.0022
20.03.2019 02:47:27.885 GMT+0100,2824.2309999999998,2823.5690000000004,0.0039,0.0025
20.03.2019 02:47:29.454 GMT+0100,2823.931,2823.5690000000004,0.0008,0.0024
20.03.2019 02:47:29.504 GMT+0100,2823.931,2823.2690000000002,0.0039,0.0025
20.03.2019 02:47:52.728 GMT+0100,2823.931,2823.4690000000005,0.0013,0.0022
20.03.2019 02:47:52.779 GMT+0100,2824.13,2823.4700000000003,0.0005,0.0001
20.03.2019 02:47:53.310 GMT+0100,2824.2309999999998,2823.5690000000004,0.0039,0.0025
20.03.2019 02:47:54.009 GMT+0100,2823.93,2823.27,0.0039,0.0025
20.03.2019 02:47:59.956 GMT+0100,2823.73,2823.07,0.0012,0.0024
20.03.2019 02:48:01.086 GMT+0100,2823.73,2823.27,0.0005,0.0022
20.03.2019 02:48:01.136 GMT+0100,2823.93,2823.27,0.0039,0.0025
20.03.2019 02:48:20.518 GMT+0100,2823.93,2823.57,0.0013,0.0022
20.03.2019 02:48:20.568 GMT+0100,2824.23,2823.57,0.0039,0.0025
20.03.2019 02:48:46.762 GMT+0100,2824.23,2823.77,0.0012,0.0001
20.03.2019 02:48:46.812 GMT+0100,2824.43,2823.77,0.0013,0.0003
20.03.2019 02:48:57.231 GMT+0100,2824.43,2824.0690000000004,0.0013,0.0022
20.03.2019 02:48:57.281 GMT+0100,2824.7309999999998,2824.0690000000004,0.0039,0.0025
20.03.2019 02:48:59.600 GMT+0100,2824.43,2824.0690000000004,0.0007,0.0003
20.03.2019 02:48:59.651 GMT+0100,2824.43,2823.77,0.0007,0.0022
20.03.2019 02:49:06.570 GMT+0100,2824.2309999999998,2823.7690000000002,0.0007,0.0003
20.03.2019 02:49:06.621 GMT+0100,2824.23,2823.57,0.0008,0.0001
20.03.2019 02:49:07.014 GMT+0100,2824.23,2823.77,0.0008,0.0022
20.03.2019 02:49:07.065 GMT+0100,2824.43,2823.77,0.0039,0.0025
20.03.2019 02:49:10.429 GMT+0100,2824.2309999999998,2823.77,0.0007,0.0003
20.03.2019 02:49:10.479 GMT+0100,2824.23,2823.57,0.0008,0.0001
20.03.2019 02:49:13.411 GMT+0100,2824.23,2823.77,0.0008,0.0022
20.03.2019 02:49:13.461 GMT+0100,2824.43,2823.77,0.0039,0.0025
20.03.2019 02:49:35.982 GMT+0100,2824.43,2824.0690000000004,0.0013,0.0022
20.03.2019 02:49:36.033 GMT+0100,2824.73,2824.07,0.0013,0.0003
20.03.2019 02:49:37.583 GMT+0100,2824.431,2824.07,0.0007,0.0003
20.03.2019 02:49:37.633 GMT+0100,2824.43,2823.77,0.0013,0.0003
20.03.2019 02:49:37.741 GMT+0100,2824.43,2824.07,0.0013,0.0022
20.03.2019 02:49:37.791 GMT+0100,2824.73,2824.07,0.0015,0.0024
20.03.2019 02:49:42.585 GMT+0100,2824.431,2824.07,0.0007,0.0001
20.03.2019 02:49:42.636 GMT+0100,2824.43,2823.77,0.0013,0.0003
20.03.2019 02:51:01.811 GMT+0100,2824.2309999999998,2823.77,0.0007,0.0001
20.03.2019 02:51:01.862 GMT+0100,2824.23,2823.57,0.0008,0.0001
20.03.2019 02:51:32.647 GMT+0100,2824.23,2823.77,0.0008,0.0022
20.03.2019 02:51:32.697 GMT+0100,2824.43,2823.77,0.0039,0.0025
20.03.2019 02:51:48.335 GMT+0100,2824.43,2824.07,0.0013,0.0022
20.03.2019 02:51:48.385 GMT+0100,2824.73,2824.07,0.0007,0.0022
20.03.2019 02:51:51.137 GMT+0100,2824.43,2823.77,0.0013,0.0003
20.03.2019 02:52:16.944 GMT+0100,2824.43,2823.9700000000003,0.0013,0.0022
20.03.2019 02:52:16.995 GMT+0100,2824.63,2823.9700000000003,0.0012,0.0024
20.03.2019 02:52:17.106 GMT+0100,2824.431,2823.9700000000003,0.0007,0.0001
20.03.2019 02:52:17.157 GMT+0100,2824.43,2823.77,0.0013,0.0003
20.03.2019 02:52:18.686 GMT+0100,2824.43,2824.07,0.0013,0.0022
20.03.2019 02:52:18.769 GMT+0100,2824.73,2824.07,0.0007,0.0022
20.03.2019 02:52:27.078 GMT+0100,2824.431,2824.0690000000004,0.0007,0.0003
20.03.2019 02:52:27.128 GMT+0100,2824.431,2823.7690000000002,0.0039,0.0025
20.03.2019 02:53:19.503 GMT+0100,2824.2309999999998,2823.7690000000002,0.0007,0.0003
20.03.2019 02:53:19.554 GMT+0100,2824.23,2823.57,0.0008,0.0001
20.03.2019 02:53:24.925 GMT+0100,2824.23,2823.77,0.0008,0.0022
20.03.2019 02:53:24.975 GMT+0100,2824.43,2823.77,0.0015,0.0024
20.03.2019 02:53:44.374 GMT+0100,2824.2309999999998,2823.77,0.0007,0.0001
20.03.2019 02:53:44.424 GMT+0100,2824.23,2823.57,0.0005,0.0001
20.03.2019 02:54:33.845 GMT+0100,2824.23,2823.77,0.0005,0.0022
20.03.2019 02:54:33.896 GMT+0100,2824.43,2823.77,0.0015,0.0024
20.03.2019 02:55:20.700 GMT+0100,2824.43,2824.07,0.0008,0.0022
20.03.2019 02:55:20.750 GMT+0100,2824.73,2824.07,0.0039,0.0025
20.03.2019 02:55:42.981 GMT+0100,2824.73,2824.27,0.0013,0.0022
20.03.2019 02:55:43.031 GMT+0100,2824.93,2824.27,0.0039,0.0025
20.03.2019 02:55:45.887 GMT+0100,2824.73,2824.27,0.0007,0.0003
20.03.2019 02:55:45.938 GMT+0100,2824.73,2824.07,0.0015,0.0024
20.03.2019 02:56:04.461 GMT+0100,2824.43,2824.07,0.0007,0.0001
20.03.2019 02:56:04.512 GMT+0100,2824.43,2823.77,0.0012,0.0024
20.03.2019 02:56:05.036 GMT+0100,2824.43,2824.07,0.0005,0.0022
20.03.2019 02:56:05.087 GMT+0100,2824.73,2824.07,0.0039,0.0025
20.03.2019 02:56:11.428 GMT+0100,2824.43,2824.07,0.0007,0.0003
20.03.2019 02:56:11.478 GMT+0100,2824.43,2823.77,0.0007,0.0022
20.03.2019 02:56:55.501 GMT+0100,2824.431,2824.0690000000004,0.0013,0.0022
20.03.2019 02:56:55.552 GMT+0100,2824.7309999999998,2824.0690000000004,0.0039,0.0025
20.03.2019 02:56:57.205 GMT+0100,2824.431,2824.0690000000004,0.0007,0.0003
20.03.2019 02:56:57.256 GMT+0100,2824.43,2823.77,0.0008,0.0001
20.03.2019 02:56:59.938 GMT+0100,2824.43,2824.0690000000004,0.0008,0.0022
20.03.2019 02:56:59.988 GMT+0100,2824.73,2824.07,0.0005,0.0001
20.03.2019 02:57:00.097 GMT+0100,2824.431,2824.07,0.0007,0.0001
20.03.2019 02:57:00.148 GMT+0100,2824.431,2823.7690000000002,0.0039,0.0025
20.03.2019 02:58:14.301 GMT+0100,2824.431,2824.07,0.0008,0.0022
20.03.2019 02:58:14.352 GMT+0100,2824.73,2824.07,0.0039,0.0025
20.03.2019 02:59:07.251 GMT+0100,2824.431,2824.07,0.0007,0.0003
20.03.2019 02:59:07.301 GMT+0100,2824.431,2823.7690000000002,0.0039,0.0025
20.03.2019 02:59:31.749 GMT+0100,2824.23,2823.57,0.0008,0.0001
20.03.2019 02:59:49.510 GMT+0100,2824.23,2823.77,0.0008,0.0022
20.03.2019 02:59:49.560 GMT+0100,2824.43,2823.77,0.0039,0.0025
20.03.2019 02:59:54.814 GMT+0100,2824.23,2823.77,0.0007,0.0003
20.03.2019 02:59:54.864 GMT+0100,2824.23,2823.57,0.0012,0.0024
20.03.2019 03:00:04.250 GMT+0100,2824.23,2823.7690000000002,0.0005,0.0022
20.03.2019 03:00:04.300 GMT+0100,2824.431,2823.7690000000002,0.0039,0.0025
20.03.2019 03:00:21.118 GMT+0100,2824.431,2824.07,0.0008,0.0022
20.03.2019 03:00:21.197 GMT+0100,2824.73,2824.07,0.0012,0.0024
20.03.2019 03:00:41.025 GMT+0100,2824.73,2824.2690000000002,0.0005,0.0022
20.03.2019 03:00:41.075 GMT+0100,2824.93,2824.27,0.0013,0.0003
20.03.2019 03:01:13.283 GMT+0100,2824.93,2824.5690000000004,0.0013,0.0022
20.03.2019 03:01:13.333 GMT+0100,2825.23,2824.57,0.0013,0.0003
20.03.2019 03:01:25.488 GMT+0100,2825.23,2824.77,0.0013,0.0022
20.03.2019 03:01:25.548 GMT+0100,2825.43,2824.77,0.0012,0.0024
20.03.2019 03:01:26.056 GMT+0100,2825.43,2825.0690000000004,0.0005,0.0022
20.03.2019 03:01:26.137 GMT+0100,2825.73,2825.07,0.0013,0.0003
20.03.2019 03:01:27.974 GMT+0100,2825.43,2824.77,0.0007,0.0022
20.03.2019 03:01:32.414 GMT+0100,2825.431,2825.07,0.0013,0.0022
20.03.2019 03:01:32.464 GMT+0100,2825.73,2825.07,0.0007,0.0022
20.03.2019 03:01:39.842 GMT+0100,2825.43,2825.0690000000004,0.0007,0.0003
20.03.2019 03:01:39.892 GMT+0100,2825.43,2824.77,0.0015,0.0024
20.03.2019 03:01:40.691 GMT+0100,2825.43,2824.9690000000005,0.0008,0.0022
20.03.2019 03:01:40.742 GMT+0100,2825.63,2824.9700000000003,0.0013,0.0003
20.03.2019 03:01:41.602 GMT+0100,2825.73,2825.07,0.0008,0.0001
20.03.2019 03:02:28.057 GMT+0100,2825.73,2825.27,0.0008,0.0022
20.03.2019 03:02:28.108 GMT+0100,2825.93,2825.27,0.0012,0.0024
20.03.2019 03:03:06.275 GMT+0100,2825.73,2825.27,0.0007,0.0001
20.03.2019 03:03:06.326 GMT+0100,2825.73,2825.07,0.0007,0.0022
20.03.2019 03:03:28.850 GMT+0100,2825.93,2825.27,0.0012,0.0024
20.03.2019 03:03:46.477 GMT+0100,2825.73,2825.27,0.0007,0.0001
20.03.2019 03:03:46.528 GMT+0100,2825.73,2825.07,0.0007,0.0022
20.03.2019 03:03:47.561 GMT+0100,2825.7309999999998,2825.27,0.0013,0.0022
20.03.2019 03:03:47.611 GMT+0100,2825.93,2825.27,0.0039,0.0025
20.03.2019 03:03:47.942 GMT+0100,2825.73,2825.27,0.0007,0.0003
20.03.2019 03:03:47.992 GMT+0100,2825.73,2825.07,0.0039,0.0025
20.03.2019 03:06:09.332 GMT+0100,2825.431,2825.07,0.0007,0.0001
20.03.2019 03:06:09.382 GMT+0100,2825.43,2824.77,0.0005,0.0001
20.03.2019 03:06:21.636 GMT+0100,2825.23,2824.77,0.0007,0.0001
20.03.2019 03:06:21.687 GMT+0100,2825.23,2824.57,0.0012,0.0024
20.03.2019 03:06:21.960 GMT+0100,2825.23,2824.77,0.0005,0.0022
20.03.2019 03:06:22.011 GMT+0100,2825.43,2824.77,0.0007,0.0022
20.03.2019 03:06:33.556 GMT+0100,2825.23,2824.7690000000002,0.0007,0.0003
20.03.2019 03:06:33.607 GMT+0100,2825.23,2824.57,0.0007,0.0022
20.03.2019 03:06:34.949 GMT+0100,2825.43,2824.77,0.0012,0.0024
20.03.2019 03:07:09.540 GMT+0100,2825.2309999999998,2824.77,0.0007,0.0001
20.03.2019 03:07:09.591 GMT+0100,2825.2309999999998,2824.5690000000004,0.0039,0.0025
20.03.2019 03:07:57.435 GMT+0100,2824.93,2824.5690000000004,0.0007,0.0003
20.03.2019 03:07:57.486 GMT+0100,2824.93,2824.27,0.0015,0.0024
20.03.2019 03:07:57.597 GMT+0100,2824.93,2824.57,0.0008,0.0022
20.03.2019 03:07:57.647 GMT+0100,2825.23,2824.57,0.0015,0.0024
20.03.2019 03:08:35.149 GMT+0100,2825.23,2824.7690000000002,0.0008,0.0022
20.03.2019 03:08:35.200 GMT+0100,2825.43,2824.77,0.0008,0.0001
20.03.2019 03:08:41.287 GMT+0100,2825.33,2824.77,0.0007,0.0001
20.03.2019 03:08:41.338 GMT+0100,2825.33,2824.67,0.0012,0.0024
20.03.2019 03:08:42.165 GMT+0100,2825.23,2824.67,0.0007,0.0001
20.03.2019 03:08:42.216 GMT+0100,2825.23,2824.57,0.0015,0.0024
20.03.2019 03:08:43.580 GMT+0100,2825.23,2824.7690000000002,0.0008,0.0022
20.03.2019 03:08:43.630 GMT+0100,2825.43,2824.77,0.0005,0.0001
20.03.2019 03:08:44.064 GMT+0100,2825.23,2824.57,0.0015,0.0024
20.03.2019 03:08:44.864 GMT+0100,2825.23,2824.77,0.0008,0.0022
20.03.2019 03:08:44.914 GMT+0100,2825.43,2824.77,0.0007,0.0022
20.03.2019 03:08:53.527 GMT+0100,2825.2309999999998,2824.7690000000002,0.0007,0.0003
20.03.2019 03:08:53.577 GMT+0100,2825.2309999999998,2824.5690000000004,0.0039,0.0025
20.03.2019 03:08:56.124 GMT+0100,2825.2309999999998,2824.77,0.0013,0.0022
20.03.2019 03:08:56.174 GMT+0100,2825.43,2824.77,0.0012,0.0024
20.03.2019 03:08:58.863 GMT+0100,2825.2309999999998,2824.77,0.0007,0.0001
20.03.2019 03:08:58.913 GMT+0100,2825.23,2824.57,0.0005,0.0001
20.03.2019 03:09:58.895 GMT+0100,2825.2309999999998,2824.5690000000004,0.0031,0.0024
20.03.2019 03:10:58.850 GMT+0100,2825.2309999999998,2824.7690000000002,0.0008,0.0022
20.03.2019 03:10:58.900 GMT+0100,2825.43,2824.77,0.0013,0.0003
20.03.2019 03:11:16.091 GMT+0100,2825.2309999999998,2824.77,0.0007,0.0003
20.03.2019 03:11:16.141 GMT+0100,2825.23,2824.57,0.0005,0.0001
20.03.2019 03:11:32.147 GMT+0100,2825.23,2824.77,0.0005,0.0022
20.03.2019 03:11:32.197 GMT+0100,2825.43,2824.77,0.0039,0.0025
20.03.2019 03:11:32.309 GMT+0100,2825.2309999999998,2824.77,0.0007,0.0003
20.03.2019 03:11:32.359 GMT+0100,2825.2309999999998,2824.5690000000004,0.0039,0.0025
20.03.2019 03:11:36.658 GMT+0100,2825.43,2824.77,0.0005,0.0001
20.03.2019 03:11:42.147 GMT+0100,2825.2309999999998,2824.77,0.0007,0.0001
20.03.2019 03:11:42.198 GMT+0100,2825.23,2824.57,0.0008,0.0001
20.03.2019 03:11:42.722 GMT+0100,2825.23,2824.7690000000002,0.0008,0.0022
20.03.2019 03:11:42.772 GMT+0100,2825.43,2824.77,0.0005,0.0001
20.03.2019 03:11:43.259 GMT+0100,2825.23,2824.77,0.0007,0.0001
20.03.2019 03:11:43.309 GMT+0100,2825.23,2824.57,0.0012,0.0024
20.03.2019 03:11:43.775 GMT+0100,2825.23,2824.67,0.0005,0.0022
20.03.2019 03:11:43.825 GMT+0100,2825.33,2824.67,0.0015,0.0024
20.03.2019 03:11:43.975 GMT+0100,2825.23,2824.57,0.0007,0.0022
20.03.2019 03:11:46.064 GMT+0100,2825.2309999999998,2824.77,0.0013,0.0022
20.03.2019 03:11:46.114 GMT+0100,2825.43,2824.77,0.0007,0.0022
20.03.2019 03:12:36.925 GMT+0100,2825.431,2825.0690000000004,0.0013,0.0022
20.03.2019 03:12:36.976 GMT+0100,2825.73,2825.07,0.0013,0.0003
20.03.2019 03:13:25.569 GMT+0100,2825.73,2825.27,0.0013,0.0022
20.03.2019 03:13:25.620 GMT+0100,2825.93,2825.27,0.0007,0.0022
20.03.2019 03:13:28.064 GMT+0100,2825.73,2825.2690000000002,0.0007,0.0003
20.03.2019 03:13:28.114 GMT+0100,2825.73,2825.07,0.0007,0.0022
20.03.2019 03:13:39.016 GMT+0100,2825.7309999999998,2825.27,0.0013,0.0022
20.03.2019 03:13:39.067 GMT+0100,2825.93,2825.27,0.0012,0.0024
20.03.2019 03:13:42.810 GMT+0100,2825.8309999999997,2825.27,0.0007,0.0001
20.03.2019 03:13:42.861 GMT+0100,2825.83,2825.17,0.0008,0.0001
20.03.2019 03:13:44.764 GMT+0100,2825.73,2825.17,0.0007,0.0001
20.03.2019 03:13:44.815 GMT+0100,2825.73,2825.07,0.0015,0.0024
20.03.2019 03:14:31.761 GMT+0100,2825.73,2825.2690000000002,0.0008,0.0022
20.03.2019 03:14:31.812 GMT+0100,2825.93,2825.27,0.0005,0.0001
20.03.2019 03:14:32.436 GMT+0100,2825.7309999999998,2825.27,0.0007,0.0001
20.03.2019 03:14:32.487 GMT+0100,2825.73,2825.07,0.0013,0.0003
20.03.2019 03:14:59.214 GMT+0100,2825.73,2825.2690000000002,0.0013,0.0022
20.03.2019 03:14:59.264 GMT+0100,2825.93,2825.27,0.0005,0.0001
20.03.2019 03:15:13.831 GMT+0100,2825.7309999999998,2825.27,0.0007,0.0001
20.03.2019 03:15:13.882 GMT+0100,2825.7309999999998,2825.0690000000004,0.0039,0.0025
20.03.2019 03:15:14.163 GMT+0100,2825.7309999999998,2825.2690000000002,0.0013,0.0022
20.03.2019 03:15:14.214 GMT+0100,2825.93,2825.27,0.0008,0.0001
20.03.2019 03:15:15.426 GMT+0100,2825.7309999999998,2825.27,0.0007,0.0001
20.03.2019 03:15:15.476 GMT+0100,2825.7309999999998,2825.0690000000004,0.0039,0.0025
20.03.2019 03:15:38.677 GMT+0100,2825.7309999999998,2825.2690000000002,0.0013,0.0022
20.03.2019 03:15:38.727 GMT+0100,2825.931,2825.2690000000002,0.0039,0.0025
20.03.2019 03:16:07.936 GMT+0100,2825.931,2825.5690000000004,0.0013,0.0022
20.03.2019 03:16:07.986 GMT+0100,2826.23,2825.57,0.0013,0.0003
20.03.2019 03:16:36.556 GMT+0100,2826.23,2825.77,0.0013,0.0022
20.03.2019 03:16:36.607 GMT+0100,2826.43,2825.77,0.0007,0.0022
20.03.2019 03:16:42.843 GMT+0100,2826.23,2825.7690000000002,0.0007,0.0003
20.03.2019 03:16:42.893 GMT+0100,2826.23,2825.57,0.0039,0.0025
20.03.2019 03:17:34.032 GMT+0100,2826.23,2825.77,0.0013,0.0022
20.03.2019 03:17:34.082 GMT+0100,2826.43,2825.77,0.0039,0.0025
20.03.2019 03:17:43.311 GMT+0100,2826.23,2825.77,0.0007,0.0003
20.03.2019 03:17:43.375 GMT+0100,2826.23,2825.57,0.0007,0.0022
20.03.2019 03:17:49.462 GMT+0100,2826.2309999999998,2825.7690000000002,0.0013,0.0022
20.03.2019 03:17:49.512 GMT+0100,2826.43,2825.77,0.0008,0.0001
20.03.2019 03:20:43.906 GMT+0100,2826.2309999999998,2825.77,0.0007,0.0001
20.03.2019 03:20:43.957 GMT+0100,2826.23,2825.57,0.0008,0.0001
20.03.2019 03:22:57.556 GMT+0100,2826.23,2825.77,0.0008,0.0022
20.03.2019 03:22:57.606 GMT+0100,2826.43,2825.77,0.0012,0.0024
20.03.2019 03:23:05.139 GMT+0100,2826.43,2826.0690000000004,0.0005,0.0022
20.03.2019 03:23:05.190 GMT+0100,2826.73,2826.07,0.0013,0.0003
20.03.2019 03:23:05.301 GMT+0100,2826.431,2826.07,0.0007,0.0003
20.03.2019 03:23:05.352 GMT+0100,2826.43,2825.77,0.0005,0.0001
20.03.2019 03:23:05.462 GMT+0100,2826.43,2826.0690000000004,0.0005,0.0022
20.03.2019 03:23:05.512 GMT+0100,2826.7309999999998,2826.0690000000004,0.0039,0.0025
20.03.2019 03:24:13.282 GMT+0100,2826.43,2825.77,0.0015,0.0024
20.03.2019 03:24:26.719 GMT+0100,2826.43,2826.0690000000004,0.0008,0.0022
20.03.2019 03:24:26.770 GMT+0100,2826.73,2826.07,0.0008,0.0001
20.03.2019 03:25:18.116 GMT+0100,2826.73,2826.27,0.0008,0.0022
20.03.2019 03:25:18.167 GMT+0100,2826.93,2826.27,0.0039,0.0025
20.03.2019 03:25:22.595 GMT+0100,2826.93,2826.5690000000004,0.0013,0.0022
20.03.2019 03:25:22.646 GMT+0100,2827.23,2826.57,0.0005,0.0001
20.03.2019 03:25:28.532 GMT+0100,2826.931,2826.57,0.0007,0.0001
20.03.2019 03:25:28.582 GMT+0100,2826.93,2826.27,0.0013,0.0003
20.03.2019 03:25:42.184 GMT+0100,2826.93,2826.57,0.0013,0.0022
20.03.2019 03:25:42.234 GMT+0100,2827.23,2826.57,0.0015,0.0024
20.03.2019 03:26:04.172 GMT+0100,2826.93,2826.57,0.0007,0.0001
20.03.2019 03:26:04.222 GMT+0100,2826.93,2826.27,0.0007,0.0022
20.03.2019 03:26:12.241 GMT+0100,2826.931,2826.57,0.0013,0.0022
20.03.2019 03:26:12.292 GMT+0100,2827.23,2826.57,0.0012,0.0024
20.03.2019 03:26:51.669 GMT+0100,2827.43,2826.77,0.0005,0.0001
20.03.2019 03:26:57.819 GMT+0100,2827.431,2826.7690000000002,0.0031,0.0024
20.03.2019 03:27:01.813 GMT+0100,2827.431,2826.9690000000005,0.0008,0.0022
20.03.2019 03:27:01.863 GMT+0100,2827.63,2826.9700000000003,0.0013,0.0003
20.03.2019 03:27:01.970 GMT+0100,2827.63,2827.0690000000004,0.0013,0.0022
20.03.2019 03:27:02.021 GMT+0100,2827.73,2827.07,0.0013,0.0003
20.03.2019 03:27:57.830 GMT+0100,2827.43,2827.07,0.0007,0.0003
20.03.2019 03:27:57.881 GMT+0100,2827.43,2826.77,0.0007,0.0022
20.03.2019 03:28:27.102 GMT+0100,2827.23,2826.7690000000002,0.0007,0.0003
20.03.2019 03:28:27.153 GMT+0100,2827.23,2826.57,0.0039,0.0025
20.03.2019 03:28:39.020 GMT+0100,2827.23,2826.7690000000002,0.0013,0.0022
20.03.2019 03:28:39.070 GMT+0100,2827.43,2826.77,0.0005,0.0001
20.03.2019 03:29:27.515 GMT+0100,2827.23,2826.77,0.0007,0.0001
20.03.2019 03:29:27.565 GMT+0100,2827.23,2826.57,0.0012,0.0024
20.03.2019 03:29:30.650 GMT+0100,2827.23,2826.7690000000002,0.0005,0.0022
20.03.2019 03:29:30.739 GMT+0100,2827.43,2826.77,0.0013,0.0003
20.03.2019 03:30:18.658 GMT+0100,2827.43,2827.0690000000004,0.0013,0.0022
20.03.2019 03:30:18.709 GMT+0100,2827.73,2827.07,0.0013,0.0003
20.03.2019 03:30:53.529 GMT+0100,2827.43,2826.77,0.0039,0.0025
20.03.2019 03:31:24.505 GMT+0100,2827.43,2827.0690000000004,0.0013,0.0022
20.03.2019 03:31:24.555 GMT+0100,2827.73,2827.07,0.0005,0.0001
20.03.2019 03:31:26.083 GMT+0100,2827.431,2827.07,0.0007,0.0001
20.03.2019 03:31:26.133 GMT+0100,2827.43,2826.77,0.0005,0.0001
20.03.2019 03:31:42.299 GMT+0100,2827.43,2827.0690000000004,0.0005,0.0022
20.03.2019 03:31:42.349 GMT+0100,2827.73,2827.07,0.0013,0.0003
20.03.2019 03:31:46.616 GMT+0100,2827.43,2827.07,0.0007,0.0003
20.03.2019 03:31:46.666 GMT+0100,2827.43,2826.77,0.0039,0.0025
20.03.2019 03:31:48.134 GMT+0100,2827.43,2827.07,0.0013,0.0022
20.03.2019 03:31:48.185 GMT+0100,2827.73,2827.07,0.0012,0.0024
20.03.2019 03:31:49.894 GMT+0100,2827.431,2827.07,0.0007,0.0001
20.03.2019 03:31:49.944 GMT+0100,2827.43,2826.77,0.0013,0.0003
20.03.2019 03:31:51.394 GMT+0100,2827.43,2827.0690000000004,0.0013,0.0022
20.03.2019 03:31:51.444 GMT+0100,2827.7309999999998,2827.0690000000004,0.0039,0.0025
20.03.2019 03:31:52.394 GMT+0100,2827.431,2827.0690000000004,0.0007,0.0003
20.03.2019 03:31:52.445 GMT+0100,2827.43,2826.77,0.0008,0.0001
20.03.2019 03:31:53.568 GMT+0100,2827.43,2827.0690000000004,0.0008,0.0022
20.03.2019 03:31:53.619 GMT+0100,2827.73,2827.07,0.0005,0.0001
20.03.2019 03:31:54.295 GMT+0100,2827.63,2827.07,0.0007,0.0001
20.03.2019 03:31:54.345 GMT+0100,2827.63,2826.9700000000003,0.0007,0.0022
20.03.2019 03:31:54.455 GMT+0100,2827.631,2827.07,0.0013,0.0022
20.03.2019 03:31:54.505 GMT+0100,2827.73,2827.07,0.0015,0.0024
20.03.2019 03:32:52.255 GMT+0100,2827.73,2827.1690000000003,0.0008,0.0022
20.03.2019 03:32:52.306 GMT+0100,2827.83,2827.17,0.0013,0.0003
20.03.2019 03:32:52.843 GMT+0100,2827.73,2827.07,0.0013,0.0003
20.03.2019 03:33:24.768 GMT+0100,2827.73,2827.2690000000002,0.0013,0.0022
20.03.2019 03:33:24.818 GMT+0100,2827.93,2827.27,0.0013,0.0003
20.03.2019 03:33:47.871 GMT+0100,2827.7309999999998,2827.27,0.0007,0.0003
20.03.2019 03:33:47.922 GMT+0100,2827.7309999999998,2827.0690000000004,0.0039,0.0025
20.03.2019 03:33:48.032 GMT+0100,2827.7309999999998,2827.2690000000002,0.0013,0.0022
20.03.2019 03:33:48.082 GMT+0100,2827.93,2827.27,0.0008,0.0001
20.03.2019 03:34:29.709 GMT+0100,2827.73,2827.27,0.0007,0.0001
20.03.2019 03:34:29.759 GMT+0100,2827.73,2827.07,0.0012,0.0024
20.03.2019 03:34:52.206 GMT+0100,2827.93,2827.27,0.0007,0.0022
20.03.2019 03:35:14.884 GMT+0100,2827.7309999999998,2827.2690000000002,0.0007,0.0003
20.03.2019 03:35:14.934 GMT+0100,2827.73,2827.07,0.0008,0.0001
20.03.2019 03:35:18.088 GMT+0100,2827.7309999999998,2827.2690000000002,0.0005,0.0024
20.03.2019 03:35:18.139 GMT+0100,2827.93,2827.27,0.0005,0.0001
20.03.2019 03:35:26.902 GMT+0100,2827.73,2827.27,0.0007,0.0001
20.03.2019 03:35:26.952 GMT+0100,2827.73,2827.07,0.0007,0.0022
20.03.2019 03:35:32.657 GMT+0100,2827.7309999999998,2827.27,0.0013,0.0022
20.03.2019 03:35:32.707 GMT+0100,2827.93,2827.27,0.0039,0.0025
20.03.2019 03:35:44.228 GMT+0100,2827.73,2827.07,0.0007,0.0022
20.03.2019 03:35:46.222 GMT+0100,2827.7309999999998,2827.27,0.0013,0.0022
20.03.2019 03:35:46.273 GMT+0100,2827.93,2827.27,0.0007,0.0022
20.03.2019 03:35:47.172 GMT+0100,2827.7309999999998,2827.2690000000002,0.0007,0.0003
20.03.2019 03:35:47.223 GMT+0100,2827.7309999999998,2827.0690000000004,0.0039,0.0025
20.03.2019 03:36:22.360 GMT+0100,2827.43,2827.0690000000004,0.0007,0.0003
20.03.2019 03:36:22.411 GMT+0100,2827.43,2826.77,0.0039,0.0025
20.03.2019 03:36:54.750 GMT+0100,2827.23,2826.77,0.0007,0.0003
20.03.2019 03:36:54.801 GMT+0100,2827.23,2826.57,0.0007,0.0022
20.03.2019 03:37:27.185 GMT+0100,2827.2309999999998,2826.7690000000002,0.0013,0.0022
20.03.2019 03:37:27.235 GMT+0100,2827.431,2826.7690000000002,0.0039,0.0025
20.03.2019 03:38:03.613 GMT+0100,2827.431,2826.9700000000003,0.0013,0.0022
20.03.2019 03:38:03.663 GMT+0100,2827.63,2826.9700000000003,0.0039,0.0025
20.03.2019 03:38:03.799 GMT+0100,2827.43,2826.77,0.0012,0.0024
20.03.2019 03:38:19.056 GMT+0100,2827.23,2826.57,0.0012,0.0024
20.03.2019 03:38:40.684 GMT+0100,2826.93,2826.57,0.0007,0.0001
20.03.2019 03:38:40.734 GMT+0100,2826.93,2826.27,0.0007,0.0022
20.03.2019 03:38:55.360 GMT+0100,2826.931,2826.5690000000004,0.0013,0.0022
20.03.2019 03:38:55.411 GMT+0100,2827.23,2826.57,0.0008,0.0001
20.03.2019 03:41:15.216 GMT+0100,2827.23,2826.7690000000002,0.0008,0.0001
20.03.2019 03:41:15.267 GMT+0100,2827.431,2826.7690000000002,0.0039,0.0025
20.03.2019 03:42:10.606 GMT+0100,2827.431,2827.07,0.0013,0.0022
20.03.2019 03:42:10.657 GMT+0100,2827.73,2827.07,0.0012,0.0024
20.03.2019 03:42:16.012 GMT+0100,2827.43,2826.77,0.0005,0.0001
20.03.2019 03:42:31.835 GMT+0100,2827.431,2826.7690000000002,0.003,0.0024
20.03.2019 03:42:51.897 GMT+0100,2827.431,2827.07,0.0008,0.0022
20.03.2019 03:42:51.952 GMT+0100,2827.73,2827.07,0.0007,0.0022
20.03.2019 03:43:26.778 GMT+0100,2827.73,2827.27,0.0005,0.0022
20.03.2019 03:43:26.829 GMT+0100,2827.93,2827.27,0.0038,0.0025
20.03.2019 03:43:27.793 GMT+0100,2827.73,2827.27,0.0007,0.0003
20.03.2019 03:43:27.843 GMT+0100,2827.73,2827.07,0.0007,0.0022
20.03.2019 03:43:57.522 GMT+0100,2827.931,2827.2690000000002,0.0038,0.0025
20.03.2019 03:44:08.978 GMT+0100,2827.7309999999998,2827.2690000000002,0.0005,0.0024
20.03.2019 03:44:09.029 GMT+0100,2827.73,2827.07,0.0008,0.0001
20.03.2019 03:44:13.063 GMT+0100,2827.93,2827.27,0.0015,0.0024
20.03.2019 03:44:14.316 GMT+0100,2827.73,2827.27,0.0007,0.0001
20.03.2019 03:44:14.367 GMT+0100,2827.73,2827.07,0.0012,0.0024
20.03.2019 03:44:27.053 GMT+0100,2827.73,2827.27,0.0005,0.0022
20.03.2019 03:44:27.104 GMT+0100,2827.93,2827.27,0.0038,0.0025
20.03.2019 03:44:46.253 GMT+0100,2827.73,2827.27,0.0007,0.0003
20.03.2019 03:44:46.304 GMT+0100,2827.73,2827.07,0.0012,0.0024
20.03.2019 03:44:59.855 GMT+0100,2827.73,2827.2690000000002,0.0005,0.0022
20.03.2019 03:44:59.905 GMT+0100,2827.93,2827.27,0.0013,0.0003
20.03.2019 03:45:07.439 GMT+0100,2827.7309999999998,2827.27,0.0007,0.0003
20.03.2019 03:45:07.489 GMT+0100,2827.73,2827.07,0.0005,0.0001
20.03.2019 03:45:09.341 GMT+0100,2827.73,2827.2690000000002,0.0005,0.0022
20.03.2019 03:45:09.391 GMT+0100,2827.93,2827.27,0.0005,0.0001
20.03.2019 03:45:13.038 GMT+0100,2827.7309999999998,2827.27,0.0007,0.0001
20.03.2019 03:45:13.089 GMT+0100,2827.73,2827.07,0.0008,0.0001
20.03.2019 03:45:18.107 GMT+0100,2827.73,2827.2690000000002,0.0008,0.0022
20.03.2019 03:45:18.158 GMT+0100,2827.93,2827.27,0.0008,0.0001
20.03.2019 03:45:37.344 GMT+0100,2827.93,2827.5690000000004,0.0008,0.0022
20.03.2019 03:45:37.395 GMT+0100,2828.2309999999998,2827.5690000000004,0.0038,0.0025
20.03.2019 03:46:01.251 GMT+0100,2828.2309999999998,2827.77,0.0013,0.0022
20.03.2019 03:46:01.301 GMT+0100,2828.43,2827.77,0.0012,0.0024
20.03.2019 03:46:08.207 GMT+0100,2828.2309999999998,2827.77,0.0007,0.0001
