Local time,Ask,Bid,AskVolume,BidVolume
20.09.2017 07:05:15.336 GMT+0100,2505.91,2505.469,0,0.0014
20.09.2017 07:05:15.387 GMT+0100,2506.08,2505.51,0,0.0005
20.09.2017 07:05:15.459 GMT+0100,2505.83,2505.51,0.0001,0.0005
20.09.2017 07:05:25.501 GMT+0100,2505.83,2505.349,0.0001,0.0005
20.09.2017 07:08:16.749 GMT+0100,2505.83,2505.559,0.0001,0.0005
20.09.2017 07:08:22.850 GMT+0100,2505.83,2505.509,0.0001,0.0005
20.09.2017 07:08:41.493 GMT+0100,2505.83,2505.35,0.0001,0.0005
20.09.2017 07:11:25.050 GMT+0100,2506.11,2505.51,0.0005,0.0005
20.09.2017 07:12:04.193 GMT+0100,2505.911,2505.349,0.0005,0.0005
20.09.2017 07:14:27.252 GMT+0100,2506.08,2505.51,0.0005,0.0005
20.09.2017 07:14:29.302 GMT+0100,2505.91,2505.35,0.0005,0.0005
20.09.2017 07:14:49.522 GMT+0100,2506.03,2505.4700000000003,0.0005,0.0005
20.09.2017 07:15:00.603 GMT+0100,2505.83,2505.4700000000003,0.0001,0.0005
20.09.2017 07:15:00.654 GMT+0100,2505.83,2505.349,0.0001,0.0005
20.09.2017 07:15:22.766 GMT+0100,2505.781,2505.219,0,0.0005
20.09.2017 07:15:22.816 GMT+0100,2505.661,2505.17,0,0.0014
20.09.2017 07:15:22.931 GMT+0100,2505.6310000000003,2505.099,0.0001,0.0005
20.09.2017 07:17:20.971 GMT+0100,2505.6310000000003,2505.219,0.0001,0.0005
20.09.2017 07:17:21.096 GMT+0100,2505.831,2505.35,0.0001,0.0005
20.09.2017 07:19:40.065 GMT+0100,2505.831,2505.17,0.0001,0.0005
20.09.2017 07:19:55.245 GMT+0100,2505.831,2505.35,0.0001,0.0005
20.09.2017 07:20:10.926 GMT+0100,2505.78,2505.2200000000003,0,0.0005
20.09.2017 07:20:11.026 GMT+0100,2505.831,2505.349,0.0001,0.0005
20.09.2017 07:20:27.338 GMT+0100,2505.78,2505.2200000000003,0,0.0005
20.09.2017 07:20:27.389 GMT+0100,2505.661,2505.169,0,0.0014
20.09.2017 07:20:27.504 GMT+0100,2505.63,2505.099,0.0001,0.0005
20.09.2017 07:23:35.443 GMT+0100,2505.63,2505.259,0.0001,0.0005
20.09.2017 07:23:39.492 GMT+0100,2505.63,2505.1,0.0001,0.0005
20.09.2017 07:26:39.642 GMT+0100,2505.831,2505.259,0.0005,0.0005
20.09.2017 07:26:43.734 GMT+0100,2505.66,2505.1,0.0005,0.0005
20.09.2017 07:27:23.825 GMT+0100,2505.78,2505.2200000000003,0.0005,0.0005
20.09.2017 07:28:19.807 GMT+0100,2505.83,2505.26,0,0.0005
20.09.2017 07:28:19.929 GMT+0100,2505.63,2505.26,0.0001,0.0005
20.09.2017 07:28:34.035 GMT+0100,2505.63,2505.099,0.0001,0.0005
20.09.2017 07:29:03.422 GMT+0100,2505.63,2505.219,0.0001,0.0005
20.09.2017 07:29:03.590 GMT+0100,2505.83,2505.35,0.0001,0.0005
20.09.2017 07:29:28.818 GMT+0100,2505.78,2505.2200000000003,0,0.0005
20.09.2017 07:29:28.868 GMT+0100,2505.6310000000003,2505.2200000000003,0.0001,0.0005
20.09.2017 07:29:29.063 GMT+0100,2505.83,2505.35,0.0001,0.0005
20.09.2017 07:32:35.475 GMT+0100,2505.83,2505.51,0.0001,0.0005
20.09.2017 07:32:38.006 GMT+0100,2505.83,2505.349,0.0001,0.0005
20.09.2017 07:32:44.556 GMT+0100,2505.781,2505.219,0,0.0005
20.09.2017 07:32:44.606 GMT+0100,2505.661,2505.17,0,0.0014
20.09.2017 07:33:13.077 GMT+0100,2505.78,2505.2200000000003,0,0.0005
20.09.2017 07:33:13.127 GMT+0100,2505.6310000000003,2505.099,0.0001,0.0005
20.09.2017 07:34:44.193 GMT+0100,2505.64,2505.59,0.0001,0.0005
20.09.2017 07:34:44.243 GMT+0100,2505.911,2505.469,0,0.0014
20.09.2017 07:34:44.369 GMT+0100,2505.83,2505.349,0.0001,0.0005
20.09.2017 07:35:05.486 GMT+0100,2505.83,2505.4700000000003,0.0001,0.0005
20.09.2017 07:35:05.537 GMT+0100,2506.13,2505.6,0.0001,0.0005
20.09.2017 07:35:39.356 GMT+0100,2506.13,2505.849,0.0001,0.0005
20.09.2017 07:35:39.406 GMT+0100,2506.161,2505.669,0,0.0014
20.09.2017 07:35:39.557 GMT+0100,2506.13,2505.599,0.0001,0.0005
20.09.2017 07:38:39.824 GMT+0100,2506.13,2505.759,0.0001,0.0005
20.09.2017 07:38:45.923 GMT+0100,2506.13,2505.809,0.0001,0.0005
20.09.2017 07:38:52.029 GMT+0100,2506.13,2505.599,0.0001,0.0005
20.09.2017 07:41:44.028 GMT+0100,2506.331,2505.759,0.0005,0.0005
20.09.2017 07:41:48.079 GMT+0100,2506.16,2505.6,0.0005,0.0005
20.09.2017 07:42:00.749 GMT+0100,2506.33,2505.42,0.0005,0.0005
20.09.2017 07:42:36.197 GMT+0100,2506.16,2505.6,0.0005,0.0005
20.09.2017 07:44:48.228 GMT+0100,2506.3610000000003,2505.759,0.0005,0.0005
20.09.2017 07:44:54.328 GMT+0100,2506.41,2505.81,0.0005,0.0005
20.09.2017 07:44:55.014 GMT+0100,2506.371,2505.809,0.0005,0.0005
20.09.2017 07:45:22.635 GMT+0100,2505.83,2505.4700000000003,0.0001,0.0005
20.09.2017 07:45:22.685 GMT+0100,2506.03,2505.4700000000003,0,0.0019
20.09.2017 07:45:22.736 GMT+0100,2506.13,2505.599,0.0001,0.0005
20.09.2017 07:47:32.779 GMT+0100,2506.13,2505.719,0.0001,0.0005
20.09.2017 07:47:32.830 GMT+0100,2506.281,2505.719,0,0.0005
20.09.2017 07:47:32.880 GMT+0100,2506.33,2505.849,0.0001,0.0005
20.09.2017 07:47:58.450 GMT+0100,2506.281,2505.719,0,0.0005
20.09.2017 07:47:58.500 GMT+0100,2506.16,2505.67,0,0.0014
20.09.2017 07:47:58.618 GMT+0100,2506.13,2505.6,0.0001,0.0005
20.09.2017 07:48:32.060 GMT+0100,2506.03,2505.4700000000003,0,0.0019
20.09.2017 07:48:44.931 GMT+0100,2506.13,2505.6,0.0001,0.0005
20.09.2017 07:50:41.570 GMT+0100,2506.03,2505.4700000000003,0,0.0019
20.09.2017 07:50:41.621 GMT+0100,2505.831,2505.35,0.0001,0.0005
20.09.2017 07:53:48.114 GMT+0100,2505.831,2505.509,0.0001,0.0005
20.09.2017 07:53:59.490 GMT+0100,2505.831,2505.35,0.0001,0.0005
20.09.2017 07:53:59.556 GMT+0100,2505.78,2505.2200000000003,0,0.0005
20.09.2017 07:53:59.607 GMT+0100,2505.661,2505.169,0,0.0014
20.09.2017 07:53:59.726 GMT+0100,2505.6310000000003,2505.099,0.0001,0.0005
20.09.2017 07:54:58.926 GMT+0100,2505.6310000000003,2505.2200000000003,0.0001,0.0005
20.09.2017 07:54:59.097 GMT+0100,2505.83,2505.35,0.0001,0.0005
20.09.2017 07:58:06.638 GMT+0100,2505.83,2505.509,0.0001,0.0005
20.09.2017 07:58:08.689 GMT+0100,2505.83,2505.35,0.0001,0.0005
20.09.2017 08:00:07.114 GMT+0100,2505.78,2505.2200000000003,0.0005,0.0005
20.09.2017 08:00:07.165 GMT+0100,2505.661,2505.099,0.0005,0.0005
20.09.2017 08:00:07.278 GMT+0100,2505.63,2505.099,0.0001,0.0005
20.09.2017 08:00:14.948 GMT+0100,2505.53,2504.9700000000003,0,0.0019
20.09.2017 08:00:14.998 GMT+0100,2505.63,2505.1,0.0001,0.0005
20.09.2017 08:00:15.049 GMT+0100,2505.531,2504.9700000000003,0,0.0014
20.09.2017 08:00:15.168 GMT+0100,2505.63,2505.1,0.0001,0.0005
20.09.2017 08:00:16.018 GMT+0100,2505.41,2504.9700000000003,0,0.0014
20.09.2017 08:00:16.069 GMT+0100,2505.581,2504.989,0,0.0005
20.09.2017 08:00:16.179 GMT+0100,2505.33,2504.989,0.0001,0.0005
20.09.2017 08:00:16.733 GMT+0100,2505.33,2504.969,0.0001,0.0005
20.09.2017 08:00:16.784 GMT+0100,2505.33,2505.099,0.0001,0.0005
20.09.2017 08:00:16.901 GMT+0100,2505.6310000000003,2505.099,0.0001,0.0005
20.09.2017 08:00:39.601 GMT+0100,2505.6310000000003,2505.219,0.0001,0.0005
20.09.2017 08:00:39.768 GMT+0100,2505.83,2505.349,0.0001,0.0005
20.09.2017 08:02:20.241 GMT+0100,2505.83,2505.4700000000003,0.0001,0.0005
20.09.2017 08:02:20.292 GMT+0100,2506.13,2505.6,0.0001,0.0005
20.09.2017 08:02:43.551 GMT+0100,2506.13,2505.7200000000003,0.0001,0.0005
20.09.2017 08:02:43.662 GMT+0100,2506.28,2505.7200000000003,0,0.0005
20.09.2017 08:02:43.712 GMT+0100,2506.331,2505.789,0.0001,0.0005
20.09.2017 08:02:44.043 GMT+0100,2506.331,2505.85,0.0001,0.0005
20.09.2017 08:02:44.334 GMT+0100,2506.281,2505.719,0,0.0005
20.09.2017 08:02:44.385 GMT+0100,2506.1310000000003,2505.6,0.0001,0.0005
20.09.2017 08:03:39.081 GMT+0100,2506.1310000000003,2505.599,0.0001,0.0005
20.09.2017 08:04:01.799 GMT+0100,2506.13,2505.719,0.0001,0.0005
20.09.2017 08:04:01.966 GMT+0100,2506.33,2505.849,0.0001,0.0005
20.09.2017 08:05:18.740 GMT+0100,2506.33,2506.099,0.0001,0.0005
20.09.2017 08:05:18.902 GMT+0100,2506.6310000000003,2506.099,0.0001,0.0005
20.09.2017 08:05:22.214 GMT+0100,2506.531,2505.969,0,0.0019
20.09.2017 08:05:22.265 GMT+0100,2506.331,2505.85,0.0001,0.0005
20.09.2017 08:05:29.061 GMT+0100,2506.331,2505.9700000000003,0.0001,0.0005
20.09.2017 08:05:29.112 GMT+0100,2506.53,2505.9700000000003,0,0.0019
20.09.2017 08:05:29.163 GMT+0100,2506.63,2506.1,0.0001,0.0005
20.09.2017 08:06:38.990 GMT+0100,2506.63,2506.2200000000003,0.0001,0.0005
20.09.2017 08:06:39.040 GMT+0100,2506.73,2506.2200000000003,0.0001,0.0005
20.09.2017 08:06:39.091 GMT+0100,2506.73,2506.349,0.0001,0.0005
20.09.2017 08:06:39.142 GMT+0100,2506.73,2506.219,0.0001,0.0005
20.09.2017 08:08:11.642 GMT+0100,2506.63,2506.2200000000003,0.0001,0.0005
20.09.2017 08:08:11.692 GMT+0100,2506.661,2506.17,0,0.0014
20.09.2017 08:08:11.815 GMT+0100,2506.6310000000003,2506.099,0.0001,0.0005
20.09.2017 08:08:40.608 GMT+0100,2506.6310000000003,2506.219,0.0001,0.0005
20.09.2017 08:08:52.830 GMT+0100,2506.6310000000003,2506.1,0.0001,0.0005
20.09.2017 08:10:28.182 GMT+0100,2506.531,2505.969,0,0.0019
20.09.2017 08:10:28.232 GMT+0100,2506.6310000000003,2506.099,0.0001,0.0005
20.09.2017 08:10:28.333 GMT+0100,2506.53,2505.9700000000003,0,0.0005
20.09.2017 08:10:28.386 GMT+0100,2506.6310000000003,2506.1,0.0001,0.0005
20.09.2017 08:10:35.018 GMT+0100,2506.41,2505.969,0,0.0014
20.09.2017 08:10:35.578 GMT+0100,2506.331,2505.9700000000003,0.0001,0.0005
20.09.2017 08:10:35.628 GMT+0100,2506.53,2505.9700000000003,0,0.0005
20.09.2017 08:10:35.679 GMT+0100,2506.6310000000003,2506.1,0.0001,0.0005
20.09.2017 08:11:05.044 GMT+0100,2506.531,2505.969,0,0.0019
20.09.2017 08:11:05.095 GMT+0100,2506.33,2505.85,0.0001,0.0005
20.09.2017 08:11:13.127 GMT+0100,2506.28,2505.7200000000003,0,0.0005
20.09.2017 08:11:13.179 GMT+0100,2506.16,2505.67,0,0.0014
20.09.2017 08:11:13.290 GMT+0100,2506.1310000000003,2505.6,0.0001,0.0005
20.09.2017 08:11:15.437 GMT+0100,2506.1310000000003,2505.7200000000003,0.0001,0.0005
20.09.2017 08:11:15.601 GMT+0100,2506.33,2505.85,0.0001,0.0005
20.09.2017 08:13:06.405 GMT+0100,2506.33,2505.9700000000003,0.0001,0.0005
20.09.2017 08:13:06.462 GMT+0100,2506.33,2505.849,0.0001,0.0005
20.09.2017 08:13:06.582 GMT+0100,2506.33,2505.9700000000003,0.0001,0.0005
20.09.2017 08:13:06.683 GMT+0100,2506.6310000000003,2506.099,0.0001,0.0005
20.09.2017 08:13:21.391 GMT+0100,2506.6310000000003,2506.219,0.0001,0.0005
20.09.2017 08:13:21.442 GMT+0100,2506.83,2506.289,0.0001,0.0005
20.09.2017 08:13:21.563 GMT+0100,2506.63,2506.239,0.0001,0.0005
20.09.2017 08:13:22.463 GMT+0100,2506.63,2506.1,0.0001,0.0005
20.09.2017 08:13:29.394 GMT+0100,2506.63,2506.219,0.0001,0.0005
20.09.2017 08:13:29.562 GMT+0100,2506.83,2506.349,0.0001,0.0005
20.09.2017 08:16:00.114 GMT+0100,2506.83,2506.469,0.0001,0.0005
20.09.2017 08:16:00.466 GMT+0100,2507.1310000000003,2506.599,0.0001,0.0005
20.09.2017 08:16:01.020 GMT+0100,2507.03,2506.4700000000003,0,0.0005
20.09.2017 08:16:01.070 GMT+0100,2506.91,2506.469,0,0.0014
20.09.2017 08:16:01.121 GMT+0100,2506.83,2506.35,0.0001,0.0005
20.09.2017 08:16:44.747 GMT+0100,2506.83,2506.6,0.0001,0.0005
20.09.2017 08:16:44.982 GMT+0100,2507.13,2506.6,0.0001,0.0005
20.09.2017 08:17:46.693 GMT+0100,2507.03,2506.4700000000003,0,0.0019
20.09.2017 08:17:46.743 GMT+0100,2506.911,2506.4700000000003,0,0.0014
20.09.2017 08:17:46.794 GMT+0100,2507.081,2506.489,0,0.0005
20.09.2017 08:17:46.855 GMT+0100,2506.83,2506.489,0.0001,0.0005
20.09.2017 08:17:48.977 GMT+0100,2506.781,2506.219,0,0.0005
20.09.2017 08:17:49.028 GMT+0100,2506.83,2506.35,0.0001,0.0005
20.09.2017 08:18:00.692 GMT+0100,2506.781,2506.219,0,0.0005
20.09.2017 08:18:00.743 GMT+0100,2506.6310000000003,2506.1,0.0001,0.0005
20.09.2017 08:18:08.708 GMT+0100,2506.781,2506.219,0,0.0005
20.09.2017 08:18:08.758 GMT+0100,2506.6310000000003,2506.219,0.0001,0.0005
20.09.2017 08:18:10.959 GMT+0100,2506.831,2506.239,0.0021,0.0005
20.09.2017 08:18:11.010 GMT+0100,2506.831,2506.35,0.0001,0.0005
20.09.2017 08:18:12.458 GMT+0100,2506.66,2506.169,0,0.0014
20.09.2017 08:18:14.982 GMT+0100,2506.63,2506.219,0.0001,0.0005
20.09.2017 08:18:15.033 GMT+0100,2506.83,2506.35,0.0001,0.0005
20.09.2017 08:18:25.630 GMT+0100,2506.781,2506.219,0,0.0005
20.09.2017 08:18:25.681 GMT+0100,2506.83,2506.35,0.0001,0.0005
20.09.2017 08:18:25.731 GMT+0100,2506.781,2506.219,0,0.0005
20.09.2017 08:18:25.782 GMT+0100,2506.661,2506.17,0,0.0014
20.09.2017 08:18:25.832 GMT+0100,2506.63,2506.1,0.0001,0.0005
20.09.2017 08:18:27.789 GMT+0100,2506.63,2506.219,0.0001,0.0005
20.09.2017 08:18:27.840 GMT+0100,2506.83,2506.349,0.0001,0.0005
20.09.2017 08:21:36.861 GMT+0100,2506.83,2506.489,0.0001,0.0005
20.09.2017 08:21:37.950 GMT+0100,2506.83,2506.35,0.0001,0.0005
20.09.2017 08:22:02.158 GMT+0100,2506.83,2506.4700000000003,0.0001,0.0005
20.09.2017 08:22:02.321 GMT+0100,2507.1310000000003,2506.599,0.0001,0.0005
20.09.2017 08:25:10.372 GMT+0100,2507.1310000000003,2506.7400000000002,0.0001,0.0005
20.09.2017 08:25:14.202 GMT+0100,2507.1310000000003,2506.599,0.0001,0.0005
20.09.2017 08:26:25.263 GMT+0100,2507.1310000000003,2506.719,0.0001,0.0005
20.09.2017 08:26:31.777 GMT+0100,2507.1310000000003,2506.599,0.0001,0.0005
20.09.2017 08:28:15.711 GMT+0100,2507.331,2506.739,0.0005,0.0005
20.09.2017 08:28:17.762 GMT+0100,2507.16,2506.6,0.0005,0.0005
20.09.2017 08:28:23.378 GMT+0100,2507.3610000000003,2506.789,0.0005,0.0005
20.09.2017 08:28:34.297 GMT+0100,2507.161,2506.599,0.0005,0.0005
20.09.2017 08:30:01.664 GMT+0100,2507.03,2506.4700000000003,0.0005,0.0005
20.09.2017 08:30:43.517 GMT+0100,2506.83,2506.469,0.0001,0.0005
20.09.2017 08:30:43.880 GMT+0100,2507.1310000000003,2506.599,0.0001,0.0005
20.09.2017 08:30:46.031 GMT+0100,2507.08,2506.4900000000002,0,0.0005
20.09.2017 08:30:46.100 GMT+0100,2506.831,2506.4900000000002,0.0001,0.0005
20.09.2017 08:30:47.605 GMT+0100,2506.831,2506.4700000000003,0.0001,0.0005
20.09.2017 08:30:47.911 GMT+0100,2506.831,2506.539,0.0001,0.0005
20.09.2017 08:30:52.758 GMT+0100,2506.831,2506.4700000000003,0.0001,0.0005
20.09.2017 08:30:53.307 GMT+0100,2506.831,2506.54,0.0001,0.0005
20.09.2017 08:31:07.689 GMT+0100,2506.831,2506.35,0.0001,0.0005
20.09.2017 08:31:28.320 GMT+0100,2506.831,2506.4700000000003,0.0001,0.0005
20.09.2017 08:31:28.371 GMT+0100,2507.03,2506.4700000000003,0,0.0019
20.09.2017 08:31:28.421 GMT+0100,2507.13,2506.599,0.0001,0.0005
20.09.2017 08:31:32.209 GMT+0100,2507.03,2506.4700000000003,0,0.0019
20.09.2017 08:31:32.260 GMT+0100,2506.91,2506.4700000000003,0,0.0014
20.09.2017 08:31:32.310 GMT+0100,2507.081,2506.489,0,0.0005
20.09.2017 08:31:32.378 GMT+0100,2506.83,2506.489,0.0001,0.0005
20.09.2017 08:31:43.618 GMT+0100,2506.77,2506.489,0,0.0005
20.09.2017 08:31:45.317 GMT+0100,2506.77,2506.35,0,0.0005
20.09.2017 08:32:06.630 GMT+0100,2506.77,2506.469,0,0.0005
20.09.2017 08:32:07.214 GMT+0100,2506.77,2506.6,0,0.0005
20.09.2017 08:35:13.077 GMT+0100,2506.77,2506.739,0,0.0005
20.09.2017 08:35:13.177 GMT+0100,2506.77,2506.6,0,0.0005
20.09.2017 08:35:13.304 GMT+0100,2506.77,2506.4700000000003,0,0.0005
20.09.2017 08:35:13.405 GMT+0100,2506.77,2506.4900000000002,0,0.0005
20.09.2017 08:35:15.890 GMT+0100,2506.77,2506.349,0,0.0005
20.09.2017 08:35:50.876 GMT+0100,2506.77,2506.4700000000003,0,0.0005
20.09.2017 08:36:06.969 GMT+0100,2506.77,2506.599,0,0.0005
20.09.2017 08:37:51.163 GMT+0100,2506.77,2506.4700000000003,0,0.0019
20.09.2017 08:37:51.364 GMT+0100,2506.77,2506.4900000000002,0,0.0005
20.09.2017 08:38:03.714 GMT+0100,2506.77,2506.35,0,0.0005
20.09.2017 08:38:43.310 GMT+0100,2506.77,2506.469,0,0.0005
20.09.2017 08:38:43.757 GMT+0100,2506.77,2506.599,0,0.0005
20.09.2017 08:41:51.870 GMT+0100,2506.77,2506.7400000000002,0,0.0005
20.09.2017 08:41:55.921 GMT+0100,2507.13,2506.79,0.0001,0.0005
20.09.2017 08:42:12.711 GMT+0100,2507.13,2506.599,0.0001,0.0005
20.09.2017 08:42:12.761 GMT+0100,2506.83,2506.349,0.0001,0.0005
20.09.2017 08:42:25.971 GMT+0100,2506.83,2506.35,0.0001,0.0005
20.09.2017 08:42:31.079 GMT+0100,2506.83,2506.4700000000003,0.0001,0.0005
20.09.2017 08:42:31.130 GMT+0100,2507.11,2506.54,0,0.0005
20.09.2017 08:42:31.180 GMT+0100,2506.91,2506.469,0,0.0014
20.09.2017 08:42:31.254 GMT+0100,2506.83,2506.35,0.0001,0.0005
20.09.2017 08:42:38.094 GMT+0100,2506.83,2506.4700000000003,0.0001,0.0005
20.09.2017 08:42:38.194 GMT+0100,2507.13,2506.6,0.0001,0.0005
20.09.2017 08:42:42.994 GMT+0100,2506.831,2506.6,0.0001,0.0005
20.09.2017 08:42:43.045 GMT+0100,2506.831,2506.4900000000002,0.0001,0.0005
20.09.2017 08:42:55.976 GMT+0100,2506.831,2506.35,0.0001,0.0005
20.09.2017 08:44:33.930 GMT+0100,2506.831,2506.349,0.0001,0.0005
20.09.2017 08:44:54.750 GMT+0100,2506.831,2506.469,0.0001,0.0005
20.09.2017 08:44:54.801 GMT+0100,2507.031,2506.4700000000003,0,0.0014
20.09.2017 08:44:54.851 GMT+0100,2507.13,2506.599,0.0001,0.0005
20.09.2017 08:45:16.923 GMT+0100,2507.031,2506.4700000000003,0,0.0014
20.09.2017 08:45:16.974 GMT+0100,2506.83,2506.599,0.0001,0.0005
20.09.2017 08:45:17.092 GMT+0100,2507.1310000000003,2506.599,0.0001,0.0005
20.09.2017 08:48:24.423 GMT+0100,2507.1310000000003,2506.739,0.0001,0.0005
20.09.2017 08:48:26.473 GMT+0100,2507.1310000000003,2506.6,0.0001,0.0005
20.09.2017 08:50:45.875 GMT+0100,2507.03,2506.4700000000003,0.0005,0.0005
20.09.2017 08:50:46.039 GMT+0100,2506.83,2506.349,0.0001,0.0005
20.09.2017 08:51:07.429 GMT+0100,2506.83,2506.4700000000003,0.0001,0.0005
20.09.2017 08:51:07.480 GMT+0100,2507.03,2506.4700000000003,0,0.0005
20.09.2017 08:51:07.530 GMT+0100,2507.1310000000003,2506.6,0.0001,0.0005
20.09.2017 08:51:10.061 GMT+0100,2507.031,2506.469,0,0.0019
20.09.2017 08:51:10.111 GMT+0100,2506.831,2506.469,0.0001,0.0005
20.09.2017 08:51:23.364 GMT+0100,2506.831,2506.35,0.0001,0.0005
20.09.2017 08:52:48.068 GMT+0100,2506.78,2506.2200000000003,0,0.0005
20.09.2017 08:52:48.119 GMT+0100,2506.6310000000003,2506.099,0.0001,0.0005
20.09.2017 08:53:38.660 GMT+0100,2506.661,2506.169,0,0.0014
20.09.2017 08:53:38.725 GMT+0100,2506.78,2506.2200000000003,0,0.0005
20.09.2017 08:53:38.776 GMT+0100,2506.831,2506.35,0.0001,0.0005
20.09.2017 08:53:39.782 GMT+0100,2506.78,2506.2200000000003,0,0.0005
20.09.2017 08:53:39.900 GMT+0100,2506.6310000000003,2506.1,0.0001,0.0005
20.09.2017 08:55:46.914 GMT+0100,2506.6310000000003,2506.219,0.0001,0.0005
20.09.2017 08:55:46.964 GMT+0100,2506.661,2506.17,0,0.0014
20.09.2017 08:55:47.112 GMT+0100,2506.6310000000003,2506.099,0.0001,0.0005
20.09.2017 08:56:23.763 GMT+0100,2506.6310000000003,2506.35,0.0001,0.0005
20.09.2017 08:56:23.814 GMT+0100,2506.83,2506.35,0.0001,0.0005
20.09.2017 08:56:41.689 GMT+0100,2506.83,2506.4700000000003,0.0001,0.0005
20.09.2017 08:56:41.740 GMT+0100,2507.1310000000003,2506.6,0.0001,0.0005
20.09.2017 08:57:45.386 GMT+0100,2507.03,2506.4700000000003,0,0.0005
20.09.2017 08:57:45.438 GMT+0100,2506.91,2506.469,0,0.0014
20.09.2017 08:57:45.560 GMT+0100,2506.831,2506.35,0.0001,0.0005
20.09.2017 08:59:33.088 GMT+0100,2506.831,2506.4700000000003,0.0001,0.0005
20.09.2017 08:59:33.329 GMT+0100,2507.1310000000003,2506.599,0.0001,0.0005
20.09.2017 08:59:44.388 GMT+0100,2507.031,2506.469,0,0.0019
20.09.2017 08:59:44.438 GMT+0100,2506.83,2506.349,0.0001,0.0005
20.09.2017 08:59:54.629 GMT+0100,2506.83,2506.54,0.0001,0.0005
20.09.2017 08:59:54.757 GMT+0100,2507.13,2506.6,0.0001,0.0005
20.09.2017 09:00:00.185 GMT+0100,2507.031,2506.4700000000003,0,0.0014
20.09.2017 09:00:00.235 GMT+0100,2506.911,2506.4700000000003,0,0.0014
20.09.2017 09:00:00.312 GMT+0100,2506.83,2506.349,0.0001,0.0005
20.09.2017 09:00:04.311 GMT+0100,2506.83,2506.469,0.0001,0.0005
20.09.2017 09:00:04.477 GMT+0100,2507.1310000000003,2506.6,0.0001,0.0005
20.09.2017 09:03:10.981 GMT+0100,2507.1310000000003,2506.7400000000002,0.0001,0.0005
20.09.2017 09:03:12.078 GMT+0100,2507.1310000000003,2506.6,0.0001,0.0005
20.09.2017 09:03:41.035 GMT+0100,2507.03,2506.4700000000003,0,0.0005
20.09.2017 09:03:41.085 GMT+0100,2506.91,2506.469,0,0.0014
20.09.2017 09:03:41.136 GMT+0100,2507.1310000000003,2506.599,0.0001,0.0005
20.09.2017 09:03:41.204 GMT+0100,2506.831,2506.599,0.0001,0.0005
20.09.2017 09:03:41.365 GMT+0100,2507.1310000000003,2506.599,0.0001,0.0005
20.09.2017 09:03:43.086 GMT+0100,2507.03,2506.4700000000003,0,0.0005
20.09.2017 09:03:43.213 GMT+0100,2506.83,2506.4700000000003,0.0001,0.0005
20.09.2017 09:03:54.651 GMT+0100,2506.83,2506.35,0.0001,0.0005
20.09.2017 09:04:24.636 GMT+0100,2506.83,2506.4700000000003,0.0001,0.0005
20.09.2017 09:04:24.808 GMT+0100,2507.13,2506.6,0.0001,0.0005
20.09.2017 09:04:24.922 GMT+0100,2507.13,2506.54,0.0001,0.0005
20.09.2017 09:04:24.972 GMT+0100,2506.831,2506.54,0.0001,0.0005
20.09.2017 09:04:25.298 GMT+0100,2506.831,2506.35,0.0001,0.0005
20.09.2017 09:04:26.856 GMT+0100,2506.831,2506.4700000000003,0.0001,0.0005
20.09.2017 09:04:26.906 GMT+0100,2507.1310000000003,2506.6,0.0001,0.0005
20.09.2017 09:04:29.191 GMT+0100,2507.031,2506.469,0,0.0019
20.09.2017 09:04:29.241 GMT+0100,2506.831,2506.469,0.0001,0.0005
20.09.2017 09:04:29.292 GMT+0100,2506.831,2506.349,0.0001,0.0005
20.09.2017 09:05:21.019 GMT+0100,2506.831,2506.469,0.0001,0.0005
20.09.2017 09:05:21.187 GMT+0100,2507.1310000000003,2506.6,0.0001,0.0005
20.09.2017 09:08:23.038 GMT+0100,2507.1310000000003,2506.79,0.0001,0.0005
20.09.2017 09:08:29.141 GMT+0100,2507.1310000000003,2506.739,0.0001,0.0005
20.09.2017 09:08:31.189 GMT+0100,2507.1310000000003,2506.79,0.0001,0.0005
20.09.2017 09:08:41.139 GMT+0100,2507.1310000000003,2506.599,0.0001,0.0005
20.09.2017 09:08:41.189 GMT+0100,2506.91,2506.469,0,0.0014
20.09.2017 09:08:41.304 GMT+0100,2506.831,2506.35,0.0001,0.0005
20.09.2017 09:08:49.967 GMT+0100,2506.831,2506.4700000000003,0.0001,0.0005
20.09.2017 09:08:50.018 GMT+0100,2507.1310000000003,2506.6,0.0001,0.0005
20.09.2017 09:09:02.775 GMT+0100,2507.03,2506.4700000000003,0,0.0005
20.09.2017 09:09:02.825 GMT+0100,2507.1310000000003,2506.599,0.0001,0.0005
20.09.2017 09:09:05.011 GMT+0100,2506.831,2506.469,0.0001,0.0005
20.09.2017 09:09:05.062 GMT+0100,2507.1310000000003,2506.599,0.0001,0.0005
20.09.2017 09:09:26.601 GMT+0100,2506.83,2506.349,0.0001,0.0005
20.09.2017 09:11:29.871 GMT+0100,2506.83,2506.6,0.0001,0.0005
20.09.2017 09:11:30.043 GMT+0100,2507.1310000000003,2506.6,0.0001,0.0005
20.09.2017 09:12:10.356 GMT+0100,2507.1310000000003,2506.7200000000003,0.0001,0.0005
20.09.2017 09:12:10.407 GMT+0100,2507.1310000000003,2506.599,0.0001,0.0005
20.09.2017 09:12:21.760 GMT+0100,2507.1310000000003,2506.719,0.0001,0.0005
20.09.2017 09:12:21.811 GMT+0100,2507.281,2506.719,0,0.0005
20.09.2017 09:12:21.861 GMT+0100,2507.33,2506.85,0.0001,0.0005
20.09.2017 09:12:29.155 GMT+0100,2507.281,2506.719,0,0.0005
20.09.2017 09:12:29.205 GMT+0100,2507.13,2506.599,0.0001,0.0005
20.09.2017 09:12:36.000 GMT+0100,2507.13,2506.7200000000003,0.0001,0.0005
20.09.2017 09:12:36.050 GMT+0100,2507.28,2506.7200000000003,0,0.0005
20.09.2017 09:12:36.186 GMT+0100,2507.331,2506.85,0.0001,0.0005
20.09.2017 09:13:18.426 GMT+0100,2507.281,2506.719,0,0.0005
20.09.2017 09:13:18.477 GMT+0100,2507.13,2506.6,0.0001,0.0005
20.09.2017 09:13:39.705 GMT+0100,2507.13,2506.599,0.0001,0.0005
20.09.2017 09:13:47.797 GMT+0100,2507.13,2506.7200000000003,0.0001,0.0005
20.09.2017 09:13:47.847 GMT+0100,2507.13,2506.6,0.0001,0.0005
20.09.2017 09:13:47.898 GMT+0100,2507.13,2506.739,0.0001,0.0005
20.09.2017 09:14:00.811 GMT+0100,2507.13,2506.6,0.0001,0.0005
20.09.2017 09:16:51.608 GMT+0100,2507.03,2506.4700000000003,0,0.0019
20.09.2017 09:16:51.709 GMT+0100,2507.13,2506.6,0.0001,0.0005
20.09.2017 09:17:06.000 GMT+0100,2507.03,2506.4700000000003,0,0.0019
20.09.2017 09:17:06.059 GMT+0100,2507.08,2506.4900000000002,0,0.0005
20.09.2017 09:17:06.267 GMT+0100,2506.831,2506.4900000000002,0.0001,0.0005
20.09.2017 09:17:17.720 GMT+0100,2506.831,2506.349,0.0001,0.0005
20.09.2017 09:18:23.021 GMT+0100,2506.831,2506.469,0.0001,0.0005
20.09.2017 09:18:23.071 GMT+0100,2507.13,2506.599,0.0001,0.0005
20.09.2017 09:21:32.610 GMT+0100,2507.13,2506.739,0.0001,0.0005
20.09.2017 09:21:34.660 GMT+0100,2507.13,2506.599,0.0001,0.0005
20.09.2017 09:22:52.698 GMT+0100,2507.13,2506.719,0.0001,0.0005
20.09.2017 09:22:52.868 GMT+0100,2507.331,2506.849,0.0001,0.0005
20.09.2017 09:23:19.761 GMT+0100,2507.28,2506.7200000000003,0,0.0005
20.09.2017 09:23:19.811 GMT+0100,2507.161,2506.669,0,0.0014
20.09.2017 09:23:20.022 GMT+0100,2507.13,2506.599,0.0001,0.0005
20.09.2017 09:23:25.354 GMT+0100,2507.13,2506.719,0.0001,0.0005
20.09.2017 09:23:25.404 GMT+0100,2507.281,2506.719,0,0.0005
20.09.2017 09:23:25.454 GMT+0100,2507.33,2506.849,0.0001,0.0005
20.09.2017 09:23:35.367 GMT+0100,2507.281,2506.719,0,0.0005
20.09.2017 09:23:35.418 GMT+0100,2507.33,2506.85,0.0001,0.0005
20.09.2017 09:23:51.206 GMT+0100,2507.281,2506.719,0,0.0005
20.09.2017 09:23:51.257 GMT+0100,2507.13,2506.849,0.0001,0.0005
20.09.2017 09:23:51.381 GMT+0100,2507.33,2506.849,0.0001,0.0005
20.09.2017 09:24:08.385 GMT+0100,2507.13,2506.849,0.0001,0.0005
20.09.2017 09:24:08.510 GMT+0100,2507.331,2506.85,0.0001,0.0005
20.09.2017 09:24:15.808 GMT+0100,2507.28,2506.7200000000003,0,0.0005
20.09.2017 09:24:15.858 GMT+0100,2507.1310000000003,2506.599,0.0001,0.0005
20.09.2017 09:24:57.179 GMT+0100,2507.1310000000003,2506.719,0.0001,0.0005
20.09.2017 09:24:57.349 GMT+0100,2507.331,2506.849,0.0001,0.0005
20.09.2017 09:25:09.421 GMT+0100,2507.281,2506.719,0,0.0005
20.09.2017 09:25:09.471 GMT+0100,2507.13,2506.849,0.0001,0.0005
20.09.2017 09:25:09.591 GMT+0100,2507.331,2506.849,0.0001,0.0005
20.09.2017 09:25:18.700 GMT+0100,2507.281,2506.719,0,0.0005
20.09.2017 09:25:18.751 GMT+0100,2507.13,2506.6,0.0001,0.0005
20.09.2017 09:25:35.515 GMT+0100,2507.13,2506.7200000000003,0.0001,0.0005
20.09.2017 09:25:35.700 GMT+0100,2507.28,2506.7200000000003,0,0.0005
20.09.2017 09:25:35.750 GMT+0100,2507.16,2506.67,0,0.0014
20.09.2017 09:25:35.844 GMT+0100,2507.1310000000003,2506.6,0.0001,0.0005
20.09.2017 09:25:46.834 GMT+0100,2507.1310000000003,2506.7200000000003,0.0001,0.0005
20.09.2017 09:25:46.885 GMT+0100,2507.28,2506.7200000000003,0,0.0005
20.09.2017 09:25:46.935 GMT+0100,2507.33,2506.85,0.0001,0.0005
20.09.2017 09:26:26.555 GMT+0100,2507.28,2506.7200000000003,0,0.0005
20.09.2017 09:26:26.606 GMT+0100,2507.33,2506.849,0.0001,0.0005
20.09.2017 09:26:32.539 GMT+0100,2507.28,2506.7200000000003,0,0.0005
20.09.2017 09:26:32.590 GMT+0100,2507.1310000000003,2506.7200000000003,0.0001,0.0005
20.09.2017 09:26:32.640 GMT+0100,2507.1310000000003,2506.599,0.0001,0.0005
20.09.2017 09:27:14.515 GMT+0100,2507.161,2506.67,0,0.0014
20.09.2017 09:27:16.906 GMT+0100,2507.28,2506.7200000000003,0,0.0005
20.09.2017 09:27:16.957 GMT+0100,2507.1310000000003,2506.7200000000003,0.0001,0.0005
20.09.2017 09:27:17.007 GMT+0100,2507.1310000000003,2506.6,0.0001,0.0005
20.09.2017 09:27:18.844 GMT+0100,2507.1310000000003,2506.7200000000003,0.0001,0.0005
20.09.2017 09:27:19.019 GMT+0100,2507.331,2506.85,0.0001,0.0005
20.09.2017 09:27:26.488 GMT+0100,2507.28,2506.7200000000003,0,0.0005
20.09.2017 09:27:26.539 GMT+0100,2507.1310000000003,2506.7200000000003,0.0001,0.0005
20.09.2017 09:27:31.567 GMT+0100,2507.1310000000003,2506.719,0.0001,0.0005
20.09.2017 09:27:31.617 GMT+0100,2507.33,2506.789,0.0001,0.0005
20.09.2017 09:27:31.668 GMT+0100,2507.16,2506.67,0,0.0014
20.09.2017 09:27:31.740 GMT+0100,2507.13,2506.6,0.0001,0.0005
20.09.2017 09:27:45.268 GMT+0100,2507.13,2506.85,0.0001,0.0005
20.09.2017 09:27:45.318 GMT+0100,2507.33,2506.85,0.0001,0.0005
20.09.2017 09:28:25.238 GMT+0100,2507.281,2506.719,0,0.0005
20.09.2017 09:28:25.289 GMT+0100,2507.13,2506.599,0.0001,0.0005
20.09.2017 09:28:39.379 GMT+0100,2507.13,2506.719,0.0001,0.0005
20.09.2017 09:28:39.429 GMT+0100,2507.23,2506.789,0.0001,0.0005
20.09.2017 09:28:39.552 GMT+0100,2507.1310000000003,2506.789,0.0001,0.0005
20.09.2017 09:28:40.325 GMT+0100,2507.1310000000003,2506.85,0.0001,0.0005
20.09.2017 09:28:40.376 GMT+0100,2507.1310000000003,2506.739,0.0001,0.0005
20.09.2017 09:28:42.693 GMT+0100,2507.23,2506.739,0.0001,0.0005
20.09.2017 09:28:42.743 GMT+0100,2507.23,2506.79,0.0001,0.0005
20.09.2017 09:28:45.230 GMT+0100,2507.1310000000003,2506.79,0.0001,0.0005
20.09.2017 09:29:00.981 GMT+0100,2507.1310000000003,2506.599,0.0001,0.0005
20.09.2017 09:29:03.307 GMT+0100,2507.1310000000003,2506.719,0.0001,0.0005
20.09.2017 09:29:03.357 GMT+0100,2507.231,2506.719,0.0001,0.0005
20.09.2017 09:29:03.408 GMT+0100,2507.231,2506.79,0.0001,0.0005
20.09.2017 09:29:03.830 GMT+0100,2507.1310000000003,2506.79,0.0001,0.0005
20.09.2017 09:29:14.501 GMT+0100,2507.1310000000003,2506.7200000000003,0.0001,0.0005
20.09.2017 09:29:14.552 GMT+0100,2507.28,2506.7200000000003,0,0.0005
20.09.2017 09:29:14.671 GMT+0100,2507.23,2506.7200000000003,0.0001,0.0005
20.09.2017 09:29:15.174 GMT+0100,2507.23,2506.789,0.0001,0.0005
20.09.2017 09:29:16.717 GMT+0100,2507.23,2506.79,0.0001,0.0005
20.09.2017 09:29:16.817 GMT+0100,2507.1310000000003,2506.599,0.0001,0.0005
20.09.2017 09:30:00.388 GMT+0100,2507.1310000000003,2506.719,0.0001,0.0005
20.09.2017 09:30:01.266 GMT+0100,2507.331,2506.849,0.0001,0.0005
20.09.2017 09:31:32.865 GMT+0100,2507.331,2506.84,0.0001,0.0005
20.09.2017 09:31:44.589 GMT+0100,2507.281,2506.719,0,0.0005
20.09.2017 09:31:44.639 GMT+0100,2507.13,2506.7400000000002,0.0001,0.0005
20.09.2017 09:31:47.030 GMT+0100,2507.13,2506.7200000000003,0.0001,0.0005
20.09.2017 09:31:47.185 GMT+0100,2507.13,2506.839,0.0001,0.0005
20.09.2017 09:31:47.235 GMT+0100,2507.33,2506.839,0.0001,0.0005
20.09.2017 09:33:23.580 GMT+0100,2507.281,2506.719,0,0.0005
20.09.2017 09:33:23.631 GMT+0100,2507.33,2506.84,0.0001,0.0005
20.09.2017 09:33:32.161 GMT+0100,2507.28,2506.7200000000003,0,0.0005
20.09.2017 09:33:32.211 GMT+0100,2507.13,2506.7200000000003,0.0001,0.0005
20.09.2017 09:33:37.795 GMT+0100,2507.13,2506.84,0.0001,0.0005
20.09.2017 09:33:37.847 GMT+0100,2507.331,2506.84,0.0001,0.0005
20.09.2017 09:33:39.294 GMT+0100,2507.28,2506.7200000000003,0,0.0005
20.09.2017 09:33:39.344 GMT+0100,2507.1310000000003,2506.7200000000003,0.0001,0.0005
20.09.2017 09:33:57.445 GMT+0100,2507.1310000000003,2506.59,0.0001,0.0005
20.09.2017 09:34:40.697 GMT+0100,2507.1310000000003,2506.7200000000003,0.0001,0.0005
20.09.2017 09:34:40.865 GMT+0100,2507.331,2506.839,0.0001,0.0005
20.09.2017 09:34:41.053 GMT+0100,2507.281,2506.719,0,0.0005
20.09.2017 09:34:41.104 GMT+0100,2507.13,2506.719,0.0001,0.0005
20.09.2017 09:34:41.204 GMT+0100,2507.13,2506.59,0.0001,0.0005
20.09.2017 09:34:43.924 GMT+0100,2507.13,2506.719,0.0001,0.0005
20.09.2017 09:34:44.070 GMT+0100,2507.331,2506.79,0.0001,0.0005
20.09.2017 09:34:44.121 GMT+0100,2507.13,2506.589,0.0001,0.0005
20.09.2017 09:36:34.296 GMT+0100,2507.13,2506.719,0.0001,0.0005
20.09.2017 09:36:34.458 GMT+0100,2507.33,2506.839,0.0001,0.0005
20.09.2017 09:39:42.210 GMT+0100,2507.33,2506.9900000000002,0.0001,0.0005
20.09.2017 09:39:42.273 GMT+0100,2507.33,2506.839,0.0001,0.0005
20.09.2017 09:39:59.192 GMT+0100,2507.33,2507.039,0.0001,0.0005
20.09.2017 09:40:11.702 GMT+0100,2507.33,2506.839,0.0001,0.0005
20.09.2017 09:40:32.607 GMT+0100,2507.281,2506.719,0,0.0005
20.09.2017 09:40:32.658 GMT+0100,2507.15,2506.67,0,0.0014
20.09.2017 09:40:32.772 GMT+0100,2507.1310000000003,2506.59,0.0001,0.0005
20.09.2017 09:41:14.312 GMT+0100,2507.1310000000003,2506.719,0.0001,0.0005
20.09.2017 09:41:14.621 GMT+0100,2507.331,2506.84,0.0001,0.0005
20.09.2017 09:41:14.899 GMT+0100,2507.28,2506.7200000000003,0,0.0005
20.09.2017 09:41:14.950 GMT+0100,2507.13,2506.589,0.0001,0.0005
20.09.2017 09:41:15.391 GMT+0100,2507.13,2506.7200000000003,0.0001,0.0005
20.09.2017 09:41:15.441 GMT+0100,2507.33,2506.789,0.0001,0.0005
20.09.2017 09:41:15.492 GMT+0100,2507.33,2506.739,0.0001,0.0005
20.09.2017 09:41:15.558 GMT+0100,2507.1310000000003,2506.739,0.0001,0.0005
20.09.2017 09:41:30.337 GMT+0100,2507.1310000000003,2506.589,0.0001,0.0005
20.09.2017 09:41:47.426 GMT+0100,2507.1310000000003,2506.7200000000003,0.0001,0.0005
20.09.2017 09:41:47.562 GMT+0100,2507.28,2506.7200000000003,0,0.0005
20.09.2017 09:41:47.612 GMT+0100,2507.331,2506.84,0.0001,0.0005
20.09.2017 09:41:53.075 GMT+0100,2507.281,2506.719,0,0.0005
20.09.2017 09:41:53.125 GMT+0100,2507.13,2506.59,0.0001,0.0005
20.09.2017 09:41:58.902 GMT+0100,2507.13,2506.7200000000003,0.0001,0.0005
20.09.2017 09:41:58.952 GMT+0100,2507.33,2506.839,0.0001,0.0005
20.09.2017 09:42:10.580 GMT+0100,2507.28,2506.7200000000003,0,0.0005
20.09.2017 09:42:10.632 GMT+0100,2507.33,2506.839,0.0001,0.0005
20.09.2017 09:43:09.417 GMT+0100,2507.33,2507.09,0.0001,0.0005
20.09.2017 09:43:09.728 GMT+0100,2507.65,2507.169,0,0.0014
20.09.2017 09:43:09.899 GMT+0100,2507.831,2507.34,0.0001,0.0005
20.09.2017 09:43:10.675 GMT+0100,2507.78,2507.2200000000003,0,0.0005
20.09.2017 09:43:10.725 GMT+0100,2507.6310000000003,2507.34,0.0001,0.0005
20.09.2017 09:43:10.791 GMT+0100,2507.831,2507.34,0.0001,0.0005
20.09.2017 09:43:10.872 GMT+0100,2507.78,2507.2200000000003,0,0.0005
20.09.2017 09:43:10.922 GMT+0100,2507.831,2507.339,0.0001,0.0005
20.09.2017 09:43:11.029 GMT+0100,2507.78,2507.2200000000003,0,0.0005
20.09.2017 09:43:11.129 GMT+0100,2507.6310000000003,2507.2200000000003,0.0001,0.0005
20.09.2017 09:43:11.485 GMT+0100,2507.831,2507.289,0.0001,0.0005
20.09.2017 09:43:11.656 GMT+0100,2507.6310000000003,2507.289,0.0001,0.0005
20.09.2017 09:43:11.914 GMT+0100,2507.6310000000003,2507.09,0.0001,0.0005
20.09.2017 09:43:19.450 GMT+0100,2507.6310000000003,2507.219,0.0001,0.0005
20.09.2017 09:43:19.500 GMT+0100,2507.83,2507.34,0.0001,0.0005
20.09.2017 09:43:21.269 GMT+0100,2507.78,2507.2200000000003,0,0.0005
20.09.2017 09:43:21.319 GMT+0100,2507.6310000000003,2507.2200000000003,0.0001,0.0005
20.09.2017 09:43:21.369 GMT+0100,2507.6310000000003,2507.089,0.0001,0.0005
20.09.2017 09:43:24.613 GMT+0100,2507.6310000000003,2507.219,0.0001,0.0005
20.09.2017 09:43:24.945 GMT+0100,2507.831,2507.34,0.0001,0.0005
20.09.2017 09:43:39.552 GMT+0100,2507.781,2507.219,0,0.0005
20.09.2017 09:43:39.652 GMT+0100,2507.831,2507.34,0.0001,0.0005
20.09.2017 09:44:09.399 GMT+0100,2507.781,2507.219,0,0.0005
20.09.2017 09:44:09.450 GMT+0100,2507.6310000000003,2507.09,0.0001,0.0005
20.09.2017 09:44:11.972 GMT+0100,2507.6310000000003,2507.219,0.0001,0.0005
20.09.2017 09:44:12.138 GMT+0100,2507.83,2507.34,0.0001,0.0005
20.09.2017 09:44:12.297 GMT+0100,2507.78,2507.2200000000003,0,0.0005
20.09.2017 09:44:12.347 GMT+0100,2507.63,2507.2200000000003,0.0001,0.0005
20.09.2017 09:44:12.448 GMT+0100,2507.63,2507.09,0.0001,0.0005
20.09.2017 09:44:12.528 GMT+0100,2507.63,2507.2200000000003,0.0001,0.0005
20.09.2017 09:44:12.578 GMT+0100,2507.831,2507.34,0.0001,0.0005
20.09.2017 09:44:13.671 GMT+0100,2507.78,2507.2200000000003,0,0.0005
20.09.2017 09:44:13.722 GMT+0100,2507.63,2507.2200000000003,0.0001,0.0005
20.09.2017 09:44:29.298 GMT+0100,2507.63,2507.089,0.0001,0.0005
20.09.2017 09:44:29.395 GMT+0100,2507.63,2507.219,0.0001,0.0005
20.09.2017 09:44:29.498 GMT+0100,2507.83,2507.34,0.0001,0.0005
20.09.2017 09:44:30.210 GMT+0100,2507.78,2507.2200000000003,0,0.0005
20.09.2017 09:44:30.263 GMT+0100,2507.83,2507.2400000000002,0.0001,0.0005
20.09.2017 09:44:30.313 GMT+0100,2507.83,2507.34,0.0001,0.0005
20.09.2017 09:44:39.449 GMT+0100,2507.78,2507.2200000000003,0,0.0005
20.09.2017 09:44:39.499 GMT+0100,2507.6310000000003,2507.2200000000003,0.0001,0.0005
20.09.2017 09:44:39.617 GMT+0100,2507.83,2507.339,0.0001,0.0005
20.09.2017 09:44:41.714 GMT+0100,2507.781,2507.219,0,0.0005
20.09.2017 09:44:41.764 GMT+0100,2507.63,2507.09,0.0001,0.0005
20.09.2017 09:46:49.502 GMT+0100,2507.53,2506.9700000000003,0,0.0019
20.09.2017 09:46:49.553 GMT+0100,2507.331,2506.84,0.0001,0.0005
20.09.2017 09:46:57.007 GMT+0100,2507.4,2506.969,0,0.0014
20.09.2017 09:46:57.057 GMT+0100,2507.6310000000003,2507.09,0.0001,0.0005
20.09.2017 09:47:48.831 GMT+0100,2507.6310000000003,2507.219,0.0001,0.0005
20.09.2017 09:47:48.882 GMT+0100,2507.83,2507.34,0.0001,0.0005
20.09.2017 09:47:49.099 GMT+0100,2507.78,2507.2200000000003,0,0.0005
20.09.2017 09:47:49.149 GMT+0100,2507.6310000000003,2507.09,0.0001,0.0005
20.09.2017 09:50:49.554 GMT+0100,2507.6310000000003,2507.289,0.0001,0.0005
20.09.2017 09:50:54.151 GMT+0100,2507.6310000000003,2507.089,0.0001,0.0005
20.09.2017 09:50:55.654 GMT+0100,2507.6310000000003,2507.2400000000002,0.0001,0.0005
20.09.2017 09:50:57.704 GMT+0100,2507.6310000000003,2507.09,0.0001,0.0005
20.09.2017 09:51:05.402 GMT+0100,2507.6310000000003,2507.219,0.0001,0.0005
20.09.2017 09:51:05.474 GMT+0100,2507.6310000000003,2507.09,0.0001,0.0005
20.09.2017 09:51:06.549 GMT+0100,2507.6310000000003,2507.219,0.0001,0.0005
20.09.2017 09:51:06.600 GMT+0100,2507.781,2507.219,0,0.0005
20.09.2017 09:51:06.650 GMT+0100,2507.83,2507.339,0.0001,0.0005
20.09.2017 09:51:09.050 GMT+0100,2507.781,2507.219,0,0.0005
20.09.2017 09:51:09.100 GMT+0100,2507.63,2507.339,0.0001,0.0005
20.09.2017 09:51:09.218 GMT+0100,2507.83,2507.339,0.0001,0.0005
20.09.2017 09:51:10.119 GMT+0100,2507.781,2507.219,0,0.0005
20.09.2017 09:51:10.169 GMT+0100,2507.63,2507.339,0.0001,0.0005
20.09.2017 09:51:10.291 GMT+0100,2507.83,2507.339,0.0001,0.0005
20.09.2017 09:51:18.043 GMT+0100,2507.78,2507.2200000000003,0,0.0005
20.09.2017 09:51:18.094 GMT+0100,2507.63,2507.2200000000003,0.0001,0.0005
20.09.2017 09:51:18.144 GMT+0100,2507.63,2507.09,0.0001,0.0005
20.09.2017 09:51:20.834 GMT+0100,2507.63,2507.2200000000003,0.0001,0.0005
20.09.2017 09:51:20.885 GMT+0100,2507.78,2507.2200000000003,0,0.0005
20.09.2017 09:51:20.935 GMT+0100,2507.831,2507.339,0.0001,0.0005
20.09.2017 09:51:21.525 GMT+0100,2507.6310000000003,2507.09,0.0001,0.0005
20.09.2017 09:51:22.126 GMT+0100,2507.6310000000003,2507.219,0.0001,0.0005
20.09.2017 09:51:22.176 GMT+0100,2507.831,2507.339,0.0001,0.0005
20.09.2017 09:51:26.274 GMT+0100,2507.78,2507.2200000000003,0,0.0005
20.09.2017 09:51:26.324 GMT+0100,2507.63,2507.2200000000003,0.0001,0.0005
20.09.2017 09:51:26.375 GMT+0100,2507.63,2507.09,0.0001,0.0005
20.09.2017 09:52:00.759 GMT+0100,2507.63,2507.2200000000003,0.0001,0.0005
20.09.2017 09:52:00.810 GMT+0100,2507.63,2507.09,0.0001,0.0005
20.09.2017 09:52:39.203 GMT+0100,2507.63,2507.219,0.0001,0.0005
20.09.2017 09:52:39.253 GMT+0100,2507.831,2507.339,0.0001,0.0005
20.09.2017 09:53:00.142 GMT+0100,2507.78,2507.2200000000003,0,0.0005
20.09.2017 09:53:00.193 GMT+0100,2507.65,2507.169,0,0.0014
20.09.2017 09:53:00.372 GMT+0100,2507.63,2507.09,0.0001,0.0005
20.09.2017 09:53:01.582 GMT+0100,2507.63,2507.219,0.0001,0.0005
20.09.2017 09:53:01.632 GMT+0100,2507.781,2507.219,0,0.0005
20.09.2017 09:53:01.683 GMT+0100,2507.831,2507.339,0.0001,0.0005
20.09.2017 09:53:09.871 GMT+0100,2507.781,2507.219,0,0.0005
20.09.2017 09:53:09.923 GMT+0100,2507.6510000000003,2507.169,0,0.0014
20.09.2017 09:53:10.036 GMT+0100,2507.63,2507.089,0.0001,0.0005
20.09.2017 09:53:13.020 GMT+0100,2507.63,2507.09,0.0001,0.0005
20.09.2017 09:53:27.465 GMT+0100,2507.63,2507.2200000000003,0.0001,0.0005
20.09.2017 09:53:27.628 GMT+0100,2507.831,2507.339,0.0001,0.0005
20.09.2017 09:55:19.002 GMT+0100,2507.65,2507.169,0,0.0014
20.09.2017 09:55:19.053 GMT+0100,2507.63,2507.09,0.0001,0.0005
20.09.2017 09:55:19.103 GMT+0100,2507.63,2507.2400000000002,0.0001,0.0005
20.09.2017 09:55:29.135 GMT+0100,2507.63,2507.09,0.0001,0.0005
20.09.2017 09:55:29.186 GMT+0100,2507.78,2507.2200000000003,0,0.0005
20.09.2017 09:55:29.289 GMT+0100,2507.83,2507.34,0.0001,0.0005
20.09.2017 09:55:30.235 GMT+0100,2507.78,2507.2200000000003,0,0.0005
20.09.2017 09:55:30.285 GMT+0100,2507.63,2507.2200000000003,0.0001,0.0005
20.09.2017 09:55:30.336 GMT+0100,2507.63,2507.089,0.0001,0.0005
20.09.2017 09:55:40.944 GMT+0100,2507.63,2507.339,0.0001,0.0005
20.09.2017 09:55:41.106 GMT+0100,2507.83,2507.339,0.0001,0.0005
20.09.2017 09:55:44.065 GMT+0100,2507.781,2507.219,0,0.0005
20.09.2017 09:55:44.116 GMT+0100,2507.63,2507.089,0.0001,0.0005
20.09.2017 09:56:34.027 GMT+0100,2507.63,2507.34,0.0001,0.0005
20.09.2017 09:56:34.078 GMT+0100,2507.83,2507.34,0.0001,0.0005
20.09.2017 09:58:23.624 GMT+0100,2507.781,2507.219,0,0.0005
20.09.2017 09:58:23.675 GMT+0100,2507.65,2507.17,0,0.0014
20.09.2017 09:58:23.726 GMT+0100,2507.83,2507.239,0.0001,0.0005
20.09.2017 09:58:23.792 GMT+0100,2507.63,2507.239,0.0001,0.0005
20.09.2017 09:58:28.621 GMT+0100,2507.63,2507.219,0.0001,0.0005
20.09.2017 09:58:28.734 GMT+0100,2507.63,2507.34,0.0001,0.0005
20.09.2017 09:58:28.787 GMT+0100,2507.83,2507.34,0.0001,0.0005
20.09.2017 09:59:04.310 GMT+0100,2507.781,2507.219,0,0.0005
20.09.2017 09:59:04.411 GMT+0100,2507.83,2507.339,0.0001,0.0005
20.09.2017 09:59:49.660 GMT+0100,2507.781,2507.219,0,0.0005
20.09.2017 09:59:49.710 GMT+0100,2507.63,2507.219,0.0001,0.0005
20.09.2017 09:59:49.761 GMT+0100,2507.63,2507.09,0.0001,0.0005
20.09.2017 10:00:00.566 GMT+0100,2507.63,2507.219,0.0001,0.0005
20.09.2017 10:00:00.617 GMT+0100,2507.65,2507.169,0,0.0014
20.09.2017 10:00:00.732 GMT+0100,2507.6310000000003,2507.09,0.0001,0.0005
20.09.2017 10:03:00.988 GMT+0100,2507.531,2506.969,0,0.0019
20.09.2017 10:03:01.040 GMT+0100,2507.4010000000003,2506.969,0,0.0014
20.09.2017 10:03:01.225 GMT+0100,2507.531,2506.969,0,0.0019
20.09.2017 10:03:01.276 GMT+0100,2507.331,2506.969,0.0001,0.0005
20.09.2017 10:03:02.102 GMT+0100,2507.331,2507.089,0.0001,0.0005
20.09.2017 10:03:02.153 GMT+0100,2507.63,2507.089,0.0001,0.0005
20.09.2017 10:03:03.260 GMT+0100,2507.53,2506.9700000000003,0,0.0019
20.09.2017 10:03:03.382 GMT+0100,2507.33,2506.9700000000003,0.0001,0.0005
20.09.2017 10:03:03.433 GMT+0100,2507.63,2507.089,0.0001,0.0005
20.09.2017 10:03:03.493 GMT+0100,2507.53,2506.9700000000003,0,0.0019
20.09.2017 10:03:03.546 GMT+0100,2507.63,2506.9900000000002,0.0001,0.0005
20.09.2017 10:03:03.597 GMT+0100,2507.33,2506.9900000000002,0.0001,0.0005
20.09.2017 10:03:04.015 GMT+0100,2507.33,2507.089,0.0001,0.0005
20.09.2017 10:03:04.066 GMT+0100,2507.63,2507.089,0.0001,0.0005
20.09.2017 10:03:04.589 GMT+0100,2507.53,2506.9700000000003,0,0.0019
20.09.2017 10:03:04.639 GMT+0100,2507.63,2507.09,0.0001,0.0005
20.09.2017 10:03:14.416 GMT+0100,2507.531,2506.9700000000003,0,0.0014
20.09.2017 10:03:14.467 GMT+0100,2507.331,2506.839,0.0001,0.0005
20.09.2017 10:03:15.169 GMT+0100,2507.331,2506.9700000000003,0.0001,0.0005
20.09.2017 10:03:15.219 GMT+0100,2507.53,2506.9700000000003,0,0.0019
20.09.2017 10:03:15.269 GMT+0100,2507.63,2507.09,0.0001,0.0005
20.09.2017 10:03:21.295 GMT+0100,2507.53,2506.9700000000003,0,0.0019
20.09.2017 10:03:21.345 GMT+0100,2507.331,2506.84,0.0001,0.0005
20.09.2017 10:03:21.496 GMT+0100,2507.63,2507.089,0.0001,0.0005
20.09.2017 10:03:45.170 GMT+0100,2507.531,2506.9700000000003,0,0.0014
20.09.2017 10:03:45.220 GMT+0100,2507.331,2506.9700000000003,0.0001,0.0005
20.09.2017 10:03:45.271 GMT+0100,2507.331,2506.839,0.0001,0.0005
20.09.2017 10:04:29.979 GMT+0100,2507.331,2506.9700000000003,0.0001,0.0005
20.09.2017 10:04:30.030 GMT+0100,2507.331,2506.839,0.0001,0.0005
20.09.2017 10:05:02.683 GMT+0100,2507.331,2506.969,0.0001,0.0005
20.09.2017 10:05:02.734 GMT+0100,2507.6310000000003,2507.09,0.0001,0.0005
20.09.2017 10:05:03.667 GMT+0100,2507.53,2506.9700000000003,0,0.0005
20.09.2017 10:05:03.717 GMT+0100,2507.33,2506.84,0.0001,0.0005
20.09.2017 10:05:05.016 GMT+0100,2507.33,2506.969,0.0001,0.0005
20.09.2017 10:05:05.066 GMT+0100,2507.531,2506.969,0,0.0019
20.09.2017 10:05:05.117 GMT+0100,2507.6310000000003,2507.089,0.0001,0.0005
20.09.2017 10:05:43.149 GMT+0100,2507.53,2506.9700000000003,0,0.0005
20.09.2017 10:05:43.200 GMT+0100,2507.4010000000003,2506.969,0,0.0014
20.09.2017 10:05:43.311 GMT+0100,2507.33,2506.839,0.0001,0.0005
20.09.2017 10:05:43.454 GMT+0100,2507.33,2506.969,0.0001,0.0005
20.09.2017 10:05:43.505 GMT+0100,2507.531,2506.9700000000003,0,0.0014
20.09.2017 10:05:43.641 GMT+0100,2507.63,2507.089,0.0001,0.0005
20.09.2017 10:08:45.178 GMT+0100,2507.63,2507.289,0.0001,0.0005
20.09.2017 10:08:53.278 GMT+0100,2507.63,2507.239,0.0001,0.0005
20.09.2017 10:09:45.366 GMT+0100,2507.63,2507.09,0.0001,0.0005
20.09.2017 10:09:45.417 GMT+0100,2507.406,2506.9700000000003,0,0.0014
20.09.2017 10:09:45.553 GMT+0100,2507.335,2506.839,0.0001,0.0005
20.09.2017 10:12:02.054 GMT+0100,2507.281,2506.719,0,0.0005
20.09.2017 10:12:02.106 GMT+0100,2507.15,2506.67,0,0.0014
20.09.2017 10:12:02.157 GMT+0100,2507.13,2506.59,0.0001,0.0005
20.09.2017 10:13:08.873 GMT+0100,2507.13,2506.7200000000003,0.0001,0.0005
20.09.2017 10:13:08.923 GMT+0100,2507.33,2506.67,0.0001,0.0019
20.09.2017 10:13:09.057 GMT+0100,2507.13,2506.589,0.0001,0.0005
20.09.2017 10:13:35.845 GMT+0100,2507.13,2506.84,0.0001,0.0005
20.09.2017 10:13:36.008 GMT+0100,2507.33,2506.84,0.0001,0.0005
20.09.2017 10:14:45.209 GMT+0100,2507.1310000000003,2506.84,0.0001,0.0005
20.09.2017 10:14:45.260 GMT+0100,2507.1310000000003,2506.589,0.0001,0.0005
20.09.2017 10:15:23.765 GMT+0100,2507.1310000000003,2506.7200000000003,0.0001,0.0005
20.09.2017 10:15:23.969 GMT+0100,2507.331,2506.839,0.0001,0.0005
20.09.2017 10:15:51.016 GMT+0100,2507.331,2506.849,0.0001,0.0005
20.09.2017 10:16:17.025 GMT+0100,2507.331,2506.9700000000003,0.0001,0.0005
20.09.2017 10:16:17.126 GMT+0100,2507.63,2507.099,0.0001,0.0005
20.09.2017 10:16:18.810 GMT+0100,2507.53,2506.9700000000003,0,0.0019
20.09.2017 10:16:18.911 GMT+0100,2507.531,2507.099,0.0001,0.0005
20.09.2017 10:16:18.977 GMT+0100,2507.63,2507.099,0.0001,0.0005
20.09.2017 10:16:20.832 GMT+0100,2507.53,2506.9700000000003,0,0.0019
20.09.2017 10:16:20.882 GMT+0100,2507.331,2507.099,0.0001,0.0005
20.09.2017 10:16:21.002 GMT+0100,2507.6310000000003,2507.099,0.0001,0.0005
20.09.2017 10:16:26.991 GMT+0100,2507.53,2506.9700000000003,0,0.0005
20.09.2017 10:16:27.041 GMT+0100,2507.6310000000003,2507.1,0.0001,0.0005
20.09.2017 10:17:29.086 GMT+0100,2507.53,2506.9700000000003,0,0.0005
20.09.2017 10:17:29.140 GMT+0100,2507.411,2506.969,0,0.0014
20.09.2017 10:17:29.314 GMT+0100,2507.33,2506.849,0.0001,0.0005
20.09.2017 10:18:44.699 GMT+0100,2507.33,2506.969,0.0001,0.0005
20.09.2017 10:18:44.749 GMT+0100,2507.6310000000003,2507.1,0.0001,0.0005
20.09.2017 10:19:00.510 GMT+0100,2507.411,2506.969,0,0.0014
20.09.2017 10:19:00.651 GMT+0100,2507.33,2506.849,0.0001,0.0005
20.09.2017 10:19:00.702 GMT+0100,2507.33,2506.9900000000002,0.0001,0.0005
20.09.2017 10:19:13.565 GMT+0100,2507.33,2506.849,0.0001,0.0005
20.09.2017 10:20:04.142 GMT+0100,2507.281,2506.719,0,0.0005
20.09.2017 10:20:04.193 GMT+0100,2507.16,2506.67,0,0.0014
20.09.2017 10:20:04.243 GMT+0100,2507.13,2506.6,0.0001,0.0005
20.09.2017 10:20:12.986 GMT+0100,2507.13,2506.7200000000003,0.0001,0.0005
20.09.2017 10:20:13.036 GMT+0100,2507.28,2506.7200000000003,0,0.0005
20.09.2017 10:20:13.137 GMT+0100,2507.331,2506.739,0.0001,0.0005
20.09.2017 10:20:13.188 GMT+0100,2507.23,2506.739,0.0001,0.0005
20.09.2017 10:20:13.483 GMT+0100,2507.13,2506.6,0.0001,0.0005
20.09.2017 10:20:14.939 GMT+0100,2507.13,2506.719,0.0001,0.0005
20.09.2017 10:20:14.990 GMT+0100,2507.231,2506.719,0.0001,0.0005
20.09.2017 10:20:15.440 GMT+0100,2507.231,2506.79,0.0001,0.0005
20.09.2017 10:20:15.541 GMT+0100,2507.1310000000003,2506.6,0.0001,0.0005
20.09.2017 10:20:15.660 GMT+0100,2507.1310000000003,2506.719,0.0001,0.0005
20.09.2017 10:20:15.711 GMT+0100,2507.33,2506.849,0.0001,0.0005
20.09.2017 10:20:17.480 GMT+0100,2507.28,2506.7200000000003,0,0.0005
20.09.2017 10:20:17.592 GMT+0100,2507.33,2506.739,0.0001,0.0005
20.09.2017 10:20:17.651 GMT+0100,2507.1310000000003,2506.739,0.0001,0.0005
20.09.2017 10:20:18.523 GMT+0100,2507.1310000000003,2506.719,0.0001,0.0005
20.09.2017 10:20:19.963 GMT+0100,2507.28,2506.7200000000003,0,0.0005
20.09.2017 10:20:20.013 GMT+0100,2507.161,2506.67,0,0.0014
20.09.2017 10:20:20.129 GMT+0100,2507.13,2506.599,0.0001,0.0005
20.09.2017 10:20:27.275 GMT+0100,2507.13,2506.7200000000003,0.0001,0.0005
20.09.2017 10:20:27.326 GMT+0100,2507.28,2506.7200000000003,0,0.0005
20.09.2017 10:20:27.376 GMT+0100,2507.33,2506.849,0.0001,0.0005
20.09.2017 10:20:37.671 GMT+0100,2507.33,2506.9700000000003,0.0001,0.0005
20.09.2017 10:20:44.931 GMT+0100,2507.33,2506.969,0.0001,0.0005
20.09.2017 10:20:44.981 GMT+0100,2507.33,2506.849,0.0001,0.0005
20.09.2017 10:20:45.473 GMT+0100,2507.33,2506.969,0.0001,0.0005
20.09.2017 10:20:45.523 GMT+0100,2507.531,2506.969,0,0.0019
20.09.2017 10:20:45.574 GMT+0100,2507.6310000000003,2507.099,0.0001,0.0005
20.09.2017 10:20:45.916 GMT+0100,2507.531,2506.969,0,0.0019
20.09.2017 10:20:45.966 GMT+0100,2507.33,2506.85,0.0001,0.0005
20.09.2017 10:20:57.328 GMT+0100,2507.33,2506.9700000000003,0.0001,0.0005
20.09.2017 10:20:58.700 GMT+0100,2507.33,2507.1,0.0001,0.0005
20.09.2017 10:20:58.822 GMT+0100,2507.6310000000003,2507.1,0.0001,0.0005
20.09.2017 10:21:00.430 GMT+0100,2507.531,2506.969,0,0.0019
20.09.2017 10:21:00.483 GMT+0100,2507.41,2506.969,0,0.0014
20.09.2017 10:21:00.662 GMT+0100,2507.33,2506.85,0.0001,0.0005
20.09.2017 10:21:02.546 GMT+0100,2507.33,2506.969,0.0001,0.0005
20.09.2017 10:21:02.708 GMT+0100,2507.63,2507.099,0.0001,0.0005
20.09.2017 10:21:02.799 GMT+0100,2507.53,2506.9700000000003,0,0.0019
20.09.2017 10:21:03.005 GMT+0100,2507.63,2507.099,0.0001,0.0005
20.09.2017 10:21:05.826 GMT+0100,2507.53,2506.9700000000003,0,0.0019
20.09.2017 10:21:05.876 GMT+0100,2507.331,2506.9700000000003,0.0001,0.0005
20.09.2017 10:21:06.084 GMT+0100,2507.6310000000003,2507.099,0.0001,0.0005
20.09.2017 10:21:52.199 GMT+0100,2507.53,2506.9700000000003,0,0.0005
20.09.2017 10:21:52.250 GMT+0100,2507.331,2506.9700000000003,0.0001,0.0005
20.09.2017 10:21:55.719 GMT+0100,2507.331,2506.969,0.0001,0.0005
20.09.2017 10:21:55.770 GMT+0100,2507.331,2506.85,0.0001,0.0005
20.09.2017 10:24:27.557 GMT+0100,2507.28,2506.7200000000003,0,0.0005
20.09.2017 10:24:27.643 GMT+0100,2507.331,2506.85,0.0001,0.0005
20.09.2017 10:25:53.935 GMT+0100,2507.28,2506.7200000000003,0,0.0005
20.09.2017 10:25:53.986 GMT+0100,2507.13,2506.599,0.0001,0.0005
20.09.2017 10:25:54.481 GMT+0100,2507.13,2506.719,0.0001,0.0005
20.09.2017 10:25:54.582 GMT+0100,2507.331,2506.849,0.0001,0.0005
20.09.2017 10:26:36.290 GMT+0100,2507.16,2506.669,0,0.0014
20.09.2017 10:27:01.234 GMT+0100,2507.1310000000003,2506.7200000000003,0.0001,0.0005
20.09.2017 10:27:01.285 GMT+0100,2507.1310000000003,2506.6,0.0001,0.0005
20.09.2017 10:27:01.335 GMT+0100,2507.1310000000003,2506.849,0.0001,0.0005
20.09.2017 10:27:01.386 GMT+0100,2507.1310000000003,2506.599,0.0001,0.0005
20.09.2017 10:27:01.448 GMT+0100,2507.161,2506.669,0,0.0014
20.09.2017 10:27:01.608 GMT+0100,2507.13,2506.599,0.0001,0.0005
20.09.2017 10:27:03.516 GMT+0100,2507.13,2506.7200000000003,0.0001,0.0005
20.09.2017 10:27:03.566 GMT+0100,2507.33,2506.849,0.0001,0.0005
20.09.2017 10:27:15.580 GMT+0100,2507.281,2506.719,0,0.0005
20.09.2017 10:27:15.631 GMT+0100,2507.33,2506.849,0.0001,0.0005
20.09.2017 10:27:19.496 GMT+0100,2507.28,2506.7200000000003,0,0.0005
20.09.2017 10:27:19.547 GMT+0100,2507.1310000000003,2506.849,0.0001,0.0005
20.09.2017 10:27:19.664 GMT+0100,2507.33,2506.849,0.0001,0.0005
20.09.2017 10:28:36.684 GMT+0100,2507.33,2506.9700000000003,0.0001,0.0005
20.09.2017 10:28:36.850 GMT+0100,2507.6310000000003,2507.099,0.0001,0.0005
20.09.2017 10:28:39.617 GMT+0100,2507.53,2506.9700000000003,0,0.0005
20.09.2017 10:28:39.667 GMT+0100,2507.33,2506.849,0.0001,0.0005
20.09.2017 10:28:44.202 GMT+0100,2507.33,2506.9700000000003,0.0001,0.0005
20.09.2017 10:28:44.252 GMT+0100,2507.33,2506.85,0.0001,0.0005
20.09.2017 10:28:48.285 GMT+0100,2507.33,2506.969,0.0001,0.0005
20.09.2017 10:28:48.336 GMT+0100,2507.53,2506.969,0.0001,0.0005
20.09.2017 10:28:48.386 GMT+0100,2507.53,2507.1,0.0001,0.0005
20.09.2017 10:28:48.457 GMT+0100,2507.6310000000003,2507.1,0.0001,0.0005
20.09.2017 10:28:48.617 GMT+0100,2507.531,2506.969,0,0.0019
20.09.2017 10:28:48.668 GMT+0100,2507.33,2506.969,0.0001,0.0005
20.09.2017 10:28:49.562 GMT+0100,2507.33,2507.1,0.0001,0.0005
20.09.2017 10:28:49.675 GMT+0100,2507.6310000000003,2507.1,0.0001,0.0005
20.09.2017 10:28:57.766 GMT+0100,2507.53,2506.9700000000003,0,0.0005
20.09.2017 10:28:57.817 GMT+0100,2507.33,2506.9700000000003,0.0001,0.0005
20.09.2017 10:29:09.397 GMT+0100,2507.33,2506.85,0.0001,0.0005
20.09.2017 10:29:09.448 GMT+0100,2507.33,2506.969,0.0001,0.0005
20.09.2017 10:29:09.608 GMT+0100,2507.6310000000003,2507.1,0.0001,0.0005
20.09.2017 10:29:10.107 GMT+0100,2507.531,2506.969,0,0.0019
20.09.2017 10:29:10.258 GMT+0100,2507.6310000000003,2507.04,0.0001,0.0005
20.09.2017 10:29:10.309 GMT+0100,2507.531,2507.04,0.0001,0.0005
20.09.2017 10:29:11.691 GMT+0100,2507.33,2507.04,0.0001,0.0005
20.09.2017 10:29:11.741 GMT+0100,2507.33,2506.849,0.0001,0.0005
20.09.2017 10:29:18.493 GMT+0100,2507.33,2506.9700000000003,0.0001,0.0005
20.09.2017 10:29:18.543 GMT+0100,2507.6310000000003,2507.1,0.0001,0.0005
20.09.2017 10:29:19.277 GMT+0100,2507.531,2506.969,0,0.0019
20.09.2017 10:29:19.328 GMT+0100,2507.6310000000003,2507.099,0.0001,0.0005
20.09.2017 10:29:29.044 GMT+0100,2507.531,2506.969,0,0.0019
20.09.2017 10:29:29.095 GMT+0100,2507.33,2506.9700000000003,0.0001,0.0005
20.09.2017 10:29:29.213 GMT+0100,2507.63,2507.099,0.0001,0.0005
20.09.2017 10:29:29.426 GMT+0100,2507.531,2506.9700000000003,0,0.0014
20.09.2017 10:29:29.477 GMT+0100,2507.331,2506.849,0.0001,0.0005
20.09.2017 10:30:14.097 GMT+0100,2507.28,2506.7200000000003,0,0.0005
20.09.2017 10:30:14.148 GMT+0100,2507.13,2506.85,0.0001,0.0005
20.09.2017 10:30:14.265 GMT+0100,2507.331,2506.85,0.0001,0.0005
20.09.2017 10:31:15.256 GMT+0100,2507.331,2506.84,0.0001,0.0005
20.09.2017 10:32:43.351 GMT+0100,2507.331,2506.969,0.0001,0.0005
20.09.2017 10:32:43.401 GMT+0100,2507.6310000000003,2507.09,0.0001,0.0005
20.09.2017 10:32:49.373 GMT+0100,2507.531,2506.969,0,0.0019
20.09.2017 10:32:49.424 GMT+0100,2507.331,2506.84,0.0001,0.0005
20.09.2017 10:33:06.373 GMT+0100,2507.331,2506.9700000000003,0.0001,0.0005
20.09.2017 10:33:06.423 GMT+0100,2507.331,2506.839,0.0001,0.0005
20.09.2017 10:33:06.601 GMT+0100,2507.331,2506.9700000000003,0.0001,0.0005
20.09.2017 10:33:06.701 GMT+0100,2507.63,2507.089,0.0001,0.0005
20.09.2017 10:33:14.373 GMT+0100,2507.531,2506.9700000000003,0,0.0014
20.09.2017 10:33:14.424 GMT+0100,2507.331,2506.839,0.0001,0.0005
20.09.2017 10:33:14.541 GMT+0100,2507.6310000000003,2507.089,0.0001,0.0005
20.09.2017 10:34:26.811 GMT+0100,2507.6310000000003,2507.34,0.0001,0.0005
20.09.2017 10:34:26.862 GMT+0100,2507.6310000000003,2507.09,0.0001,0.0005
20.09.2017 10:35:41.167 GMT+0100,2507.6310000000003,2507.219,0.0001,0.0005
20.09.2017 10:35:41.342 GMT+0100,2507.831,2507.34,0.0001,0.0005
20.09.2017 10:35:47.954 GMT+0100,2507.781,2507.219,0,0.0005
20.09.2017 10:35:48.005 GMT+0100,2507.831,2507.34,0.0001,0.0005
20.09.2017 10:36:04.721 GMT+0100,2507.78,2507.2200000000003,0,0.0005
20.09.2017 10:36:04.772 GMT+0100,2507.6310000000003,2507.2200000000003,0.0001,0.0005
20.09.2017 10:36:04.886 GMT+0100,2507.831,2507.339,0.0001,0.0005
20.09.2017 10:36:27.115 GMT+0100,2507.78,2507.2200000000003,0,0.0005
20.09.2017 10:36:27.165 GMT+0100,2507.63,2507.09,0.0001,0.0005
20.09.2017 10:36:29.727 GMT+0100,2507.63,2507.2200000000003,0.0001,0.0005
20.09.2017 10:36:29.778 GMT+0100,2507.78,2507.2200000000003,0,0.0005
20.09.2017 10:36:29.828 GMT+0100,2507.831,2507.339,0.0001,0.0005
20.09.2017 10:36:31.515 GMT+0100,2507.78,2507.2200000000003,0,0.0005
20.09.2017 10:36:33.098 GMT+0100,2507.831,2507.34,0.0001,0.0005
20.09.2017 10:36:44.670 GMT+0100,2507.781,2507.219,0,0.0005
20.09.2017 10:36:44.721 GMT+0100,2507.63,2507.09,0.0001,0.0005
20.09.2017 10:36:48.782 GMT+0100,2507.63,2507.219,0.0001,0.0005
20.09.2017 10:36:49.034 GMT+0100,2507.63,2507.089,0.0001,0.0005
20.09.2017 10:36:49.268 GMT+0100,2507.63,2507.219,0.0001,0.0005
20.09.2017 10:36:49.599 GMT+0100,2507.63,2507.09,0.0001,0.0005
20.09.2017 10:38:59.210 GMT+0100,2507.53,2506.9700000000003,0,0.0019
20.09.2017 10:38:59.260 GMT+0100,2507.63,2507.09,0.0001,0.0005
20.09.2017 10:40:16.200 GMT+0100,2507.53,2506.9700000000003,0,0.0019
20.09.2017 10:40:16.251 GMT+0100,2507.63,2507.089,0.0001,0.0005
20.09.2017 10:40:24.725 GMT+0100,2507.531,2506.9700000000003,0,0.0014
20.09.2017 10:40:24.775 GMT+0100,2507.33,2506.84,0.0001,0.0005
20.09.2017 10:40:25.094 GMT+0100,2507.6310000000003,2507.09,0.0001,0.0005
20.09.2017 10:41:24.377 GMT+0100,2507.53,2506.9700000000003,0,0.0005
20.09.2017 10:41:24.428 GMT+0100,2507.4,2506.969,0,0.0014
20.09.2017 10:41:24.530 GMT+0100,2507.581,2506.989,0,0.0005
20.09.2017 10:41:24.749 GMT+0100,2507.33,2506.989,0.0001,0.0005
20.09.2017 10:41:25.162 GMT+0100,2507.281,2506.719,0,0.0005
20.09.2017 10:41:25.214 GMT+0100,2507.1310000000003,2506.589,0.0001,0.0005
20.09.2017 10:41:27.251 GMT+0100,2507.031,2506.469,0,0.0019
20.09.2017 10:41:27.302 GMT+0100,2507.1310000000003,2506.589,0.0001,0.0005
20.09.2017 10:41:30.142 GMT+0100,2507.1310000000003,2506.7200000000003,0.0001,0.0005
20.09.2017 10:41:30.193 GMT+0100,2507.1310000000003,2506.589,0.0001,0.0005
20.09.2017 10:41:43.431 GMT+0100,2507.1310000000003,2506.7200000000003,0.0001,0.0005
20.09.2017 10:41:43.481 GMT+0100,2507.1310000000003,2506.59,0.0001,0.0005
20.09.2017 10:41:59.406 GMT+0100,2507.1310000000003,2506.7200000000003,0.0001,0.0005
20.09.2017 10:41:59.456 GMT+0100,2507.331,2506.84,0.0001,0.0005
20.09.2017 10:41:59.569 GMT+0100,2507.281,2506.719,0,0.0005
20.09.2017 10:41:59.798 GMT+0100,2507.331,2506.839,0.0001,0.0005
20.09.2017 10:42:02.633 GMT+0100,2507.281,2506.719,0,0.0005
20.09.2017 10:42:02.684 GMT+0100,2507.1310000000003,2506.719,0.0001,0.0005
20.09.2017 10:42:02.976 GMT+0100,2507.33,2506.84,0.0001,0.0005
20.09.2017 10:42:08.970 GMT+0100,2507.281,2506.719,0,0.0005
20.09.2017 10:42:09.021 GMT+0100,2507.23,2506.719,0.0001,0.0005
20.09.2017 10:42:09.686 GMT+0100,2507.1310000000003,2506.719,0.0001,0.0005
20.09.2017 10:42:09.947 GMT+0100,2507.1310000000003,2506.59,0.0001,0.0005
20.09.2017 10:43:28.614 GMT+0100,2507.03,2506.4700000000003,0,0.0005
20.09.2017 10:43:28.664 GMT+0100,2506.9010000000003,2506.469,0,0.0014
20.09.2017 10:43:28.715 GMT+0100,2507.1310000000003,2506.59,0.0001,0.0005
20.09.2017 10:43:59.473 GMT+0100,2507.03,2506.4700000000003,0,0.0005
20.09.2017 10:43:59.523 GMT+0100,2506.9010000000003,2506.469,0,0.0014
20.09.2017 10:43:59.999 GMT+0100,2506.83,2506.339,0.0001,0.0005
20.09.2017 10:44:00.056 GMT+0100,2506.83,2506.59,0.0001,0.0005
20.09.2017 10:44:00.106 GMT+0100,2507.13,2506.59,0.0001,0.0005
20.09.2017 10:44:00.520 GMT+0100,2507.031,2506.4700000000003,0,0.0014
20.09.2017 10:44:00.570 GMT+0100,2507.13,2506.589,0.0001,0.0005
20.09.2017 10:44:02.230 GMT+0100,2507.031,2506.4700000000003,0,0.0014
20.09.2017 10:44:02.281 GMT+0100,2506.9,2506.4700000000003,0,0.0014
20.09.2017 10:44:02.332 GMT+0100,2506.83,2506.34,0.0001,0.0005
20.09.2017 10:44:02.586 GMT+0100,2506.83,2506.4700000000003,0.0001,0.0005
20.09.2017 10:44:02.636 GMT+0100,2507.03,2506.4700000000003,0.0021,0.0005
20.09.2017 10:44:02.687 GMT+0100,2507.03,2506.589,0.0001,0.0005
20.09.2017 10:44:02.751 GMT+0100,2507.1310000000003,2506.589,0.0001,0.0005
20.09.2017 10:44:05.230 GMT+0100,2506.831,2506.589,0.0001,0.0005
20.09.2017 10:44:05.281 GMT+0100,2506.831,2506.489,0.0001,0.0005
20.09.2017 10:44:13.983 GMT+0100,2506.781,2506.219,0,0.0005
20.09.2017 10:44:14.033 GMT+0100,2506.6510000000003,2506.169,0,0.0014
20.09.2017 10:44:14.149 GMT+0100,2506.63,2506.089,0.0001,0.0005
20.09.2017 10:44:14.199 GMT+0100,2506.63,2506.2200000000003,0.0001,0.0005
20.09.2017 10:44:14.341 GMT+0100,2506.83,2506.339,0.0001,0.0005
20.09.2017 10:44:40.871 GMT+0100,2506.83,2506.469,0.0001,0.0005
20.09.2017 10:44:41.035 GMT+0100,2507.1310000000003,2506.59,0.0001,0.0005
20.09.2017 10:45:08.922 GMT+0100,2507.1310000000003,2506.719,0.0001,0.0005
20.09.2017 10:45:08.974 GMT+0100,2507.281,2506.719,0,0.0005
20.09.2017 10:45:09.025 GMT+0100,2507.331,2506.84,0.0001,0.0005
20.09.2017 10:45:09.133 GMT+0100,2507.1310000000003,2506.59,0.0001,0.0005
20.09.2017 10:45:45.513 GMT+0100,2507.1310000000003,2506.719,0.0001,0.0005
20.09.2017 10:45:45.563 GMT+0100,2507.1310000000003,2506.589,0.0001,0.0005
20.09.2017 10:47:17.188 GMT+0100,2507.1310000000003,2506.7200000000003,0.0001,0.0005
20.09.2017 10:47:17.289 GMT+0100,2507.1310000000003,2506.59,0.0001,0.0005
20.09.2017 10:47:27.515 GMT+0100,2507.1310000000003,2506.7200000000003,0.0001,0.0005
20.09.2017 10:47:27.684 GMT+0100,2507.33,2506.84,0.0001,0.0005
20.09.2017 10:47:30.474 GMT+0100,2507.28,2506.7200000000003,0,0.0005
20.09.2017 10:47:30.525 GMT+0100,2507.1310000000003,2506.7200000000003,0.0001,0.0005
20.09.2017 10:47:34.575 GMT+0100,2507.1310000000003,2506.84,0.0001,0.0005
20.09.2017 10:47:34.625 GMT+0100,2507.331,2506.84,0.0001,0.0005
20.09.2017 10:47:39.565 GMT+0100,2507.281,2506.719,0,0.0005
20.09.2017 10:47:39.616 GMT+0100,2507.13,2506.839,0.0001,0.0005
20.09.2017 10:47:39.735 GMT+0100,2507.331,2506.839,0.0001,0.0005
20.09.2017 10:47:47.574 GMT+0100,2507.281,2506.719,0,0.0005
20.09.2017 10:47:47.625 GMT+0100,2507.23,2506.719,0.0001,0.0005
20.09.2017 10:47:49.499 GMT+0100,2507.23,2506.84,0.0001,0.0005
20.09.2017 10:47:49.549 GMT+0100,2507.33,2506.84,0.0001,0.0005
20.09.2017 10:47:53.960 GMT+0100,2507.281,2506.719,0,0.0005
20.09.2017 10:47:54.011 GMT+0100,2507.1310000000003,2506.59,0.0001,0.0005
20.09.2017 10:48:00.658 GMT+0100,2507.1310000000003,2506.7200000000003,0.0001,0.0005
20.09.2017 10:48:00.709 GMT+0100,2507.28,2506.7200000000003,0,0.0005
20.09.2017 10:48:00.759 GMT+0100,2507.33,2506.839,0.0001,0.0005
20.09.2017 10:49:05.516 GMT+0100,2507.28,2506.7200000000003,0,0.0005
20.09.2017 10:49:05.681 GMT+0100,2507.1310000000003,2506.7400000000002,0.0001,0.0005
20.09.2017 10:49:05.741 GMT+0100,2507.1310000000003,2506.719,0.0001,0.0005
20.09.2017 10:49:05.793 GMT+0100,2507.1310000000003,2506.839,0.0001,0.0005
20.09.2017 10:49:05.844 GMT+0100,2507.331,2506.839,0.0001,0.0005
20.09.2017 10:49:20.257 GMT+0100,2507.28,2506.7200000000003,0,0.0005
20.09.2017 10:49:20.308 GMT+0100,2507.13,2506.7200000000003,0.0001,0.0005
20.09.2017 10:49:20.358 GMT+0100,2507.13,2506.589,0.0001,0.0005
20.09.2017 10:51:36.419 GMT+0100,2507.13,2506.7200000000003,0.0001,0.0005
20.09.2017 10:51:36.471 GMT+0100,2507.13,2506.589,0.0001,0.0005
20.09.2017 10:53:29.413 GMT+0100,2507.13,2506.84,0.0001,0.0005
20.09.2017 10:53:29.464 GMT+0100,2507.331,2506.84,0.0001,0.0005
20.09.2017 10:55:23.779 GMT+0100,2507.331,2506.969,0.0001,0.0005
20.09.2017 10:55:24.052 GMT+0100,2507.331,2506.839,0.0001,0.0005
20.09.2017 10:55:24.834 GMT+0100,2507.331,2506.969,0.0001,0.0005
20.09.2017 10:55:24.884 GMT+0100,2507.531,2506.969,0,0.0019
20.09.2017 10:55:24.935 GMT+0100,2507.6310000000003,2507.089,0.0001,0.0005
20.09.2017 10:55:24.985 GMT+0100,2507.531,2506.969,0,0.0019
20.09.2017 10:55:25.036 GMT+0100,2507.331,2506.839,0.0001,0.0005
20.09.2017 10:55:31.349 GMT+0100,2507.331,2506.9700000000003,0.0001,0.0005
20.09.2017 10:55:31.399 GMT+0100,2507.53,2506.9700000000003,0,0.0019
20.09.2017 10:55:31.450 GMT+0100,2507.63,2507.089,0.0001,0.0005
20.09.2017 10:57:12.120 GMT+0100,2507.531,2506.9700000000003,0,0.0014
20.09.2017 10:57:12.172 GMT+0100,2507.4,2506.9700000000003,0,0.0014
20.09.2017 10:57:12.272 GMT+0100,2507.33,2506.84,0.0001,0.0005
20.09.2017 10:57:29.998 GMT+0100,2507.33,2506.9700000000003,0.0001,0.0005
20.09.2017 10:57:30.188 GMT+0100,2507.63,2507.09,0.0001,0.0005
20.09.2017 10:57:41.134 GMT+0100,2507.53,2506.9700000000003,0,0.0019
20.09.2017 10:57:41.188 GMT+0100,2507.4010000000003,2506.9700000000003,0,0.0014
20.09.2017 10:57:41.518 GMT+0100,2507.331,2506.839,0.0001,0.0005
20.09.2017 10:58:23.775 GMT+0100,2507.331,2506.969,0.0001,0.0005
20.09.2017 10:58:23.947 GMT+0100,2507.63,2507.09,0.0001,0.0005
20.09.2017 10:58:36.978 GMT+0100,2507.33,2507.09,0.0001,0.0005
20.09.2017 10:58:37.029 GMT+0100,2507.33,2506.84,0.0001,0.0005
20.09.2017 10:58:39.332 GMT+0100,2507.33,2506.969,0.0001,0.0005
20.09.2017 10:58:39.505 GMT+0100,2507.6310000000003,2507.09,0.0001,0.0005
20.09.2017 10:58:52.496 GMT+0100,2507.531,2506.969,0,0.0019
20.09.2017 10:58:52.547 GMT+0100,2507.33,2506.839,0.0001,0.0005
20.09.2017 10:58:55.532 GMT+0100,2507.33,2506.969,0.0001,0.0005
20.09.2017 10:58:55.702 GMT+0100,2507.63,2507.09,0.0001,0.0005
20.09.2017 10:59:11.112 GMT+0100,2507.4010000000003,2506.9700000000003,0,0.0014
20.09.2017 10:59:11.162 GMT+0100,2507.531,2507.09,0.0001,0.0005
20.09.2017 10:59:11.286 GMT+0100,2507.63,2507.09,0.0001,0.0005
20.09.2017 11:02:17.270 GMT+0100,2507.63,2507.2400000000002,0.0001,0.0005
20.09.2017 11:02:21.320 GMT+0100,2507.63,2507.09,0.0001,0.0005
20.09.2017 11:02:36.256 GMT+0100,2507.53,2506.9700000000003,0,0.0019
20.09.2017 11:02:36.307 GMT+0100,2507.63,2507.09,0.0001,0.0005
20.09.2017 11:03:11.144 GMT+0100,2507.63,2507.34,0.0001,0.0005
20.09.2017 11:03:11.466 GMT+0100,2507.83,2507.34,0.0001,0.0005
20.09.2017 11:03:11.985 GMT+0100,2507.781,2507.219,0,0.0005
20.09.2017 11:03:12.036 GMT+0100,2507.65,2507.17,0,0.0014
20.09.2017 11:03:12.153 GMT+0100,2507.63,2507.09,0.0001,0.0005
20.09.2017 11:04:24.239 GMT+0100,2507.63,2507.219,0.0001,0.0005
20.09.2017 11:04:24.289 GMT+0100,2507.63,2507.089,0.0001,0.0005
20.09.2017 11:04:49.081 GMT+0100,2507.63,2507.219,0.0001,0.0005
20.09.2017 11:04:49.132 GMT+0100,2507.65,2507.17,0,0.0014
20.09.2017 11:04:49.248 GMT+0100,2507.63,2507.09,0.0001,0.0005
20.09.2017 11:04:52.341 GMT+0100,2507.63,2507.219,0.0001,0.0005
20.09.2017 11:04:52.391 GMT+0100,2507.781,2507.219,0,0.0005
20.09.2017 11:04:52.442 GMT+0100,2507.83,2507.34,0.0001,0.0005
20.09.2017 11:04:55.622 GMT+0100,2507.78,2507.2200000000003,0,0.0005
20.09.2017 11:04:55.672 GMT+0100,2507.6310000000003,2507.2200000000003,0.0001,0.0005
20.09.2017 11:04:55.791 GMT+0100,2507.831,2507.339,0.0001,0.0005
20.09.2017 11:05:07.387 GMT+0100,2507.78,2507.2200000000003,0,0.0005
20.09.2017 11:05:07.440 GMT+0100,2507.6510000000003,2507.169,0,0.0014
20.09.2017 11:05:07.561 GMT+0100,2507.63,2507.089,0.0001,0.0005
20.09.2017 11:08:10.681 GMT+0100,2507.63,2507.289,0.0001,0.0005
20.09.2017 11:08:13.372 GMT+0100,2507.63,2507.09,0.0001,0.0005
20.09.2017 11:08:17.421 GMT+0100,2507.63,2507.239,0.0001,0.0005
20.09.2017 11:08:19.472 GMT+0100,2507.63,2507.089,0.0001,0.0005
20.09.2017 11:08:40.185 GMT+0100,2507.53,2506.9700000000003,0,0.0019
20.09.2017 11:08:40.236 GMT+0100,2507.4010000000003,2506.9700000000003,0,0.0014
20.09.2017 11:08:40.379 GMT+0100,2507.331,2506.839,0.0001,0.0005
20.09.2017 11:09:59.302 GMT+0100,2507.281,2506.719,0,0.0005
20.09.2017 11:09:59.416 GMT+0100,2507.331,2506.84,0.0001,0.0005
20.09.2017 11:10:01.908 GMT+0100,2507.13,2506.84,0.0001,0.0005
20.09.2017 11:10:01.982 GMT+0100,2507.331,2506.84,0.0001,0.0005
20.09.2017 11:10:24.575 GMT+0100,2507.281,2506.719,0,0.0005
20.09.2017 11:10:24.626 GMT+0100,2507.331,2506.84,0.0001,0.0005
20.09.2017 11:10:42.016 GMT+0100,2507.28,2506.7200000000003,0,0.0005
20.09.2017 11:10:42.067 GMT+0100,2507.1510000000003,2506.669,0,0.0014
20.09.2017 11:10:42.117 GMT+0100,2507.331,2506.739,0.0021,0.0005
20.09.2017 11:10:42.181 GMT+0100,2507.1310000000003,2506.739,0.0001,0.0005
20.09.2017 11:10:58.599 GMT+0100,2507.1310000000003,2506.589,0.0001,0.0005
20.09.2017 11:10:59.268 GMT+0100,2507.1310000000003,2506.839,0.0001,0.0005
20.09.2017 11:10:59.318 GMT+0100,2507.331,2506.839,0.0001,0.0005
20.09.2017 11:12:40.364 GMT+0100,2507.331,2506.9700000000003,0.0001,0.0005
20.09.2017 11:12:40.415 GMT+0100,2507.331,2506.84,0.0001,0.0005
20.09.2017 11:12:40.603 GMT+0100,2507.4,2506.969,0,0.0014
20.09.2017 11:12:40.764 GMT+0100,2507.33,2506.84,0.0001,0.0005
20.09.2017 11:12:55.781 GMT+0100,2507.23,2506.84,0.0001,0.0005
20.09.2017 11:12:55.941 GMT+0100,2507.33,2506.84,0.0001,0.0005
20.09.2017 11:13:31.993 GMT+0100,2507.33,2506.9700000000003,0.0001,0.0005
20.09.2017 11:13:32.043 GMT+0100,2507.4,2506.9700000000003,0,0.0014
20.09.2017 11:13:32.163 GMT+0100,2507.331,2506.84,0.0001,0.0005
20.09.2017 11:15:38.440 GMT+0100,2507.28,2506.7200000000003,0,0.0005
20.09.2017 11:15:38.491 GMT+0100,2507.15,2506.669,0,0.0014
20.09.2017 11:15:38.619 GMT+0100,2507.1310000000003,2506.59,0.0001,0.0005
20.09.2017 11:17:28.474 GMT+0100,2507.1310000000003,2506.719,0.0001,0.0005
20.09.2017 11:17:28.688 GMT+0100,2507.33,2506.839,0.0001,0.0005
20.09.2017 11:20:02.805 GMT+0100,2507.281,2506.719,0,0.0005
20.09.2017 11:20:02.856 GMT+0100,2507.15,2506.67,0,0.0014
20.09.2017 11:20:02.968 GMT+0100,2507.1310000000003,2506.59,0.0001,0.0005
20.09.2017 11:20:24.015 GMT+0100,2507.1310000000003,2506.719,0.0001,0.0005
20.09.2017 11:20:24.186 GMT+0100,2507.33,2506.839,0.0001,0.0005
20.09.2017 11:20:55.469 GMT+0100,2507.28,2506.7200000000003,0,0.0005
20.09.2017 11:20:55.519 GMT+0100,2507.13,2506.839,0.0001,0.0005
20.09.2017 11:20:55.645 GMT+0100,2507.33,2506.839,0.0001,0.0005
20.09.2017 11:21:16.940 GMT+0100,2507.28,2506.7200000000003,0,0.0005
20.09.2017 11:21:16.991 GMT+0100,2507.33,2506.84,0.0001,0.0005
20.09.2017 11:21:49.039 GMT+0100,2507.281,2506.719,0,0.0005
20.09.2017 11:21:49.091 GMT+0100,2507.15,2506.67,0,0.0014
20.09.2017 11:21:49.278 GMT+0100,2507.1310000000003,2506.59,0.0001,0.0005
20.09.2017 11:23:53.922 GMT+0100,2507.1310000000003,2506.719,0.0001,0.0005
20.09.2017 11:23:54.126 GMT+0100,2507.28,2506.7200000000003,0,0.0005
20.09.2017 11:23:54.177 GMT+0100,2507.331,2506.84,0.0001,0.0005
20.09.2017 11:27:00.257 GMT+0100,2507.331,2506.989,0.0001,0.0005
20.09.2017 11:27:04.307 GMT+0100,2507.331,2506.84,0.0001,0.0005
20.09.2017 11:30:06.196 GMT+0100,2507.581,2506.989,0.0005,0.0005
20.09.2017 11:30:10.185 GMT+0100,2507.4,2506.84,0.0005,0.0005
20.09.2017 11:32:34.475 GMT+0100,2507.281,2506.719,0.0005,0.0005
20.09.2017 11:32:34.526 GMT+0100,2507.1310000000003,2506.589,0.0001,0.0005
20.09.2017 11:35:40.711 GMT+0100,2507.1310000000003,2506.7400000000002,0.0001,0.0005
20.09.2017 11:35:42.761 GMT+0100,2507.1310000000003,2506.59,0.0001,0.0005
20.09.2017 11:38:44.502 GMT+0100,2507.331,2506.739,0.0005,0.0005
20.09.2017 11:38:44.657 GMT+0100,2507.1510000000003,2506.589,0.0005,0.0005
20.09.2017 11:39:48.574 GMT+0100,2507.031,2506.469,0.0005,0.0005
20.09.2017 11:40:10.278 GMT+0100,2506.831,2506.469,0.0001,0.0005
20.09.2017 11:40:10.328 GMT+0100,2506.831,2506.339,0.0001,0.0005
20.09.2017 11:41:49.995 GMT+0100,2506.831,2506.469,0.0001,0.0005
20.09.2017 11:41:50.045 GMT+0100,2507.1310000000003,2506.59,0.0001,0.0005
20.09.2017 11:41:58.190 GMT+0100,2507.031,2506.469,0,0.0019
20.09.2017 11:41:58.339 GMT+0100,2507.1310000000003,2506.589,0.0001,0.0005
20.09.2017 11:42:04.968 GMT+0100,2507.031,2506.469,0,0.0019
20.09.2017 11:42:05.020 GMT+0100,2506.9010000000003,2506.469,0,0.0014
20.09.2017 11:42:05.155 GMT+0100,2506.831,2506.339,0.0001,0.0005
20.09.2017 11:42:10.097 GMT+0100,2506.9010000000003,2506.4700000000003,0,0.0014
20.09.2017 11:42:10.147 GMT+0100,2507.13,2506.59,0.0001,0.0005
20.09.2017 11:42:26.005 GMT+0100,2507.031,2506.4700000000003,0,0.0014
20.09.2017 11:42:26.056 GMT+0100,2506.83,2506.469,0.0001,0.0005
20.09.2017 11:42:28.247 GMT+0100,2506.83,2506.4700000000003,0.0001,0.0005
20.09.2017 11:42:28.411 GMT+0100,2507.13,2506.589,0.0001,0.0005
20.09.2017 11:42:28.749 GMT+0100,2507.03,2506.4700000000003,0,0.0019
20.09.2017 11:42:28.799 GMT+0100,2506.831,2506.4700000000003,0.0001,0.0005
20.09.2017 11:42:28.850 GMT+0100,2506.831,2506.34,0.0001,0.0005
20.09.2017 11:43:15.169 GMT+0100,2506.831,2506.4700000000003,0.0001,0.0005
20.09.2017 11:43:15.332 GMT+0100,2507.1310000000003,2506.589,0.0001,0.0005
20.09.2017 11:43:16.095 GMT+0100,2507.031,2506.469,0,0.0019
20.09.2017 11:43:16.145 GMT+0100,2506.831,2506.469,0.0001,0.0005
20.09.2017 11:43:16.802 GMT+0100,2507.031,2506.4700000000003,0,0.0014
20.09.2017 11:43:16.853 GMT+0100,2507.13,2506.59,0.0001,0.0005
20.09.2017 11:44:34.454 GMT+0100,2507.03,2506.4700000000003,0,0.0019
20.09.2017 11:44:34.504 GMT+0100,2506.83,2506.4700000000003,0.0001,0.0005
20.09.2017 11:44:42.697 GMT+0100,2507.03,2506.4700000000003,0,0.0019
20.09.2017 11:44:42.748 GMT+0100,2507.13,2506.59,0.0001,0.0005
20.09.2017 11:45:07.880 GMT+0100,2507.03,2506.4700000000003,0,0.0019
20.09.2017 11:45:07.931 GMT+0100,2506.831,2506.4700000000003,0.0001,0.0005
20.09.2017 11:45:07.981 GMT+0100,2506.831,2506.339,0.0001,0.0005
20.09.2017 11:45:10.705 GMT+0100,2506.831,2506.469,0.0001,0.0005
20.09.2017 11:45:10.903 GMT+0100,2507.1310000000003,2506.589,0.0001,0.0005
20.09.2017 11:45:10.954 GMT+0100,2507.1310000000003,2506.539,0.0001,0.0005
20.09.2017 11:45:11.006 GMT+0100,2506.9,2506.469,0,0.0014
20.09.2017 11:45:11.063 GMT+0100,2506.831,2506.34,0.0001,0.0005
20.09.2017 11:45:29.649 GMT+0100,2506.831,2506.589,0.0001,0.0005
20.09.2017 11:45:29.699 GMT+0100,2507.1310000000003,2506.589,0.0001,0.0005
20.09.2017 11:46:04.611 GMT+0100,2507.1310000000003,2506.59,0.0001,0.0005
20.09.2017 11:46:04.706 GMT+0100,2507.031,2506.469,0,0.0019
20.09.2017 11:46:04.759 GMT+0100,2507.08,2506.4900000000002,0,0.0005
20.09.2017 11:46:04.809 GMT+0100,2506.83,2506.4900000000002,0.0001,0.0005
20.09.2017 11:46:15.396 GMT+0100,2506.83,2506.339,0.0001,0.0005
20.09.2017 11:46:15.446 GMT+0100,2506.83,2506.469,0.0001,0.0005
20.09.2017 11:46:15.497 GMT+0100,2506.83,2506.339,0.0001,0.0005
20.09.2017 11:46:46.592 GMT+0100,2506.83,2506.469,0.0001,0.0005
20.09.2017 11:46:46.643 GMT+0100,2507.031,2506.469,0,0.0019
20.09.2017 11:46:46.694 GMT+0100,2507.1310000000003,2506.59,0.0001,0.0005
20.09.2017 11:47:05.529 GMT+0100,2507.03,2506.4700000000003,0,0.0005
20.09.2017 11:47:05.580 GMT+0100,2506.9,2506.469,0,0.0014
20.09.2017 11:47:05.695 GMT+0100,2506.83,2506.34,0.0001,0.0005
20.09.2017 11:48:04.721 GMT+0100,2506.83,2506.469,0.0001,0.0005
20.09.2017 11:48:04.771 GMT+0100,2507.031,2506.4700000000003,0,0.0014
20.09.2017 11:48:04.822 GMT+0100,2507.13,2506.59,0.0001,0.0005
20.09.2017 11:48:27.851 GMT+0100,2507.03,2506.4700000000003,0,0.0019
20.09.2017 11:48:27.901 GMT+0100,2506.831,2506.339,0.0001,0.0005
20.09.2017 11:48:40.686 GMT+0100,2506.831,2506.34,0.0001,0.0005
20.09.2017 11:49:04.578 GMT+0100,2506.831,2506.4700000000003,0.0001,0.0005
20.09.2017 11:49:04.629 GMT+0100,2507.13,2506.589,0.0001,0.0005
20.09.2017 11:49:14.031 GMT+0100,2507.03,2506.4700000000003,0,0.0019
20.09.2017 11:49:14.081 GMT+0100,2506.83,2506.34,0.0001,0.0005
20.09.2017 11:50:21.470 GMT+0100,2506.83,2506.469,0.0001,0.0005
20.09.2017 11:50:21.661 GMT+0100,2507.03,2506.589,0.0001,0.0005
20.09.2017 11:50:21.818 GMT+0100,2507.1310000000003,2506.589,0.0001,0.0005
20.09.2017 11:50:30.983 GMT+0100,2507.031,2506.469,0,0.0019
20.09.2017 11:50:31.033 GMT+0100,2507.1310000000003,2506.59,0.0001,0.0005
20.09.2017 11:51:13.303 GMT+0100,2507.031,2506.469,0,0.0019
20.09.2017 11:51:13.354 GMT+0100,2506.83,2506.34,0.0001,0.0005
20.09.2017 11:51:14.069 GMT+0100,2506.83,2506.469,0.0001,0.0005
20.09.2017 11:51:14.120 GMT+0100,2507.1310000000003,2506.589,0.0001,0.0005
20.09.2017 11:51:50.231 GMT+0100,2507.03,2506.4700000000003,0,0.0005
20.09.2017 11:51:50.281 GMT+0100,2506.831,2506.4700000000003,0.0001,0.0005
20.09.2017 11:51:50.332 GMT+0100,2506.831,2506.339,0.0001,0.0005
20.09.2017 11:51:50.742 GMT+0100,2506.9010000000003,2506.469,0,0.0014
20.09.2017 11:51:50.792 GMT+0100,2507.1310000000003,2506.589,0.0001,0.0005
20.09.2017 11:51:52.828 GMT+0100,2507.03,2506.4700000000003,0,0.0005
20.09.2017 11:51:52.979 GMT+0100,2507.031,2506.589,0.0001,0.0005
20.09.2017 11:51:53.030 GMT+0100,2507.1310000000003,2506.589,0.0001,0.0005
20.09.2017 11:51:53.652 GMT+0100,2507.03,2506.4700000000003,0,0.0005
20.09.2017 11:51:53.703 GMT+0100,2506.83,2506.34,0.0001,0.0005
20.09.2017 11:51:58.095 GMT+0100,2506.83,2506.469,0.0001,0.0005
20.09.2017 11:51:58.146 GMT+0100,2507.13,2506.589,0.0001,0.0005
20.09.2017 11:52:37.481 GMT+0100,2507.031,2506.4700000000003,0,0.0014
20.09.2017 11:52:37.531 GMT+0100,2506.831,2506.469,0.0001,0.0005
20.09.2017 11:53:04.707 GMT+0100,2506.831,2506.34,0.0001,0.0005
20.09.2017 11:55:44.113 GMT+0100,2506.831,2506.4900000000002,0.0001,0.0005
20.09.2017 11:55:46.163 GMT+0100,2506.831,2506.339,0.0001,0.0005
20.09.2017 11:57:36.709 GMT+0100,2506.831,2506.4700000000003,0.0001,0.0005
20.09.2017 11:57:36.759 GMT+0100,2506.9,2506.469,0,0.0014
20.09.2017 11:57:36.810 GMT+0100,2507.081,2506.489,0,0.0005
20.09.2017 11:57:36.884 GMT+0100,2506.83,2506.489,0.0001,0.0005
20.09.2017 11:57:37.265 GMT+0100,2506.83,2506.339,0.0001,0.0005
20.09.2017 11:57:45.975 GMT+0100,2506.83,2506.469,0.0001,0.0005
20.09.2017 11:57:46.025 GMT+0100,2507.031,2506.4700000000003,0,0.0014
20.09.2017 11:57:46.076 GMT+0100,2507.13,2506.59,0.0001,0.0005
20.09.2017 11:57:58.276 GMT+0100,2507.03,2506.4700000000003,0,0.0019
20.09.2017 11:57:58.411 GMT+0100,2506.83,2506.34,0.0001,0.0005
20.09.2017 11:58:00.422 GMT+0100,2506.83,2506.469,0.0001,0.0005
20.09.2017 11:58:00.473 GMT+0100,2507.03,2506.4700000000003,0,0.0019
20.09.2017 11:58:00.523 GMT+0100,2507.13,2506.59,0.0001,0.0005
20.09.2017 11:58:27.047 GMT+0100,2507.031,2506.4700000000003,0,0.0014
20.09.2017 11:58:27.185 GMT+0100,2506.9010000000003,2506.4700000000003,0,0.0014
20.09.2017 11:58:27.237 GMT+0100,2507.03,2506.4700000000003,0,0.0019
20.09.2017 11:58:27.288 GMT+0100,2507.13,2506.59,0.0001,0.0005
20.09.2017 11:58:33.087 GMT+0100,2507.031,2506.4700000000003,0,0.0014
20.09.2017 11:58:33.137 GMT+0100,2507.13,2506.589,0.0001,0.0005
20.09.2017 11:59:48.807 GMT+0100,2507.13,2506.719,0.0001,0.0005
20.09.2017 11:59:48.858 GMT+0100,2507.281,2506.719,0,0.0005
20.09.2017 11:59:48.908 GMT+0100,2507.331,2506.84,0.0001,0.0005
20.09.2017 12:00:00.191 GMT+0100,2507.331,2506.969,0.0001,0.0005
20.09.2017 12:00:00.273 GMT+0100,2507.331,2506.839,0.0001,0.0005
20.09.2017 12:00:02.788 GMT+0100,2507.331,2506.969,0.0001,0.0005
20.09.2017 12:00:02.839 GMT+0100,2507.331,2506.839,0.0001,0.0005
20.09.2017 12:00:03.217 GMT+0100,2507.331,2506.969,0.0001,0.0005
20.09.2017 12:00:03.318 GMT+0100,2507.331,2506.84,0.0001,0.0005
20.09.2017 12:01:01.304 GMT+0100,2507.331,2506.669,0.0001,0.0019
20.09.2017 12:01:22.655 GMT+0100,2507.331,2506.84,0.0001,0.0005
20.09.2017 12:02:29.938 GMT+0100,2507.331,2506.9700000000003,0.0001,0.0005
20.09.2017 12:02:29.988 GMT+0100,2507.331,2506.92,0.0001,0.0005
20.09.2017 12:02:30.039 GMT+0100,2507.331,2506.84,0.0001,0.0005
20.09.2017 12:02:43.065 GMT+0100,2507.331,2506.969,0.0001,0.0005
20.09.2017 12:02:43.166 GMT+0100,2507.331,2506.839,0.0001,0.0005
20.09.2017 12:02:50.521 GMT+0100,2507.331,2507.039,0.0001,0.0005
20.09.2017 12:02:50.633 GMT+0100,2507.6310000000003,2507.09,0.0001,0.0005
20.09.2017 12:02:50.719 GMT+0100,2507.53,2506.9700000000003,0,0.0005
20.09.2017 12:02:50.769 GMT+0100,2507.4010000000003,2506.969,0,0.0014
20.09.2017 12:02:50.820 GMT+0100,2507.331,2506.839,0.0001,0.0005
20.09.2017 12:03:00.713 GMT+0100,2507.331,2506.969,0.0001,0.0005
20.09.2017 12:03:00.763 GMT+0100,2507.6310000000003,2507.089,0.0001,0.0005
20.09.2017 12:03:02.296 GMT+0100,2507.331,2507.089,0.0001,0.0005
20.09.2017 12:03:02.346 GMT+0100,2507.331,2506.84,0.0001,0.0005
20.09.2017 12:03:18.989 GMT+0100,2507.4,2506.969,0,0.0014
20.09.2017 12:03:19.040 GMT+0100,2507.6310000000003,2507.09,0.0001,0.0005
20.09.2017 12:03:34.747 GMT+0100,2507.53,2506.9700000000003,0,0.0005
20.09.2017 12:03:34.798 GMT+0100,2507.4010000000003,2506.969,0,0.0014
20.09.2017 12:03:34.849 GMT+0100,2507.581,2506.989,0,0.0005
20.09.2017 12:03:34.919 GMT+0100,2507.331,2506.989,0.0001,0.0005
20.09.2017 12:03:36.827 GMT+0100,2507.331,2506.9700000000003,0.0001,0.0005
20.09.2017 12:03:36.880 GMT+0100,2507.331,2507.09,0.0001,0.0005
20.09.2017 12:03:36.992 GMT+0100,2507.6310000000003,2507.09,0.0001,0.0005
20.09.2017 12:03:38.230 GMT+0100,2507.531,2506.969,0,0.0019
20.09.2017 12:03:38.281 GMT+0100,2507.4,2506.969,0,0.0014
20.09.2017 12:03:38.379 GMT+0100,2507.331,2506.84,0.0001,0.0005
20.09.2017 12:03:40.299 GMT+0100,2507.331,2506.9700000000003,0.0001,0.0005
20.09.2017 12:03:40.349 GMT+0100,2507.53,2506.9700000000003,0,0.0019
20.09.2017 12:03:40.400 GMT+0100,2507.63,2507.089,0.0001,0.0005
20.09.2017 12:03:41.064 GMT+0100,2507.531,2506.9700000000003,0,0.0014
20.09.2017 12:03:41.114 GMT+0100,2507.331,2506.9700000000003,0.0001,0.0005
20.09.2017 12:03:41.588 GMT+0100,2507.331,2506.839,0.0001,0.0005
20.09.2017 12:05:02.903 GMT+0100,2507.331,2506.9700000000003,0.0001,0.0005
20.09.2017 12:05:02.953 GMT+0100,2507.63,2507.089,0.0001,0.0005
20.09.2017 12:05:19.969 GMT+0100,2507.53,2506.9700000000003,0,0.0019
20.09.2017 12:05:20.019 GMT+0100,2507.33,2506.839,0.0001,0.0005
20.09.2017 12:05:20.341 GMT+0100,2507.63,2507.09,0.0001,0.0005
20.09.2017 12:05:44.093 GMT+0100,2507.53,2506.9700000000003,0,0.0019
20.09.2017 12:05:44.144 GMT+0100,2507.331,2506.9700000000003,0.0001,0.0005
20.09.2017 12:05:58.131 GMT+0100,2507.331,2506.839,0.0001,0.0005
20.09.2017 12:06:56.922 GMT+0100,2507.331,2506.9700000000003,0.0001,0.0005
20.09.2017 12:06:56.972 GMT+0100,2507.331,2506.839,0.0001,0.0005
20.09.2017 12:07:01.610 GMT+0100,2507.331,2506.9700000000003,0.0001,0.0005
20.09.2017 12:07:01.765 GMT+0100,2507.63,2507.09,0.0001,0.0005
20.09.2017 12:07:03.713 GMT+0100,2507.531,2506.9700000000003,0,0.0014
20.09.2017 12:07:04.912 GMT+0100,2507.63,2507.09,0.0001,0.0005
20.09.2017 12:08:35.316 GMT+0100,2507.4,2506.9700000000003,0,0.0014
20.09.2017 12:08:35.513 GMT+0100,2507.331,2506.84,0.0001,0.0005
20.09.2017 12:11:23.116 GMT+0100,2507.331,2506.9700000000003,0.0001,0.0005
20.09.2017 12:11:23.444 GMT+0100,2507.6310000000003,2507.089,0.0001,0.0005
20.09.2017 12:11:24.882 GMT+0100,2507.531,2506.969,0,0.0019
20.09.2017 12:11:24.932 GMT+0100,2507.33,2506.839,0.0001,0.0005
20.09.2017 12:11:25.578 GMT+0100,2507.33,2506.9700000000003,0.0001,0.0005
20.09.2017 12:11:25.629 GMT+0100,2507.6310000000003,2507.09,0.0001,0.0005
20.09.2017 12:12:08.905 GMT+0100,2507.53,2506.9700000000003,0,0.0005
20.09.2017 12:12:08.956 GMT+0100,2507.331,2506.9900000000002,0.0001,0.0005
20.09.2017 12:12:11.367 GMT+0100,2507.58,2506.9900000000002,0,0.0005
20.09.2017 12:12:11.418 GMT+0100,2507.63,2507.089,0.0001,0.0005
20.09.2017 12:15:19.952 GMT+0100,2507.63,2507.239,0.0001,0.0005
20.09.2017 12:15:24.002 GMT+0100,2507.63,2507.09,0.0001,0.0005
20.09.2017 12:18:25.919 GMT+0100,2507.831,2507.239,0.0005,0.0005
20.09.2017 12:18:27.970 GMT+0100,2507.65,2507.09,0.0005,0.0005
20.09.2017 12:21:28.122 GMT+0100,2507.831,2507.239,0.0005,0.0005
20.09.2017 12:21:30.210 GMT+0100,2507.6510000000003,2507.089,0.0005,0.0005
20.09.2017 12:24:30.321 GMT+0100,2507.831,2507.239,0.0005,0.0005
20.09.2017 12:24:32.667 GMT+0100,2507.9,2507.34,0.0005,0.0005
20.09.2017 12:25:16.828 GMT+0100,2507.781,2507.219,0,0.0005
20.09.2017 12:25:16.882 GMT+0100,2507.65,2507.169,0,0.0014
20.09.2017 12:25:27.273 GMT+0100,2507.6310000000003,2507.09,0.0001,0.0005
20.09.2017 12:27:46.745 GMT+0100,2507.6310000000003,2507.2200000000003,0.0001,0.0005
20.09.2017 12:27:46.795 GMT+0100,2507.83,2507.34,0.0001,0.0005
20.09.2017 12:28:22.477 GMT+0100,2507.63,2507.34,0.0001,0.0005
20.09.2017 12:28:22.609 GMT+0100,2507.83,2507.339,0.0001,0.0005
20.09.2017 12:31:28.602 GMT+0100,2507.83,2507.489,0.0001,0.0005
20.09.2017 12:31:30.654 GMT+0100,2507.83,2507.339,0.0001,0.0005
20.09.2017 12:32:42.777 GMT+0100,2507.83,2507.4700000000003,0.0001,0.0005
20.09.2017 12:32:42.958 GMT+0100,2508.1310000000003,2507.589,0.0001,0.0005
20.09.2017 12:32:58.795 GMT+0100,2508.031,2507.469,0,0.0019
20.09.2017 12:32:58.845 GMT+0100,2507.9,2507.469,0,0.0014
20.09.2017 12:32:58.961 GMT+0100,2507.831,2507.34,0.0001,0.0005
20.09.2017 12:35:08.154 GMT+0100,2507.781,2507.219,0,0.0005
20.09.2017 12:35:08.204 GMT+0100,2507.65,2507.169,0,0.0014
20.09.2017 12:35:08.325 GMT+0100,2507.6310000000003,2507.09,0.0001,0.0005
20.09.2017 12:38:14.636 GMT+0100,2507.83,2507.2400000000002,0.0021,0.0005
20.09.2017 12:38:16.686 GMT+0100,2507.6510000000003,2507.089,0.0021,0.0005
20.09.2017 12:40:20.170 GMT+0100,2507.531,2506.969,0.0005,0.0005
20.09.2017 12:40:20.220 GMT+0100,2507.4,2506.84,0.002,0.0005
20.09.2017 12:41:15.705 GMT+0100,2507.58,2506.67,0.002,0.0005
20.09.2017 12:41:15.756 GMT+0100,2507.28,2506.7200000000003,0.0005,0.0005
20.09.2017 12:41:16.136 GMT+0100,2507.4,2506.84,0.002,0.0005
20.09.2017 12:41:17.905 GMT+0100,2507.28,2506.7200000000003,0.0005,0.0005
20.09.2017 12:41:18.035 GMT+0100,2507.4,2506.84,0.002,0.0005
20.09.2017 12:41:18.085 GMT+0100,2507.4,2506.84,0.002,0.0005
20.09.2017 12:41:41.371 GMT+0100,2507.4,2506.84,0.002,0.0005
20.09.2017 12:41:41.506 GMT+0100,2507.4,2506.84,0.002,0.0005
20.09.2017 12:41:58.317 GMT+0100,2507.281,2506.719,0.0005,0.0005
20.09.2017 12:41:58.477 GMT+0100,2507.4010000000003,2506.839,0.002,0.0005
20.09.2017 12:41:58.528 GMT+0100,2507.4010000000003,2506.839,0.002,0.0005
20.09.2017 12:42:47.249 GMT+0100,2507.581,2506.67,0.002,0.0015
20.09.2017 12:42:47.299 GMT+0100,2507.581,2506.669,0.002,0.0005
20.09.2017 12:42:47.350 GMT+0100,2507.15,2506.59,0.002,0.0005
20.09.2017 12:42:47.505 GMT+0100,2507.281,2506.719,0.002,0.0005
20.09.2017 12:42:47.609 GMT+0100,2507.4,2506.84,0.002,0.0005
20.09.2017 12:42:57.142 GMT+0100,2507.281,2506.719,0.0005,0.0005
20.09.2017 12:42:57.590 GMT+0100,2507.281,2506.719,0.002,0.0005
20.09.2017 12:42:57.750 GMT+0100,2507.4,2506.84,0.002,0.0005
20.09.2017 12:42:59.759 GMT+0100,2507.28,2506.7200000000003,0.0005,0.0005
20.09.2017 12:42:59.910 GMT+0100,2507.15,2506.669,0.0005,0.0015
20.09.2017 12:43:00.051 GMT+0100,2507.4,2506.84,0.002,0.0005
20.09.2017 12:43:08.315 GMT+0100,2507.28,2506.7200000000003,0.0005,0.0005
20.09.2017 12:43:08.366 GMT+0100,2507.15,2506.59,0.002,0.0005
20.09.2017 12:43:25.382 GMT+0100,2507.281,2506.719,0.0005,0.0005
20.09.2017 12:43:25.522 GMT+0100,2507.281,2506.719,0.002,0.0005
20.09.2017 12:43:25.575 GMT+0100,2507.4010000000003,2506.839,0.002,0.0005
20.09.2017 12:43:27.239 GMT+0100,2507.281,2506.719,0.0005,0.0005
20.09.2017 12:43:27.289 GMT+0100,2507.281,2506.719,0.002,0.0005
20.09.2017 12:43:27.440 GMT+0100,2507.4010000000003,2506.839,0.002,0.0005
20.09.2017 12:43:37.343 GMT+0100,2507.281,2506.719,0.0005,0.0005
20.09.2017 12:43:37.428 GMT+0100,2507.4010000000003,2506.839,0.002,0.0005
20.09.2017 12:43:43.694 GMT+0100,2507.281,2506.719,0.0005,0.0005
20.09.2017 12:43:45.268 GMT+0100,2507.281,2506.719,0.002,0.0005
20.09.2017 12:43:45.596 GMT+0100,2507.4010000000003,2506.839,0.002,0.0005
20.09.2017 12:44:04.206 GMT+0100,2507.281,2506.719,0.0005,0.0005
20.09.2017 12:44:04.256 GMT+0100,2507.1510000000003,2506.589,0.002,0.0005
20.09.2017 12:44:56.796 GMT+0100,2507.28,2506.7200000000003,0.0005,0.0005
20.09.2017 12:44:56.848 GMT+0100,2507.1510000000003,2506.589,0.002,0.0005
20.09.2017 12:45:21.779 GMT+0100,2507.281,2506.719,0.0005,0.0005
20.09.2017 12:45:21.830 GMT+0100,2507.15,2506.669,0.0005,0.0015
20.09.2017 12:45:21.880 GMT+0100,2507.33,2506.7400000000002,0.0005,0.0005
20.09.2017 12:45:21.948 GMT+0100,2507.33,2506.7400000000002,0.002,0.0005
20.09.2017 12:45:34.506 GMT+0100,2507.1510000000003,2506.589,0.002,0.0005
20.09.2017 12:46:28.191 GMT+0100,2507.28,2506.7200000000003,0.002,0.0005
20.09.2017 12:46:28.341 GMT+0100,2507.15,2506.67,0.0005,0.0015
20.09.2017 12:46:28.416 GMT+0100,2507.281,2506.719,0.0005,0.0005
20.09.2017 12:46:28.466 GMT+0100,2507.4,2506.84,0.002,0.0005
20.09.2017 12:46:28.575 GMT+0100,2507.581,2506.789,0.002,0.0005
20.09.2017 12:46:28.628 GMT+0100,2507.1510000000003,2506.67,0.0005,0.0015
20.09.2017 12:46:28.678 GMT+0100,2507.1510000000003,2506.589,0.002,0.0005
20.09.2017 12:46:31.159 GMT+0100,2507.28,2506.7200000000003,0.002,0.0005
20.09.2017 12:46:31.260 GMT+0100,2507.4,2506.84,0.002,0.0005
20.09.2017 12:46:31.432 GMT+0100,2507.28,2506.7200000000003,0.0005,0.0005
20.09.2017 12:46:31.483 GMT+0100,2507.15,2506.67,0.0005,0.0015
20.09.2017 12:46:31.533 GMT+0100,2507.33,2506.7400000000002,0.002,0.0005
20.09.2017 12:46:31.584 GMT+0100,2507.33,2506.7400000000002,0.002,0.0005
20.09.2017 12:46:32.173 GMT+0100,2507.28,2506.7200000000003,0.002,0.0005
20.09.2017 12:46:32.223 GMT+0100,2507.4,2506.84,0.002,0.0005
20.09.2017 12:46:32.274 GMT+0100,2507.15,2506.59,0.002,0.0005
20.09.2017 12:46:32.324 GMT+0100,2507.33,2506.7400000000002,0.002,0.0005
20.09.2017 12:46:32.439 GMT+0100,2507.28,2506.7200000000003,0.002,0.0005
20.09.2017 12:46:32.489 GMT+0100,2507.4,2506.84,0.002,0.0005
20.09.2017 12:46:32.540 GMT+0100,2507.28,2506.7200000000003,0.0005,0.0005
20.09.2017 12:46:32.648 GMT+0100,2507.331,2506.739,0.002,0.0005
20.09.2017 12:46:32.699 GMT+0100,2507.1510000000003,2506.589,0.002,0.0005
20.09.2017 12:46:52.275 GMT+0100,2507.281,2506.719,0.002,0.0005
20.09.2017 12:46:52.326 GMT+0100,2507.4010000000003,2506.839,0.002,0.0005
20.09.2017 12:46:52.382 GMT+0100,2507.281,2506.719,0.0005,0.0005
20.09.2017 12:46:52.507 GMT+0100,2507.58,2506.79,0.002,0.0005
20.09.2017 12:47:05.154 GMT+0100,2507.28,2506.7200000000003,0.002,0.0005
20.09.2017 12:47:05.204 GMT+0100,2507.15,2506.59,0.002,0.0005
20.09.2017 12:47:05.262 GMT+0100,2507.28,2506.7200000000003,0.002,0.0005
20.09.2017 12:47:05.312 GMT+0100,2507.4010000000003,2506.839,0.002,0.0005
20.09.2017 12:47:05.365 GMT+0100,2507.28,2506.7200000000003,0.0005,0.0005
20.09.2017 12:47:05.417 GMT+0100,2507.58,2506.7400000000002,0.002,0.0005
20.09.2017 12:47:05.473 GMT+0100,2507.58,2506.7400000000002,0.002,0.0005
20.09.2017 12:47:05.776 GMT+0100,2507.1510000000003,2506.589,0.002,0.0005
20.09.2017 12:47:10.569 GMT+0100,2507.281,2506.719,0.002,0.0005
20.09.2017 12:47:10.727 GMT+0100,2507.1510000000003,2506.589,0.002,0.0005
20.09.2017 12:47:10.778 GMT+0100,2507.281,2506.719,0.002,0.0005
20.09.2017 12:47:10.828 GMT+0100,2507.15,2506.59,0.002,0.0005
20.09.2017 12:47:13.707 GMT+0100,2507.281,2506.719,0.002,0.0005
20.09.2017 12:47:13.758 GMT+0100,2507.281,2506.719,0.0005,0.0005
20.09.2017 12:47:13.905 GMT+0100,2507.331,2506.739,0.002,0.0005
20.09.2017 12:47:25.813 GMT+0100,2507.1510000000003,2506.589,0.002,0.0005
20.09.2017 12:47:31.410 GMT+0100,2507.031,2506.4700000000003,0.0005,0.0015
20.09.2017 12:47:31.462 GMT+0100,2506.9010000000003,2506.4700000000003,0.0005,0.0015
20.09.2017 12:47:31.567 GMT+0100,2506.9010000000003,2506.339,0.002,0.0005
20.09.2017 12:47:34.539 GMT+0100,2507.03,2506.4700000000003,0.002,0.0005
20.09.2017 12:47:34.589 GMT+0100,2507.03,2506.4700000000003,0.0005,0.0005
20.09.2017 12:47:34.639 GMT+0100,2507.1510000000003,2506.589,0.002,0.0005
20.09.2017 12:49:52.710 GMT+0100,2506.9010000000003,2506.469,0.0005,0.0015
20.09.2017 12:49:52.874 GMT+0100,2507.031,2506.469,0.0005,0.002
20.09.2017 12:49:52.925 GMT+0100,2507.15,2506.59,0.002,0.0005
20.09.2017 12:53:00.924 GMT+0100,2507.33,2506.7400000000002,0.0005,0.0005
20.09.2017 12:53:04.554 GMT+0100,2507.15,2506.59,0.0005,0.0005
20.09.2017 12:53:24.166 GMT+0100,2507.531,2506.969,0.0005,0.0005
20.09.2017 12:53:24.283 GMT+0100,2507.6510000000003,2507.089,0.0005,0.0005
20.09.2017 12:53:40.666 GMT+0100,2507.53,2506.9700000000003,0.002,0.0005
20.09.2017 12:53:40.718 GMT+0100,2507.4010000000003,2506.839,0.002,0.0005
20.09.2017 12:53:42.413 GMT+0100,2507.53,2506.9700000000003,0.002,0.0005
20.09.2017 12:53:42.463 GMT+0100,2507.53,2506.9700000000003,0.002,0.0005
20.09.2017 12:53:42.514 GMT+0100,2507.83,2507.04,0.002,0.0005
20.09.2017 12:53:43.042 GMT+0100,2507.83,2507.04,0.002,0.0005
20.09.2017 12:53:43.093 GMT+0100,2507.531,2506.969,0.002,0.0005
20.09.2017 12:53:43.228 GMT+0100,2507.6510000000003,2507.089,0.002,0.0005
20.09.2017 12:53:43.329 GMT+0100,2507.6510000000003,2507.089,0.002,0.0005
20.09.2017 12:53:43.379 GMT+0100,2507.4010000000003,2506.9700000000003,0.0005,0.0015
20.09.2017 12:53:43.429 GMT+0100,2507.4010000000003,2506.839,0.002,0.0005
20.09.2017 12:54:23.560 GMT+0100,2507.531,2506.969,0.002,0.0005
20.09.2017 12:54:23.611 GMT+0100,2507.4010000000003,2506.839,0.002,0.0005
20.09.2017 12:54:23.975 GMT+0100,2507.531,2506.969,0.002,0.0005
20.09.2017 12:54:24.114 GMT+0100,2507.53,2506.9700000000003,0.002,0.0005
20.09.2017 12:54:25.000 GMT+0100,2507.83,2507.04,0.002,0.0005
20.09.2017 12:54:25.100 GMT+0100,2507.4010000000003,2506.839,0.002,0.0005
20.09.2017 12:54:27.652 GMT+0100,2507.4010000000003,2506.9700000000003,0.0005,0.0015
20.09.2017 12:54:27.702 GMT+0100,2507.65,2507.09,0.002,0.0005
20.09.2017 12:54:53.005 GMT+0100,2507.531,2506.9700000000003,0.0005,0.0015
20.09.2017 12:54:53.063 GMT+0100,2507.581,2506.989,0.0005,0.0005
20.09.2017 12:54:53.113 GMT+0100,2507.581,2506.989,0.002,0.0005
20.09.2017 12:55:19.258 GMT+0100,2507.4,2506.84,0.002,0.0005
20.09.2017 12:57:53.252 GMT+0100,2507.64,2507.04,0.002,0.0005
20.09.2017 12:57:57.302 GMT+0100,2507.4,2506.84,0.002,0.0005
20.09.2017 12:57:59.352 GMT+0100,2507.581,2506.989,0.002,0.0005
20.09.2017 12:58:01.403 GMT+0100,2507.4010000000003,2506.839,0.002,0.0005
20.09.2017 12:58:14.024 GMT+0100,2507.28,2506.7200000000003,0.0005,0.0005
20.09.2017 12:58:14.076 GMT+0100,2507.15,2506.67,0.0005,0.0015
20.09.2017 12:58:14.126 GMT+0100,2507.15,2506.59,0.002,0.0005
20.09.2017 12:58:37.432 GMT+0100,2507.031,2506.4700000000003,0.0005,0.0015
20.09.2017 12:58:37.483 GMT+0100,2507.1510000000003,2506.589,0.002,0.0005
20.09.2017 12:58:38.519 GMT+0100,2507.13,2506.4700000000003,0.002,0.002
20.09.2017 12:58:44.362 GMT+0100,2506.83,2506.17,0.002,0.002
20.09.2017 12:59:42.717 GMT+0100,2507.03,2506.4700000000003,0.002,0.0005
20.09.2017 12:59:45.666 GMT+0100,2506.9,2506.34,0.002,0.0005
20.09.2017 13:00:45.166 GMT+0100,2506.78,2506.2200000000003,0.0005,0.0005
20.09.2017 13:00:45.216 GMT+0100,2506.9010000000003,2506.339,0.002,0.0005
20.09.2017 13:00:45.267 GMT+0100,2506.78,2506.2200000000003,0.0005,0.0005
20.09.2017 13:00:45.406 GMT+0100,2507.081,2506.239,0.002,0.0005
20.09.2017 13:00:45.763 GMT+0100,2506.65,2506.09,0.002,0.0005
20.09.2017 13:00:46.439 GMT+0100,2506.78,2506.2200000000003,0.002,0.0005
20.09.2017 13:00:46.490 GMT+0100,2506.9010000000003,2506.339,0.002,0.0005
20.09.2017 13:02:18.805 GMT+0100,2507.031,2506.469,0.002,0.0005
20.09.2017 13:02:18.967 GMT+0100,2507.1510000000003,2506.589,0.002,0.0005
20.09.2017 13:02:42.208 GMT+0100,2507.03,2506.4700000000003,0.0005,0.002
20.09.2017 13:02:42.258 GMT+0100,2507.03,2506.4700000000003,0.002,0.0005
20.09.2017 13:02:42.374 GMT+0100,2507.15,2506.59,0.002,0.0005
20.09.2017 13:04:36.750 GMT+0100,2507.4010000000003,2506.839,0.002,0.0005
20.09.2017 13:04:36.801 GMT+0100,2507.4010000000003,2506.839,0.002,0.0005
20.09.2017 13:04:55.575 GMT+0100,2507.281,2506.719,0.0005,0.0005
20.09.2017 13:04:55.626 GMT+0100,2507.33,2506.7400000000002,0.002,0.0005
20.09.2017 13:04:55.677 GMT+0100,2507.33,2506.7400000000002,0.002,0.0005
20.09.2017 13:05:10.450 GMT+0100,2507.15,2506.59,0.002,0.0005
20.09.2017 13:07:55.605 GMT+0100,2507.39,2506.79,0.002,0.0005
20.09.2017 13:07:57.884 GMT+0100,2507.351,2506.789,0.002,0.0005
20.09.2017 13:07:59.655 GMT+0100,2507.15,2506.59,0.002,0.0005
20.09.2017 13:08:01.705 GMT+0100,2507.331,2506.739,0.002,0.0005
20.09.2017 13:08:05.756 GMT+0100,2507.1510000000003,2506.589,0.002,0.0005
20.09.2017 13:10:46.717 GMT+0100,2507.281,2506.719,0.0005,0.0005
20.09.2017 13:10:46.770 GMT+0100,2507.4010000000003,2506.839,0.0005,0.0005
20.09.2017 13:11:05.226 GMT+0100,2507.281,2506.719,0.0005,0.0005
20.09.2017 13:11:19.755 GMT+0100,2507.1510000000003,2506.589,0.002,0.0005
20.09.2017 13:11:23.181 GMT+0100,2507.28,2506.7200000000003,0.002,0.0005
20.09.2017 13:11:23.231 GMT+0100,2507.4010000000003,2506.839,0.002,0.0005
20.09.2017 13:13:57.584 GMT+0100,2507.331,2506.739,0.002,0.0005
20.09.2017 13:13:57.676 GMT+0100,2507.331,2506.739,0.002,0.0005
20.09.2017 13:14:07.703 GMT+0100,2507.28,2506.7200000000003,0.002,0.0005
20.09.2017 13:14:07.754 GMT+0100,2507.28,2506.7200000000003,0.0005,0.0005
20.09.2017 13:14:07.804 GMT+0100,2507.4,2506.84,0.002,0.0005
20.09.2017 13:14:26.108 GMT+0100,2507.28,2506.7200000000003,0.0005,0.0005
20.09.2017 13:14:26.159 GMT+0100,2507.15,2506.59,0.002,0.0005
20.09.2017 13:16:28.440 GMT+0100,2507.28,2506.7200000000003,0.002,0.0005
20.09.2017 13:16:28.675 GMT+0100,2507.4,2506.84,0.002,0.0005
20.09.2017 13:17:03.201 GMT+0100,2507.281,2506.719,0.0005,0.0005
20.09.2017 13:17:03.251 GMT+0100,2507.15,2506.669,0.0005,0.0015
20.09.2017 13:17:03.437 GMT+0100,2507.4010000000003,2506.839,0.002,0.0005
20.09.2017 13:20:10.059 GMT+0100,2507.58,2506.9900000000002,0.002,0.0005
20.09.2017 13:20:12.110 GMT+0100,2507.4010000000003,2506.839,0.002,0.0005
20.09.2017 13:21:55.682 GMT+0100,2507.53,2506.9700000000003,0.002,0.0005
20.09.2017 13:21:55.847 GMT+0100,2507.6510000000003,2507.089,0.002,0.0005
20.09.2017 13:23:20.477 GMT+0100,2507.831,2506.969,0.002,0.0015
20.09.2017 13:23:20.528 GMT+0100,2507.4,2506.969,0.0005,0.0015
20.09.2017 13:23:20.616 GMT+0100,2507.53,2506.9700000000003,0.0005,0.0005
20.09.2017 13:23:20.666 GMT+0100,2507.4,2506.969,0.0005,0.0015
20.09.2017 13:23:20.717 GMT+0100,2507.581,2506.989,0.0005,0.0005
20.09.2017 13:23:20.801 GMT+0100,2507.581,2506.989,0.002,0.0005
20.09.2017 13:23:28.179 GMT+0100,2507.531,2506.969,0.002,0.0005
20.09.2017 13:23:30.707 GMT+0100,2507.53,2506.9700000000003,0.002,0.0005
20.09.2017 13:23:30.759 GMT+0100,2507.65,2507.09,0.002,0.0005
20.09.2017 13:23:30.839 GMT+0100,2507.65,2507.09,0.002,0.0005
20.09.2017 13:23:43.629 GMT+0100,2507.53,2506.9700000000003,0.0005,0.0005
20.09.2017 13:23:43.679 GMT+0100,2507.4010000000003,2506.969,0.0005,0.0015
20.09.2017 13:23:43.730 GMT+0100,2507.581,2506.989,0.0005,0.0005
20.09.2017 13:23:43.796 GMT+0100,2507.581,2506.989,0.002,0.0005
20.09.2017 13:23:52.044 GMT+0100,2507.53,2506.9700000000003,0.002,0.0005
20.09.2017 13:23:52.095 GMT+0100,2507.53,2506.9700000000003,0.0005,0.002
20.09.2017 13:23:52.145 GMT+0100,2507.65,2507.09,0.002,0.0005
20.09.2017 13:26:58.552 GMT+0100,2507.83,2507.2400000000002,0.002,0.0005
20.09.2017 13:27:02.200 GMT+0100,2507.6510000000003,2507.089,0.002,0.0005
20.09.2017 13:28:34.068 GMT+0100,2507.831,2506.9700000000003,0.002,0.0015
20.09.2017 13:28:34.118 GMT+0100,2507.831,2506.919,0.002,0.0005
20.09.2017 13:28:34.169 GMT+0100,2507.4010000000003,2506.839,0.002,0.0005
20.09.2017 13:31:40.610 GMT+0100,2507.581,2506.989,0.002,0.0005
20.09.2017 13:31:41.036 GMT+0100,2507.4010000000003,2506.839,0.002,0.0005
20.09.2017 13:34:42.812 GMT+0100,2507.581,2506.989,0.0005,0.0005
20.09.2017 13:34:45.514 GMT+0100,2507.28,2506.7200000000003,0.0005,0.0005
20.09.2017 13:36:01.499 GMT+0100,2507.581,2506.669,0.002,0.002
20.09.2017 13:36:01.549 GMT+0100,2507.281,2506.719,0.002,0.0005
20.09.2017 13:36:01.669 GMT+0100,2507.4,2506.84,0.002,0.0005
20.09.2017 13:36:27.977 GMT+0100,2507.53,2506.9700000000003,0.002,0.0005
20.09.2017 13:36:28.027 GMT+0100,2507.4010000000003,2506.839,0.002,0.0005
20.09.2017 13:38:57.971 GMT+0100,2507.53,2506.9700000000003,0.002,0.0005
20.09.2017 13:38:58.022 GMT+0100,2507.65,2507.09,0.002,0.0005
20.09.2017 13:39:13.958 GMT+0100,2507.531,2506.9700000000003,0.0005,0.0015
20.09.2017 13:39:14.009 GMT+0100,2507.531,2506.969,0.002,0.0005
20.09.2017 13:39:14.158 GMT+0100,2507.65,2507.09,0.002,0.0005
20.09.2017 13:40:07.810 GMT+0100,2507.78,2507.2200000000003,0.002,0.0005
20.09.2017 13:40:07.974 GMT+0100,2507.78,2507.2200000000003,0.0005,0.0005
20.09.2017 13:40:17.782 GMT+0100,2507.78,2507.2200000000003,0.002,0.0005
20.09.2017 13:40:17.832 GMT+0100,2507.6510000000003,2507.089,0.002,0.0005
20.09.2017 13:40:17.905 GMT+0100,2507.831,2507.239,0.002,0.0005
20.09.2017 13:40:31.445 GMT+0100,2507.65,2507.09,0.002,0.0005
20.09.2017 13:43:26.018 GMT+0100,2507.84,2507.2400000000002,0.002,0.0005
20.09.2017 13:43:27.858 GMT+0100,2507.84,2507.28,0.002,0.0005
20.09.2017 13:43:30.068 GMT+0100,2507.6510000000003,2507.089,0.002,0.0005
20.09.2017 13:44:27.147 GMT+0100,2507.53,2506.9700000000003,0.0005,0.002
20.09.2017 13:44:27.198 GMT+0100,2507.4,2506.9700000000003,0.0005,0.0015
20.09.2017 13:44:27.248 GMT+0100,2507.65,2507.09,0.002,0.0005
20.09.2017 13:45:31.285 GMT+0100,2507.53,2506.9700000000003,0.0005,0.0005
20.09.2017 13:45:31.336 GMT+0100,2507.58,2506.9900000000002,0.0005,0.0005
20.09.2017 13:45:31.386 GMT+0100,2507.4,2506.84,0.0005,0.0005
20.09.2017 13:46:07.907 GMT+0100,2507.53,2506.9700000000003,0.002,0.0005
20.09.2017 13:46:08.069 GMT+0100,2507.65,2507.09,0.002,0.0005
20.09.2017 13:46:08.245 GMT+0100,2507.831,2507.039,0.002,0.0005
20.09.2017 13:46:08.295 GMT+0100,2507.831,2507.039,0.002,0.0005
20.09.2017 13:46:08.435 GMT+0100,2507.4,2506.84,0.002,0.0005
20.09.2017 13:46:18.204 GMT+0100,2507.53,2506.9700000000003,0.002,0.0005
20.09.2017 13:46:18.254 GMT+0100,2507.4,2506.84,0.002,0.0005
20.09.2017 13:46:21.132 GMT+0100,2507.531,2506.969,0.002,0.0005
20.09.2017 13:46:21.299 GMT+0100,2507.65,2507.09,0.002,0.0005
20.09.2017 13:47:19.391 GMT+0100,2507.53,2506.9700000000003,0.0005,0.002
20.09.2017 13:47:19.511 GMT+0100,2507.581,2506.989,0.0005,0.0005
20.09.2017 13:47:19.562 GMT+0100,2507.581,2506.989,0.002,0.0005
20.09.2017 13:47:31.710 GMT+0100,2507.4010000000003,2506.839,0.002,0.0005
20.09.2017 13:48:44.072 GMT+0100,2507.53,2506.9700000000003,0.002,0.0005
20.09.2017 13:48:44.254 GMT+0100,2507.65,2507.09,0.002,0.0005
20.09.2017 13:50:59.003 GMT+0100,2507.53,2506.9700000000003,0.0005,0.002
20.09.2017 13:50:59.054 GMT+0100,2507.6510000000003,2507.089,0.002,0.0005
20.09.2017 13:54:05.659 GMT+0100,2507.831,2507.239,0.0005,0.0005
20.09.2017 13:54:09.709 GMT+0100,2507.65,2507.09,0.0005,0.0005
20.09.2017 13:54:48.387 GMT+0100,2507.531,2506.969,0.0005,0.0005
20.09.2017 13:54:48.438 GMT+0100,2507.6510000000003,2507.089,0.002,0.0005
20.09.2017 13:54:48.556 GMT+0100,2507.6510000000003,2507.089,0.002,0.0005
20.09.2017 13:54:48.606 GMT+0100,2507.4,2506.969,0.0005,0.0015
