Local time,Ask,Bid,AskVolume,BidVolume
21.09.2021 00:00:00.126 GMT+0200,1.17283,1.1727200000000002,0.75,0.37
21.09.2021 00:00:00.177 GMT+0200,1.1729,1.17288,7.5,0.15
21.09.2021 00:00:00.228 GMT+0200,1.1729,1.17278,7.5,0.075
21.09.2021 00:00:00.279 GMT+0200,1.1728200000000002,1.1727200000000002,0.75,0.37
21.09.2021 00:00:00.380 GMT+0200,1.1728200000000002,1.17277,0.75,0.37
21.09.2021 00:00:00.482 GMT+0200,1.17283,1.17277,0.75,0.37
21.09.2021 00:00:00.583 GMT+0200,1.17288,1.1728100000000001,0.37,0.37
21.09.2021 00:00:00.634 GMT+0200,1.1728100000000001,1.17278,0.75,0.19
21.09.2021 00:00:00.685 GMT+0200,1.1728200000000002,1.17269,0.75,0.75
21.09.2021 00:00:00.786 GMT+0200,1.1728200000000002,1.17259,0.75,0.75
21.09.2021 00:00:01.080 GMT+0200,1.1728100000000001,1.17267,0.75,0.75
21.09.2021 00:00:01.181 GMT+0200,1.1728200000000002,1.17276,0.75,0.75
21.09.2021 00:00:01.232 GMT+0200,1.1728200000000002,1.1727,0.75,0.37
21.09.2021 00:00:01.283 GMT+0200,1.17287,1.1727100000000001,0.75,0.75
21.09.2021 00:00:01.383 GMT+0200,1.17287,1.17273,0.75,0.37
21.09.2021 00:00:01.485 GMT+0200,1.17287,1.17278,0.75,0.37
21.09.2021 00:00:01.649 GMT+0200,1.17286,1.17283,0.75,0.37
21.09.2021 00:00:01.750 GMT+0200,1.17287,1.17273,0.75,0.37
21.09.2021 00:00:01.851 GMT+0200,1.17286,1.1727200000000002,0.75,0.75
21.09.2021 00:00:02.181 GMT+0200,1.17287,1.1727200000000002,0.75,0.37
21.09.2021 00:00:02.333 GMT+0200,1.17287,1.1727100000000001,0.75,0.75
21.09.2021 00:00:03.334 GMT+0200,1.17286,1.1727100000000001,0.75,0.75
21.09.2021 00:00:03.435 GMT+0200,1.17287,1.1727100000000001,0.75,0.75
21.09.2021 00:00:03.485 GMT+0200,1.17287,1.1727400000000001,0.75,0.75
21.09.2021 00:00:03.674 GMT+0200,1.1728100000000001,1.1727400000000001,0.75,0.75
21.09.2021 00:00:03.775 GMT+0200,1.1728,1.1727400000000001,0.75,0.75
21.09.2021 00:00:03.876 GMT+0200,1.1728100000000001,1.1727400000000001,0.75,0.75
21.09.2021 00:00:03.977 GMT+0200,1.17286,1.1727400000000001,0.75,0.75
21.09.2021 00:00:04.078 GMT+0200,1.17286,1.17275,0.75,0.75
21.09.2021 00:00:05.152 GMT+0200,1.17285,1.17278,0.75,0.37
21.09.2021 00:00:05.861 GMT+0200,1.1728100000000001,1.17275,0.75,0.75
21.09.2021 00:00:05.962 GMT+0200,1.17286,1.17277,0.75,7.5
21.09.2021 00:00:06.164 GMT+0200,1.17286,1.17276,0.75,7.5
21.09.2021 00:00:06.466 GMT+0200,1.17299,1.17296,0.37,0.37
21.09.2021 00:00:06.517 GMT+0200,1.17306,1.1729200000000002,8.62,0.37
21.09.2021 00:00:06.933 GMT+0200,1.17306,1.17289,1.12,0.37
21.09.2021 00:00:07.085 GMT+0200,1.17303,1.17289,0.75,0.37
21.09.2021 00:00:07.186 GMT+0200,1.17304,1.17289,0.75,0.37
21.09.2021 00:00:07.728 GMT+0200,1.17304,1.17294,0.75,0.37
21.09.2021 00:00:07.836 GMT+0200,1.1730200000000002,1.1729500000000002,0.75,0.37
21.09.2021 00:00:08.426 GMT+0200,1.17303,1.17293,0.75,0.37
21.09.2021 00:00:08.548 GMT+0200,1.17303,1.1729200000000002,0.75,0.37
21.09.2021 00:00:08.870 GMT+0200,1.1730200000000002,1.1729200000000002,0.75,0.37
21.09.2021 00:00:09.893 GMT+0200,1.17303,1.17293,0.75,0.37
21.09.2021 00:00:10.688 GMT+0200,1.17303,1.1729,0.75,1.12
21.09.2021 00:00:15.107 GMT+0200,1.17303,1.1729200000000002,0.75,0.37
21.09.2021 00:00:15.215 GMT+0200,1.1730200000000002,1.17294,0.75,0.37
21.09.2021 00:00:15.555 GMT+0200,1.17301,1.1729,1.5,0.75
21.09.2021 00:00:16.054 GMT+0200,1.173,1.17289,0.75,0.75
21.09.2021 00:00:16.555 GMT+0200,1.17299,1.17289,0.37,0.75
21.09.2021 00:00:17.727 GMT+0200,1.17298,1.1729100000000001,0.37,0.75
21.09.2021 00:00:18.139 GMT+0200,1.17299,1.17289,1.12,0.75
21.09.2021 00:00:20.124 GMT+0200,1.17299,1.1729,1.12,0.75
21.09.2021 00:00:25.336 GMT+0200,1.173,1.1729,0.75,1.12
21.09.2021 00:00:25.386 GMT+0200,1.1730200000000002,1.1729200000000002,0.75,0.37
21.09.2021 00:00:31.072 GMT+0200,1.17299,1.17286,0.75,7.69
21.09.2021 00:00:31.175 GMT+0200,1.17298,1.17287,0.75,7.5
21.09.2021 00:00:31.345 GMT+0200,1.17298,1.17289,0.75,0.94
21.09.2021 00:00:31.548 GMT+0200,1.17297,1.17289,0.75,0.94
21.09.2021 00:00:31.649 GMT+0200,1.17296,1.17289,0.75,0.75
21.09.2021 00:00:31.750 GMT+0200,1.17296,1.17288,0.75,0.75
21.09.2021 00:00:31.851 GMT+0200,1.17296,1.17287,0.75,0.75
21.09.2021 00:00:31.956 GMT+0200,1.17296,1.17286,0.75,8.25
21.09.2021 00:00:32.698 GMT+0200,1.17296,1.17289,0.75,0.37
21.09.2021 00:00:32.799 GMT+0200,1.1729,1.17285,0.37,7.5
21.09.2021 00:00:32.850 GMT+0200,1.17288,1.1728,0.75,0.75
21.09.2021 00:00:32.900 GMT+0200,1.1728,1.1727400000000001,0.75,0.94
21.09.2021 00:00:32.951 GMT+0200,1.1728,1.1727200000000002,0.75,0.37
21.09.2021 00:00:33.140 GMT+0200,1.17287,1.1728200000000002,0.75,0.37
21.09.2021 00:00:33.190 GMT+0200,1.17288,1.17283,7.5,0.37
21.09.2021 00:00:33.241 GMT+0200,1.17289,1.17275,7.5,0.75
21.09.2021 00:00:33.292 GMT+0200,1.17285,1.1727200000000002,0.37,2.62
21.09.2021 00:00:33.393 GMT+0200,1.1728100000000001,1.1727200000000002,0.37,1.31
21.09.2021 00:00:33.494 GMT+0200,1.1728100000000001,1.17273,0.37,0.94
21.09.2021 00:00:33.595 GMT+0200,1.1728100000000001,1.1727200000000002,0.37,0.37
21.09.2021 00:00:33.958 GMT+0200,1.1728100000000001,1.17273,0.37,0.75
21.09.2021 00:00:34.086 GMT+0200,1.1728,1.1727200000000002,0.37,1.12
21.09.2021 00:00:34.288 GMT+0200,1.1728200000000002,1.17273,0.37,1.12
21.09.2021 00:00:34.440 GMT+0200,1.1728,1.1727200000000002,0.37,0.37
21.09.2021 00:00:34.997 GMT+0200,1.17283,1.1727200000000002,0.37,0.37
21.09.2021 00:00:35.199 GMT+0200,1.17284,1.1727200000000002,0.37,1.31
21.09.2021 00:00:35.402 GMT+0200,1.17287,1.17273,0.37,0.75
21.09.2021 00:00:35.553 GMT+0200,1.17287,1.17276,0.37,0.56
21.09.2021 00:00:35.604 GMT+0200,1.17287,1.17273,0.37,8.25
21.09.2021 00:00:35.705 GMT+0200,1.17286,1.17277,0.37,0.56
21.09.2021 00:00:35.908 GMT+0200,1.17286,1.17278,0.37,0.56
21.09.2021 00:00:36.301 GMT+0200,1.17287,1.17278,0.37,0.37
21.09.2021 00:00:36.984 GMT+0200,1.17288,1.17278,0.37,0.56
21.09.2021 00:00:37.085 GMT+0200,1.17288,1.17279,0.37,0.56
21.09.2021 00:00:37.236 GMT+0200,1.17288,1.17278,0.37,0.37
21.09.2021 00:00:37.419 GMT+0200,1.17288,1.1728200000000002,0.37,0.56
21.09.2021 00:00:42.325 GMT+0200,1.1729,1.1728200000000002,0.75,0.56
21.09.2021 00:00:42.762 GMT+0200,1.17288,1.17283,0.75,0.56
21.09.2021 00:00:42.869 GMT+0200,1.1729,1.1728200000000002,0.75,0.56
21.09.2021 00:00:44.655 GMT+0200,1.1729,1.1728,0.75,7.87
21.09.2021 00:00:45.262 GMT+0200,1.1729100000000001,1.1728100000000001,0.75,7.5
21.09.2021 00:00:45.363 GMT+0200,1.17293,1.17279,0.75,7.5
21.09.2021 00:00:46.757 GMT+0200,1.1729100000000001,1.17278,0.75,7.5
21.09.2021 00:00:46.961 GMT+0200,1.1729100000000001,1.17276,0.75,7.5
21.09.2021 00:00:47.235 GMT+0200,1.1729100000000001,1.17278,0.75,7.5
21.09.2021 00:00:47.475 GMT+0200,1.1729100000000001,1.17279,0.75,7.5
21.09.2021 00:00:47.816 GMT+0200,1.1729100000000001,1.1728,0.75,7.5
21.09.2021 00:00:48.031 GMT+0200,1.1729100000000001,1.1728100000000001,0.75,7.5
21.09.2021 00:00:51.233 GMT+0200,1.1729200000000002,1.1728100000000001,0.75,7.5
21.09.2021 00:00:56.897 GMT+0200,1.17297,1.17284,0.75,7.5
21.09.2021 00:00:57.621 GMT+0200,1.17294,1.17284,0.19,7.5
21.09.2021 00:00:59.541 GMT+0200,1.17294,1.17286,0.19,7.5
21.09.2021 00:01:00.069 GMT+0200,1.17296,1.17285,0.37,1.57
21.09.2021 00:01:00.120 GMT+0200,1.17294,1.17284,0.75,7.5
21.09.2021 00:01:00.322 GMT+0200,1.17297,1.1728200000000002,0.37,1.12
21.09.2021 00:01:00.484 GMT+0200,1.17297,1.17283,0.37,0.75
21.09.2021 00:01:00.585 GMT+0200,1.17293,1.17284,0.75,1.12
21.09.2021 00:01:00.636 GMT+0200,1.1729500000000002,1.1728100000000001,1.12,0.37
21.09.2021 00:01:01.112 GMT+0200,1.1729100000000001,1.17278,0.19,0.75
21.09.2021 00:01:01.597 GMT+0200,1.17286,1.1727400000000001,0.75,2.14
21.09.2021 00:01:02.214 GMT+0200,1.1729200000000002,1.1727400000000001,0.37,1.95
21.09.2021 00:01:03.127 GMT+0200,1.1729200000000002,1.17275,0.37,0.75
21.09.2021 00:01:03.239 GMT+0200,1.1729100000000001,1.1727400000000001,0.19,0.37
21.09.2021 00:01:03.390 GMT+0200,1.1729100000000001,1.1727200000000002,0.19,0.75
21.09.2021 00:01:03.492 GMT+0200,1.1729100000000001,1.1727100000000001,0.19,0.37
21.09.2021 00:01:03.593 GMT+0200,1.1729100000000001,1.17268,0.19,7.5
21.09.2021 00:01:03.694 GMT+0200,1.1729100000000001,1.17267,0.19,0.37
21.09.2021 00:01:04.185 GMT+0200,1.1729200000000002,1.17267,0.56,0.37
21.09.2021 00:01:04.388 GMT+0200,1.1729200000000002,1.1727,0.37,1.12
21.09.2021 00:01:04.589 GMT+0200,1.17293,1.17276,0.56,1.12
21.09.2021 00:01:04.892 GMT+0200,1.17284,1.17275,0.19,0.19
21.09.2021 00:01:04.943 GMT+0200,1.17284,1.17273,0.19,7.5
21.09.2021 00:01:05.145 GMT+0200,1.17284,1.1727100000000001,0.19,0.37
21.09.2021 00:01:05.887 GMT+0200,1.17284,1.17269,0.19,1.95
21.09.2021 00:01:05.988 GMT+0200,1.17284,1.1727,0.19,0.37
21.09.2021 00:01:07.170 GMT+0200,1.17288,1.1727,0.19,0.37
21.09.2021 00:01:07.573 GMT+0200,1.17288,1.1727100000000001,0.19,1.12
21.09.2021 00:01:07.775 GMT+0200,1.17288,1.17273,0.19,0.37
21.09.2021 00:01:07.876 GMT+0200,1.17288,1.1727400000000001,0.19,0.75
21.09.2021 00:01:08.078 GMT+0200,1.1729100000000001,1.1727400000000001,0.56,0.75
21.09.2021 00:01:08.701 GMT+0200,1.1729200000000002,1.17276,0.37,1.12
21.09.2021 00:01:11.720 GMT+0200,1.17294,1.17284,2.32,0.75
21.09.2021 00:01:11.821 GMT+0200,1.1729500000000002,1.17289,1.2,0.82
21.09.2021 00:01:11.922 GMT+0200,1.17296,1.17289,1.12,0.75
21.09.2021 00:01:12.024 GMT+0200,1.17298,1.1729,0.75,1.5
21.09.2021 00:01:12.125 GMT+0200,1.173,1.1729,2.25,0.75
21.09.2021 00:01:12.226 GMT+0200,1.17299,1.1729,0.75,0.75
21.09.2021 00:01:12.410 GMT+0200,1.173,1.17289,2.25,1.87
21.09.2021 00:01:12.669 GMT+0200,1.17299,1.17289,0.37,1.87
21.09.2021 00:01:13.618 GMT+0200,1.17298,1.17289,0.37,1.5
21.09.2021 00:01:16.904 GMT+0200,1.17297,1.1729100000000001,0.37,0.75
21.09.2021 00:01:21.843 GMT+0200,1.17299,1.1729,1.12,1.12
21.09.2021 00:01:23.190 GMT+0200,1.17297,1.1729100000000001,0.37,1.12
21.09.2021 00:01:27.684 GMT+0200,1.17298,1.17289,0.37,2.62
21.09.2021 00:01:28.131 GMT+0200,1.17297,1.17289,1.5,1.87
21.09.2021 00:01:28.732 GMT+0200,1.17297,1.1729,1.5,0.37
21.09.2021 00:01:31.414 GMT+0200,1.17298,1.1729,1.87,0.37
21.09.2021 00:01:33.344 GMT+0200,1.17296,1.1729,1.5,0.37
21.09.2021 00:01:40.020 GMT+0200,1.17296,1.1729200000000002,1.5,0.3
21.09.2021 00:01:40.070 GMT+0200,1.17296,1.1729,1.5,0.37
21.09.2021 00:01:53.334 GMT+0200,1.17297,1.1729,1.5,1.12
21.09.2021 00:01:58.135 GMT+0200,1.17297,1.1729100000000001,1.5,0.37
21.09.2021 00:01:58.236 GMT+0200,1.17297,1.1729,1.5,1.87
21.09.2021 00:02:00.077 GMT+0200,1.1729500000000002,1.17289,1.5,0.75
21.09.2021 00:02:00.178 GMT+0200,1.17296,1.17289,1.5,1.5
21.09.2021 00:02:00.279 GMT+0200,1.17297,1.17289,2.25,1.5
21.09.2021 00:02:01.835 GMT+0200,1.17296,1.1729100000000001,1.5,1.87
21.09.2021 00:02:05.764 GMT+0200,1.17299,1.1729200000000002,2.25,0.37
21.09.2021 00:02:08.079 GMT+0200,1.17299,1.17293,1.5,1.12
21.09.2021 00:02:08.679 GMT+0200,1.17301,1.17293,1.5,1.12
21.09.2021 00:02:10.847 GMT+0200,1.173,1.17293,1.5,1.87
21.09.2021 00:02:11.206 GMT+0200,1.17301,1.17293,1.5,1.87
21.09.2021 00:02:12.067 GMT+0200,1.173,1.17293,1.5,1.87
21.09.2021 00:02:14.500 GMT+0200,1.17301,1.17293,1.5,1.12
21.09.2021 00:02:26.593 GMT+0200,1.173,1.17293,1.5,1.12
21.09.2021 00:02:33.977 GMT+0200,1.17298,1.1729200000000002,1.5,2.25
21.09.2021 00:03:00.622 GMT+0200,1.17297,1.1729200000000002,0.75,0.37
21.09.2021 00:03:00.672 GMT+0200,1.17296,1.17289,1.5,10.12
21.09.2021 00:03:15.911 GMT+0200,1.17296,1.1729,1.5,0.75
21.09.2021 00:03:40.566 GMT+0200,1.17297,1.1729,1.87,0.75
21.09.2021 00:04:00.928 GMT+0200,1.17296,1.1729,1.5,0.75
21.09.2021 00:04:15.957 GMT+0200,1.1729500000000002,1.1729,1.5,1.87
21.09.2021 00:04:38.908 GMT+0200,1.17296,1.1729,1.87,1.87
21.09.2021 00:04:52.279 GMT+0200,1.17296,1.17289,1.5,1.12
21.09.2021 00:05:05.105 GMT+0200,1.17296,1.1729200000000002,0.37,0.75
21.09.2021 00:05:05.206 GMT+0200,1.17297,1.1729100000000001,1.87,0.75
21.09.2021 00:05:05.314 GMT+0200,1.17297,1.17289,2.25,2.44
21.09.2021 00:05:05.364 GMT+0200,1.1729500000000002,1.17289,1.5,1.69
21.09.2021 00:05:14.056 GMT+0200,1.17296,1.17289,1.5,1.69
21.09.2021 00:05:22.149 GMT+0200,1.17293,1.17288,0.75,0.37
21.09.2021 00:05:22.250 GMT+0200,1.17293,1.17288,1.87,0.56
21.09.2021 00:05:32.479 GMT+0200,1.17293,1.17287,1.5,0.56
21.09.2021 00:05:33.437 GMT+0200,1.17293,1.17286,1.5,2.06
21.09.2021 00:05:33.538 GMT+0200,1.1729100000000001,1.17284,1.5,2.06
21.09.2021 00:05:41.835 GMT+0200,1.1729,1.17284,1.5,0.56
21.09.2021 00:05:45.913 GMT+0200,1.1729100000000001,1.17284,1.5,0.56
21.09.2021 00:05:48.753 GMT+0200,1.1729,1.17284,1.5,0.56
21.09.2021 00:05:58.873 GMT+0200,1.1729,1.17285,1.87,0.56
21.09.2021 00:06:30.300 GMT+0200,1.1729200000000002,1.17284,1.87,0.56
21.09.2021 00:06:32.891 GMT+0200,1.1729100000000001,1.17284,1.5,0.56
21.09.2021 00:06:34.658 GMT+0200,1.1729200000000002,1.17284,1.87,0.56
21.09.2021 00:06:39.875 GMT+0200,1.1729200000000002,1.17286,1.5,0.94
21.09.2021 00:06:39.976 GMT+0200,1.1729100000000001,1.17286,1.5,0.19
21.09.2021 00:06:44.155 GMT+0200,1.17289,1.17284,1.5,1.74
21.09.2021 00:06:55.455 GMT+0200,1.1729,1.17284,1.5,0.19
21.09.2021 00:07:00.109 GMT+0200,1.17289,1.17284,1.5,0.19
21.09.2021 00:07:07.522 GMT+0200,1.17289,1.17285,1.5,0.19
21.09.2021 00:07:25.880 GMT+0200,1.17289,1.17284,1.5,0.19
21.09.2021 00:07:27.887 GMT+0200,1.17288,1.17284,1.5,0.19
21.09.2021 00:07:28.433 GMT+0200,1.17289,1.17284,1.5,0.19
21.09.2021 00:07:31.772 GMT+0200,1.1729,1.17284,1.5,0.19
21.09.2021 00:07:38.677 GMT+0200,1.17289,1.17284,0.75,0.19
21.09.2021 00:07:44.264 GMT+0200,1.17288,1.17284,0.75,0.19
21.09.2021 00:07:54.216 GMT+0200,1.17287,1.17283,1.5,0.37
21.09.2021 00:08:01.230 GMT+0200,1.17283,1.17279,2.62,9.75
21.09.2021 00:08:01.332 GMT+0200,1.1728200000000002,1.17279,0.75,7.5
21.09.2021 00:08:01.450 GMT+0200,1.1728200000000002,1.17278,0.75,0.82
21.09.2021 00:08:08.648 GMT+0200,1.17283,1.17278,2.25,0.82
21.09.2021 00:08:09.522 GMT+0200,1.17283,1.17277,3,2.06
21.09.2021 00:08:09.624 GMT+0200,1.1728200000000002,1.17276,0.19,2.44
21.09.2021 00:08:09.725 GMT+0200,1.1728200000000002,1.17279,0.75,0.19
21.09.2021 00:08:09.775 GMT+0200,1.17284,1.1728,1.5,0.19
21.09.2021 00:08:12.623 GMT+0200,1.17284,1.17279,1.5,0.19
21.09.2021 00:08:17.949 GMT+0200,1.1728200000000002,1.17279,0.19,0.75
21.09.2021 00:08:18.051 GMT+0200,1.17283,1.17279,2.25,1.2
21.09.2021 00:08:18.152 GMT+0200,1.17283,1.17279,2.25,0.19
21.09.2021 00:08:21.808 GMT+0200,1.17283,1.17278,0.75,0.19
21.09.2021 00:08:24.459 GMT+0200,1.1728100000000001,1.17277,1.5,0.56
21.09.2021 00:08:25.253 GMT+0200,1.1728200000000002,1.1728100000000001,1.5,0.19
21.09.2021 00:08:25.354 GMT+0200,1.17283,1.17278,3.19,1.5
21.09.2021 00:08:25.455 GMT+0200,1.17284,1.17279,2.25,1.01
21.09.2021 00:08:25.670 GMT+0200,1.17285,1.17279,2.25,0.94
21.09.2021 00:08:30.809 GMT+0200,1.17284,1.17279,1.5,0.94
21.09.2021 00:08:39.534 GMT+0200,1.1728200000000002,1.17278,1.5,0.75
21.09.2021 00:08:39.686 GMT+0200,1.1728200000000002,1.17277,1.5,2.06
21.09.2021 00:08:40.014 GMT+0200,1.1728200000000002,1.17278,1.5,0.75
21.09.2021 00:08:55.734 GMT+0200,1.17283,1.17278,3.56,0.75
21.09.2021 00:09:00.903 GMT+0200,1.1728,1.17276,0.19,1.5
21.09.2021 00:09:01.005 GMT+0200,1.1728100000000001,1.17277,1.5,0.56
21.09.2021 00:09:02.594 GMT+0200,1.1728100000000001,1.17278,2.25,0.37
21.09.2021 00:09:49.456 GMT+0200,1.17283,1.17279,1.01,1.5
21.09.2021 00:09:49.558 GMT+0200,1.17284,1.1728100000000001,1.69,1.5
21.09.2021 00:09:49.659 GMT+0200,1.17284,1.1728200000000002,1.5,0.19
21.09.2021 00:09:49.861 GMT+0200,1.17285,1.1728,1.5,0.19
21.09.2021 00:09:49.962 GMT+0200,1.17285,1.17279,1.5,1.69
21.09.2021 00:09:52.966 GMT+0200,1.17286,1.1728200000000002,1.5,0.37
21.09.2021 00:09:53.067 GMT+0200,1.17285,1.1728,1.69,0.75
21.09.2021 00:09:53.168 GMT+0200,1.17284,1.1728,1.5,0.19
21.09.2021 00:10:01.694 GMT+0200,1.17285,1.1728,1.5,0.94
21.09.2021 00:10:01.803 GMT+0200,1.17284,1.1728,1.5,1.31
21.09.2021 00:10:01.904 GMT+0200,1.17284,1.17279,1.5,1.31
21.09.2021 00:10:40.679 GMT+0200,1.17283,1.17279,1.5,0.19
21.09.2021 00:10:46.249 GMT+0200,1.17284,1.17279,2.25,0.19
21.09.2021 00:10:56.000 GMT+0200,1.17283,1.17279,1.5,0.19
21.09.2021 00:11:01.726 GMT+0200,1.17283,1.17278,1.5,1.31
21.09.2021 00:11:15.526 GMT+0200,1.17285,1.1728200000000002,1.5,0.37
21.09.2021 00:11:15.628 GMT+0200,1.17285,1.1728,2.44,2.62
21.09.2021 00:11:15.679 GMT+0200,1.17283,1.1728,1.5,0.19
21.09.2021 00:11:15.781 GMT+0200,1.1728200000000002,1.1728,1.5,0.94
21.09.2021 00:11:19.477 GMT+0200,1.17284,1.17279,1.5,0.94
21.09.2021 00:11:45.292 GMT+0200,1.17285,1.1728,1.5,2.06
21.09.2021 00:11:45.394 GMT+0200,1.17285,1.1728200000000002,1.5,1.5
21.09.2021 00:11:45.495 GMT+0200,1.17285,1.1728,1.69,0.37
21.09.2021 00:11:45.596 GMT+0200,1.17285,1.17279,1.69,0.19
21.09.2021 00:11:50.295 GMT+0200,1.17285,1.1728200000000002,1.5,0.75
21.09.2021 00:11:50.470 GMT+0200,1.17285,1.1728,1.69,0.19
21.09.2021 00:11:50.571 GMT+0200,1.17285,1.17279,1.69,0.19
21.09.2021 00:11:54.945 GMT+0200,1.17284,1.17279,1.5,0.19
21.09.2021 00:12:41.557 GMT+0200,1.17284,1.17278,1.69,0.56
21.09.2021 00:12:41.859 GMT+0200,1.17284,1.17279,1.69,1.37
21.09.2021 00:12:41.985 GMT+0200,1.17284,1.17278,1.69,1.93
21.09.2021 00:12:43.974 GMT+0200,1.17284,1.17279,1.69,1.37
21.09.2021 00:12:45.124 GMT+0200,1.17284,1.17278,1.69,1.93
21.09.2021 00:13:02.120 GMT+0200,1.1728200000000002,1.17278,1.5,0.75
21.09.2021 00:13:05.124 GMT+0200,1.17283,1.17278,1.69,0.75
21.09.2021 00:13:16.893 GMT+0200,1.17283,1.17277,0.19,2.44
21.09.2021 00:13:24.173 GMT+0200,1.1728200000000002,1.17279,0.19,1.37
21.09.2021 00:13:26.856 GMT+0200,1.17283,1.17277,0.19,2.44
21.09.2021 00:13:38.753 GMT+0200,1.17286,1.1728100000000001,1.5,0.75
21.09.2021 00:13:40.655 GMT+0200,1.17286,1.1728200000000002,1.5,0.37
21.09.2021 00:13:41.208 GMT+0200,1.17287,1.1728200000000002,2.44,0.37
21.09.2021 00:14:00.769 GMT+0200,1.17285,1.1728,0.19,1.87
21.09.2021 00:14:00.871 GMT+0200,1.17284,1.17279,1.69,7.5
21.09.2021 00:14:01.023 GMT+0200,1.17284,1.17278,1.69,0.94
21.09.2021 00:14:04.323 GMT+0200,1.1728200000000002,1.17279,1.5,0.19
21.09.2021 00:14:08.367 GMT+0200,1.17284,1.17278,1.69,0.19
21.09.2021 00:14:42.109 GMT+0200,1.17283,1.17278,1.5,0.75
21.09.2021 00:14:42.211 GMT+0200,1.17283,1.17277,1.5,2.06
21.09.2021 00:15:06.049 GMT+0200,1.17284,1.17277,1.69,2.06
21.09.2021 00:15:06.491 GMT+0200,1.17285,1.17278,2.44,3.56
21.09.2021 00:15:06.593 GMT+0200,1.17284,1.17278,0.19,0.94
21.09.2021 00:15:06.858 GMT+0200,1.17284,1.17279,1.5,0.19
21.09.2021 00:15:13.361 GMT+0200,1.17285,1.17279,1.69,0.19
21.09.2021 00:15:13.563 GMT+0200,1.17284,1.17279,1.5,0.19
21.09.2021 00:15:34.594 GMT+0200,1.17284,1.17278,1.5,0.19
21.09.2021 00:15:34.695 GMT+0200,1.17285,1.1728200000000002,1.5,0.75
21.09.2021 00:15:34.796 GMT+0200,1.17286,1.1728200000000002,1.5,1.5
21.09.2021 00:15:52.915 GMT+0200,1.17287,1.1728200000000002,1.5,4.12
21.09.2021 00:16:53.231 GMT+0200,1.17289,1.1728200000000002,3,1.12
21.09.2021 00:17:16.850 GMT+0200,1.17287,1.1728200000000002,1.5,1.87
21.09.2021 00:18:17.082 GMT+0200,1.17288,1.1728200000000002,0.94,2.06
21.09.2021 00:18:42.968 GMT+0200,1.17287,1.1728200000000002,0.75,1.12
21.09.2021 00:20:04.413 GMT+0200,1.17288,1.1728200000000002,1.5,1.12
21.09.2021 00:20:44.719 GMT+0200,1.17288,1.17283,0.19,0.19
21.09.2021 00:21:23.262 GMT+0200,1.17288,1.17284,1.12,0.19
21.09.2021 00:22:15.800 GMT+0200,1.17288,1.17285,3,2.06
21.09.2021 00:22:15.902 GMT+0200,1.17289,1.17285,2.62,0.19
21.09.2021 00:22:17.450 GMT+0200,1.17289,1.17286,3.37,0.75
21.09.2021 00:23:23.952 GMT+0200,1.17289,1.17285,2.25,0.94
21.09.2021 00:23:24.053 GMT+0200,1.17288,1.17285,0.75,0.94
21.09.2021 00:23:24.361 GMT+0200,1.17287,1.17285,0.75,0.94
21.09.2021 00:23:24.462 GMT+0200,1.17287,1.17284,2.25,0.94
21.09.2021 00:23:30.211 GMT+0200,1.17288,1.17284,3,0.94
21.09.2021 00:23:32.279 GMT+0200,1.17288,1.17285,3,0.19
21.09.2021 00:24:01.198 GMT+0200,1.17288,1.17284,1.5,0.94
21.09.2021 00:24:03.699 GMT+0200,1.17288,1.17285,1.5,0.19
21.09.2021 00:25:03.774 GMT+0200,1.17288,1.17284,0.75,0.94
21.09.2021 00:25:22.255 GMT+0200,1.17289,1.17286,0.75,0.75
21.09.2021 00:25:27.161 GMT+0200,1.17289,1.17285,0.75,1.69
21.09.2021 00:25:50.001 GMT+0200,1.17288,1.17285,0.75,0.94
21.09.2021 00:27:33.644 GMT+0200,1.17288,1.17284,0.75,0.94
21.09.2021 00:28:04.059 GMT+0200,1.17288,1.17286,2.25,0.75
21.09.2021 00:28:27.218 GMT+0200,1.17288,1.17285,1.5,0.75
21.09.2021 00:28:33.161 GMT+0200,1.17288,1.17284,2.25,0.94
21.09.2021 00:28:34.514 GMT+0200,1.17289,1.17285,0.75,0.75
21.09.2021 00:29:00.825 GMT+0200,1.17288,1.17285,1.5,0.94
21.09.2021 00:29:03.006 GMT+0200,1.17289,1.17285,0.75,0.94
21.09.2021 00:29:03.109 GMT+0200,1.1729100000000001,1.17287,2.25,2.81
21.09.2021 00:29:10.408 GMT+0200,1.1729,1.17289,0.75,0.75
21.09.2021 00:29:10.619 GMT+0200,1.1729100000000001,1.17287,0.75,5.81
21.09.2021 00:29:18.296 GMT+0200,1.1729100000000001,1.17288,0.75,0.75
21.09.2021 00:29:20.404 GMT+0200,1.1729100000000001,1.17287,0.75,4.31
21.09.2021 00:29:33.848 GMT+0200,1.1729,1.17287,1.5,4.31
21.09.2021 00:29:36.161 GMT+0200,1.1729,1.17288,1.5,0.75
21.09.2021 00:30:01.170 GMT+0200,1.1729100000000001,1.17288,3.37,0.75
21.09.2021 00:30:01.221 GMT+0200,1.1729,1.17286,3,2.25
21.09.2021 00:30:01.323 GMT+0200,1.17289,1.17286,2.25,0.75
21.09.2021 00:30:01.424 GMT+0200,1.17288,1.17284,0.75,1.69
21.09.2021 00:30:02.740 GMT+0200,1.17288,1.17285,0.75,0.75
21.09.2021 00:30:03.840 GMT+0200,1.17287,1.17284,0.75,0.75
21.09.2021 00:30:04.556 GMT+0200,1.17287,1.17286,0.75,0.75
21.09.2021 00:30:04.607 GMT+0200,1.17289,1.17285,2.25,0.94
21.09.2021 00:30:21.423 GMT+0200,1.17288,1.17284,0.75,0.94
21.09.2021 00:30:21.825 GMT+0200,1.17285,1.1728100000000001,0.75,0.75
21.09.2021 00:30:21.927 GMT+0200,1.17284,1.1728100000000001,0.75,0.75
21.09.2021 00:30:23.902 GMT+0200,1.17283,1.17279,2.25,0.75
21.09.2021 00:30:24.003 GMT+0200,1.17283,1.1728,1.5,0.75
21.09.2021 00:30:24.104 GMT+0200,1.1728200000000002,1.1728,0.75,0.75
21.09.2021 00:30:47.861 GMT+0200,1.1728200000000002,1.17279,0.75,0.75
21.09.2021 00:31:23.441 GMT+0200,1.17283,1.1728,0.75,0.94
21.09.2021 00:31:23.745 GMT+0200,1.17284,1.1728100000000001,0.75,0.75
21.09.2021 00:31:23.846 GMT+0200,1.17285,1.1728200000000002,0.75,0.75
21.09.2021 00:31:35.457 GMT+0200,1.17287,1.17283,2.25,0.94
21.09.2021 00:31:35.558 GMT+0200,1.17288,1.17284,2.25,0.75
21.09.2021 00:32:21.217 GMT+0200,1.17288,1.17285,1.5,0.75
21.09.2021 00:32:22.646 GMT+0200,1.17288,1.17286,2.25,0.94
21.09.2021 00:32:28.911 GMT+0200,1.17289,1.17288,2.25,0.75
21.09.2021 00:32:29.063 GMT+0200,1.17289,1.17286,1.5,0.75
21.09.2021 00:32:29.164 GMT+0200,1.17289,1.17285,2.25,0.94
21.09.2021 00:32:31.781 GMT+0200,1.17289,1.17287,3,2.44
21.09.2021 00:32:32.034 GMT+0200,1.17288,1.17286,2.25,0.94
21.09.2021 00:32:35.393 GMT+0200,1.1729,1.17286,0.75,2.44
21.09.2021 00:32:35.545 GMT+0200,1.17289,1.17286,0.75,0.75
21.09.2021 00:32:39.160 GMT+0200,1.17289,1.17285,0.75,0.94
21.09.2021 00:32:45.161 GMT+0200,1.17288,1.17285,0.75,0.94
21.09.2021 00:33:38.979 GMT+0200,1.17289,1.17285,2.62,0.75
21.09.2021 00:33:51.974 GMT+0200,1.17288,1.17285,1.5,0.75
21.09.2021 00:34:13.234 GMT+0200,1.17289,1.17285,2.25,0.75
21.09.2021 00:34:22.811 GMT+0200,1.17288,1.17285,1.5,0.75
21.09.2021 00:34:35.777 GMT+0200,1.17289,1.17285,2.62,0.75
21.09.2021 00:34:45.702 GMT+0200,1.17288,1.17285,1.5,0.75
21.09.2021 00:34:46.265 GMT+0200,1.17288,1.17284,1.5,0.75
21.09.2021 00:35:02.056 GMT+0200,1.17289,1.17284,2.25,0.75
21.09.2021 00:35:02.157 GMT+0200,1.17289,1.17285,2.25,0.75
21.09.2021 00:35:10.684 GMT+0200,1.1729,1.17286,2.44,0.75
21.09.2021 00:35:15.904 GMT+0200,1.17289,1.17286,0.19,0.75
21.09.2021 00:35:37.628 GMT+0200,1.1729,1.17286,2.44,0.75
21.09.2021 00:35:37.729 GMT+0200,1.17289,1.17285,1.5,0.75
21.09.2021 00:35:38.221 GMT+0200,1.1729,1.17285,2.44,0.75
21.09.2021 00:35:41.326 GMT+0200,1.1729,1.17288,3.19,0.75
21.09.2021 00:35:41.427 GMT+0200,1.1729100000000001,1.17286,2.44,1.5
21.09.2021 00:35:43.454 GMT+0200,1.1729,1.17286,2.25,0.75
21.09.2021 00:35:44.207 GMT+0200,1.1729200000000002,1.17288,2.25,0.75
21.09.2021 00:35:44.568 GMT+0200,1.1729100000000001,1.17288,1.5,0.75
21.09.2021 00:35:45.026 GMT+0200,1.1729200000000002,1.17288,2.62,0.75
21.09.2021 00:35:47.035 GMT+0200,1.1729100000000001,1.17288,1.5,0.75
21.09.2021 00:35:47.334 GMT+0200,1.17289,1.17287,1.5,0.75
21.09.2021 00:35:50.644 GMT+0200,1.17288,1.17286,1.5,0.75
21.09.2021 00:35:53.148 GMT+0200,1.17288,1.17285,1.5,0.75
21.09.2021 00:35:58.961 GMT+0200,1.17288,1.17284,1.5,0.75
21.09.2021 00:36:02.779 GMT+0200,1.17286,1.17284,1.5,0.75
21.09.2021 00:36:08.111 GMT+0200,1.17288,1.17284,2.62,0.75
21.09.2021 00:36:21.206 GMT+0200,1.17289,1.17284,2.25,1.69
21.09.2021 00:36:23.433 GMT+0200,1.17288,1.17284,1.5,1.5
21.09.2021 00:36:31.642 GMT+0200,1.17289,1.17284,2.25,1.5
21.09.2021 00:37:01.492 GMT+0200,1.17288,1.17284,1.5,0.75
21.09.2021 00:37:16.911 GMT+0200,1.17289,1.17284,2.25,1.69
21.09.2021 00:37:22.523 GMT+0200,1.17288,1.17284,1.5,1.69
21.09.2021 00:37:45.241 GMT+0200,1.17289,1.17284,2.25,1.69
21.09.2021 00:37:52.565 GMT+0200,1.17288,1.17284,1.5,1.69
21.09.2021 00:38:02.228 GMT+0200,1.17287,1.17284,1.5,0.94
21.09.2021 00:38:07.753 GMT+0200,1.17288,1.17284,2.25,0.94
21.09.2021 00:38:40.115 GMT+0200,1.17286,1.1728200000000002,2.25,0.75
21.09.2021 00:38:40.267 GMT+0200,1.17287,1.1728200000000002,2.25,4.2
21.09.2021 00:38:40.368 GMT+0200,1.17286,1.1728200000000002,0.75,0.75
21.09.2021 00:38:40.469 GMT+0200,1.17286,1.1728100000000001,0.75,0.75
21.09.2021 00:38:45.079 GMT+0200,1.17286,1.1728200000000002,0.75,1.12
21.09.2021 00:38:45.180 GMT+0200,1.17287,1.17283,1.5,0.75
21.09.2021 00:38:45.438 GMT+0200,1.17287,1.17284,1.5,0.75
21.09.2021 00:38:47.073 GMT+0200,1.17288,1.17284,0.75,0.75
21.09.2021 00:38:52.270 GMT+0200,1.17288,1.17283,2.25,0.75
21.09.2021 00:38:55.559 GMT+0200,1.17286,1.1728200000000002,0.75,3.82
21.09.2021 00:38:59.259 GMT+0200,1.17288,1.17284,0.75,0.75
21.09.2021 00:38:59.360 GMT+0200,1.17286,1.17283,0.75,5.32
21.09.2021 00:38:59.562 GMT+0200,1.17286,1.1728200000000002,2.25,0.75
21.09.2021 00:38:59.664 GMT+0200,1.17286,1.1728100000000001,2.25,1.57
21.09.2021 00:39:03.203 GMT+0200,1.17285,1.1728100000000001,0.75,0.82
21.09.2021 00:39:05.896 GMT+0200,1.17286,1.1728200000000002,0.75,0.75
21.09.2021 00:39:10.978 GMT+0200,1.17288,1.17284,2.25,0.75
21.09.2021 00:40:03.113 GMT+0200,1.1729100000000001,1.17286,1.31,3.07
21.09.2021 00:40:03.214 GMT+0200,1.1729100000000001,1.17287,0.75,0.37
21.09.2021 00:40:13.302 GMT+0200,1.1729,1.17286,0.75,0.82
21.09.2021 00:40:15.426 GMT+0200,1.17289,1.17286,1.5,0.75
21.09.2021 00:40:49.184 GMT+0200,1.17289,1.17285,2.25,0.75
21.09.2021 00:40:49.695 GMT+0200,1.17287,1.17286,1.5,0.75
21.09.2021 00:40:54.161 GMT+0200,1.17287,1.17285,1.5,0.75
21.09.2021 00:41:03.115 GMT+0200,1.17289,1.17285,0.75,0.75
21.09.2021 00:41:09.204 GMT+0200,1.1729,1.17286,0.75,0.75
21.09.2021 00:41:22.600 GMT+0200,1.1729100000000001,1.17287,2.25,2.62
21.09.2021 00:41:24.910 GMT+0200,1.1729200000000002,1.17288,2.44,0.75
21.09.2021 00:41:33.985 GMT+0200,1.1729100000000001,1.1729,1.5,0.75
21.09.2021 00:41:34.086 GMT+0200,1.17293,1.17289,0.75,0.75
21.09.2021 00:41:53.892 GMT+0200,1.1729100000000001,1.1729,1.5,0.75
21.09.2021 00:43:02.348 GMT+0200,1.1729100000000001,1.17289,0.19,0.75
21.09.2021 00:43:02.449 GMT+0200,1.1729100000000001,1.17288,1.5,0.75
21.09.2021 00:43:06.161 GMT+0200,1.1729100000000001,1.17289,1.5,0.75
21.09.2021 00:43:07.190 GMT+0200,1.1729100000000001,1.1729,1.5,0.75
21.09.2021 00:43:52.379 GMT+0200,1.1729100000000001,1.17289,1.5,0.75
21.09.2021 00:44:06.161 GMT+0200,1.1729100000000001,1.17288,1.5,0.75
21.09.2021 00:44:13.162 GMT+0200,1.1729200000000002,1.17288,2.25,0.75
21.09.2021 00:44:41.094 GMT+0200,1.1729100000000001,1.17288,1.5,0.75
21.09.2021 00:44:53.651 GMT+0200,1.1729200000000002,1.17288,2.62,0.75
21.09.2021 00:44:53.759 GMT+0200,1.1729200000000002,1.17289,1.5,0.75
21.09.2021 00:45:03.444 GMT+0200,1.1729,1.17287,2.25,0.75
21.09.2021 00:45:03.546 GMT+0200,1.1729100000000001,1.17288,2.25,0.75
21.09.2021 00:45:03.983 GMT+0200,1.1729200000000002,1.17289,1.5,0.75
21.09.2021 00:45:07.729 GMT+0200,1.17293,1.17289,3,0.75
21.09.2021 00:45:14.659 GMT+0200,1.1729100000000001,1.17287,2.25,1.87
21.09.2021 00:45:14.761 GMT+0200,1.1729100000000001,1.17288,1.5,0.75
21.09.2021 00:45:18.710 GMT+0200,1.1729,1.17288,0.19,0.75
21.09.2021 00:45:18.761 GMT+0200,1.1729,1.17286,2.25,3
21.09.2021 00:45:18.913 GMT+0200,1.1729100000000001,1.17287,2.25,2.62
21.09.2021 00:45:21.664 GMT+0200,1.1729100000000001,1.17288,1.5,0.75
21.09.2021 00:45:21.816 GMT+0200,1.1729,1.17288,2.25,1.12
21.09.2021 00:45:25.233 GMT+0200,1.1729,1.17287,0.75,0.37
21.09.2021 00:45:25.334 GMT+0200,1.1729100000000001,1.17287,2.25,2.62
21.09.2021 00:45:26.839 GMT+0200,1.17289,1.17288,0.75,0.75
21.09.2021 00:45:26.941 GMT+0200,1.1729100000000001,1.17288,1.5,0.75
21.09.2021 00:45:27.193 GMT+0200,1.1729100000000001,1.17287,2.25,2.62
21.09.2021 00:45:27.295 GMT+0200,1.1729100000000001,1.17288,0.75,0.75
21.09.2021 00:45:27.760 GMT+0200,1.1729200000000002,1.17288,3.19,0.75
21.09.2021 00:45:31.250 GMT+0200,1.1729100000000001,1.17287,0.75,2.62
21.09.2021 00:45:31.351 GMT+0200,1.1729100000000001,1.17288,0.75,0.75
21.09.2021 00:45:31.592 GMT+0200,1.1729,1.17286,0.75,3.07
21.09.2021 00:45:40.706 GMT+0200,1.17289,1.17285,0.75,0.75
21.09.2021 00:45:40.807 GMT+0200,1.17288,1.17285,1.5,0.75
21.09.2021 00:45:41.060 GMT+0200,1.17288,1.17284,2.25,0.75
21.09.2021 00:45:58.305 GMT+0200,1.17288,1.17285,0.75,0.75
21.09.2021 00:46:01.096 GMT+0200,1.1729,1.17286,3,0.75
21.09.2021 00:46:01.197 GMT+0200,1.17288,1.17285,2.25,0.75
21.09.2021 00:46:57.774 GMT+0200,1.17286,1.17284,2.25,0.75
21.09.2021 00:46:58.381 GMT+0200,1.17288,1.17284,3,0.75
21.09.2021 00:47:01.237 GMT+0200,1.17287,1.17283,0.75,0.75
21.09.2021 00:47:06.203 GMT+0200,1.17285,1.17283,0.75,2.62
21.09.2021 00:47:06.305 GMT+0200,1.17287,1.17283,0.75,0.94
21.09.2021 00:47:12.191 GMT+0200,1.17288,1.17284,3,0.75
21.09.2021 00:47:16.740 GMT+0200,1.17287,1.17283,2.25,0.75
21.09.2021 00:47:16.892 GMT+0200,1.17286,1.1728200000000002,1.5,1.5
21.09.2021 00:47:16.994 GMT+0200,1.17285,1.1728100000000001,2.25,1.87
21.09.2021 00:47:17.045 GMT+0200,1.17286,1.17283,0.75,0.75
21.09.2021 00:47:18.321 GMT+0200,1.17287,1.17283,2.25,0.75
21.09.2021 00:47:18.930 GMT+0200,1.17287,1.17284,0.75,0.94
21.09.2021 00:48:17.897 GMT+0200,1.17287,1.17285,2.25,0.75
21.09.2021 00:48:29.409 GMT+0200,1.17287,1.17284,1.5,0.75
21.09.2021 00:48:31.282 GMT+0200,1.17287,1.17285,2.25,0.75
21.09.2021 00:48:33.161 GMT+0200,1.17286,1.17284,0.75,0.75
21.09.2021 00:48:37.884 GMT+0200,1.17286,1.1728200000000002,0.75,1.5
21.09.2021 00:48:43.355 GMT+0200,1.17284,1.1728,2.25,1.87
21.09.2021 00:48:43.457 GMT+0200,1.17283,1.1728,1.5,1.69
21.09.2021 00:48:43.558 GMT+0200,1.17284,1.1728,2.25,0.75
21.09.2021 00:48:45.761 GMT+0200,1.17283,1.1728,0.75,0.75
21.09.2021 00:49:12.018 GMT+0200,1.17285,1.1728200000000002,0.75,1.5
21.09.2021 00:49:12.120 GMT+0200,1.17285,1.1728100000000001,0.75,0.75
21.09.2021 00:49:12.369 GMT+0200,1.17286,1.1728200000000002,2.25,2.25
21.09.2021 00:49:40.878 GMT+0200,1.17286,1.17283,1.5,0.75
21.09.2021 00:49:41.076 GMT+0200,1.17285,1.17283,2.25,0.75
21.09.2021 00:49:57.579 GMT+0200,1.17285,1.1728100000000001,0.75,0.75
21.09.2021 00:50:10.746 GMT+0200,1.17284,1.1728100000000001,0.75,0.75
21.09.2021 00:50:18.186 GMT+0200,1.17283,1.1728,1.5,0.75
21.09.2021 00:50:18.287 GMT+0200,1.1728200000000002,1.17279,2.25,0.75
21.09.2021 00:50:24.942 GMT+0200,1.1728200000000002,1.17278,2.25,0.75
21.09.2021 00:50:26.908 GMT+0200,1.1728200000000002,1.17279,2.25,0.75
21.09.2021 00:50:52.048 GMT+0200,1.1728200000000002,1.17278,2.25,0.75
21.09.2021 00:51:24.723 GMT+0200,1.1728100000000001,1.17278,1.69,0.75
21.09.2021 00:51:24.824 GMT+0200,1.17279,1.17277,0.75,2.25
21.09.2021 00:51:24.925 GMT+0200,1.17279,1.17278,0.75,0.75
21.09.2021 00:51:30.161 GMT+0200,1.1728100000000001,1.17277,2.25,1.5
21.09.2021 00:51:30.896 GMT+0200,1.1728100000000001,1.17278,0.75,0.75
21.09.2021 00:51:36.161 GMT+0200,1.1728200000000002,1.17278,2.32,0.75
21.09.2021 00:51:49.050 GMT+0200,1.1728100000000001,1.17278,0.75,0.75
21.09.2021 00:52:49.376 GMT+0200,1.1728200000000002,1.17277,1.5,0.75
21.09.2021 00:53:31.878 GMT+0200,1.1728100000000001,1.17277,0.75,0.75
21.09.2021 00:55:56.581 GMT+0200,1.1728100000000001,1.17279,2.25,0.75
21.09.2021 00:55:56.632 GMT+0200,1.17283,1.1728100000000001,1.5,0.37
21.09.2021 00:55:56.734 GMT+0200,1.17285,1.1728100000000001,2.25,1.12
21.09.2021 00:55:58.804 GMT+0200,1.17284,1.1728100000000001,1.5,1.12
21.09.2021 00:56:10.454 GMT+0200,1.17286,1.17283,2.25,0.75
21.09.2021 00:56:10.556 GMT+0200,1.17287,1.17283,1.5,0.75
21.09.2021 00:56:15.164 GMT+0200,1.17287,1.17284,1.5,0.75
21.09.2021 00:56:26.624 GMT+0200,1.17286,1.1728200000000002,1.5,0.75
21.09.2021 00:56:47.789 GMT+0200,1.17287,1.17283,3.07,0.75
21.09.2021 00:56:53.473 GMT+0200,1.17286,1.17283,1.5,0.75
21.09.2021 00:56:56.739 GMT+0200,1.17285,1.17283,1.5,0.75
21.09.2021 00:56:56.840 GMT+0200,1.17285,1.1728200000000002,1.5,0.94
21.09.2021 00:56:59.005 GMT+0200,1.17284,1.1728200000000002,1.5,0.94
21.09.2021 00:57:11.217 GMT+0200,1.17283,1.1728100000000001,1.5,1.12
21.09.2021 00:57:14.200 GMT+0200,1.17284,1.1728200000000002,2.25,1.12
21.09.2021 00:57:30.140 GMT+0200,1.17283,1.1728,1.5,0.75
21.09.2021 00:57:30.242 GMT+0200,1.17283,1.17279,1.5,1.5
21.09.2021 00:57:43.417 GMT+0200,1.1728200000000002,1.17279,1.5,0.75
21.09.2021 00:57:45.467 GMT+0200,1.1728200000000002,1.1728,2.25,0.75
21.09.2021 00:57:54.929 GMT+0200,1.1728200000000002,1.17278,0.75,0.75
21.09.2021 00:58:22.723 GMT+0200,1.17284,1.1728100000000001,2.25,0.37
21.09.2021 00:58:27.161 GMT+0200,1.17285,1.1728100000000001,2.25,1.12
21.09.2021 00:59:02.909 GMT+0200,1.17284,1.1728,2.25,0.75
21.09.2021 00:59:03.011 GMT+0200,1.17283,1.1728,1.5,0.75
21.09.2021 00:59:03.062 GMT+0200,1.1728200000000002,1.17278,0.75,0.75
21.09.2021 00:59:17.130 GMT+0200,1.17284,1.1728,3,0.75
21.09.2021 00:59:17.232 GMT+0200,1.17284,1.17279,3,0.75
21.09.2021 00:59:21.161 GMT+0200,1.17284,1.1728,3,0.75
21.09.2021 00:59:23.999 GMT+0200,1.17283,1.17279,0.75,0.75
21.09.2021 00:59:25.888 GMT+0200,1.17284,1.1728,0.75,0.75
21.09.2021 00:59:40.955 GMT+0200,1.17283,1.17279,0.75,1.12
21.09.2021 00:59:53.281 GMT+0200,1.17278,1.1727400000000001,0.19,4.82
21.09.2021 00:59:53.383 GMT+0200,1.17279,1.17277,0.19,0.75
21.09.2021 00:59:53.485 GMT+0200,1.1728,1.17276,2.25,2.25
21.09.2021 00:59:53.588 GMT+0200,1.1728100000000001,1.17277,1.69,0.75
21.09.2021 00:59:54.855 GMT+0200,1.1728,1.17276,0.75,0.75
21.09.2021 00:59:58.317 GMT+0200,1.1728100000000001,1.17277,0.75,0.75
21.09.2021 00:59:58.700 GMT+0200,1.1728200000000002,1.17277,2.25,0.75
21.09.2021 01:00:00.092 GMT+0200,1.17284,1.1728,3,0.75
21.09.2021 01:00:00.193 GMT+0200,1.17285,1.1728100000000001,3.28,0.75
21.09.2021 01:00:00.395 GMT+0200,1.17286,1.1728200000000002,2.25,0.75
21.09.2021 01:00:02.456 GMT+0200,1.17285,1.1728100000000001,0.75,0.75
21.09.2021 01:00:02.608 GMT+0200,1.17285,1.1728,2.25,1.12
21.09.2021 01:00:02.976 GMT+0200,1.17284,1.1728,1.5,1.12
21.09.2021 01:00:03.904 GMT+0200,1.17284,1.17279,2.25,1.52
21.09.2021 01:00:04.107 GMT+0200,1.17284,1.1728,2.25,1.12
21.09.2021 01:00:11.951 GMT+0200,1.17285,1.1728,3,3.56
21.09.2021 01:00:12.813 GMT+0200,1.17285,1.1728100000000001,1.5,1.87
21.09.2021 01:00:12.915 GMT+0200,1.17285,1.17283,0.75,1.87
21.09.2021 01:00:14.010 GMT+0200,1.17287,1.17283,2.25,0.75
21.09.2021 01:00:46.984 GMT+0200,1.17288,1.17284,3.45,0.75
21.09.2021 01:01:53.755 GMT+0200,1.1729,1.17286,3.28,2.62
21.09.2021 01:02:10.738 GMT+0200,1.17289,1.17286,1.5,0.75
21.09.2021 01:02:12.160 GMT+0200,1.17289,1.17285,2.25,1.12
21.09.2021 01:02:14.057 GMT+0200,1.1729,1.17286,0.75,3
21.09.2021 01:02:18.011 GMT+0200,1.1729,1.17287,0.75,0.75
21.09.2021 01:02:18.141 GMT+0200,1.1729,1.17286,0.75,0.75
21.09.2021 01:02:18.242 GMT+0200,1.17289,1.17286,0.75,0.75
21.09.2021 01:02:39.209 GMT+0200,1.17289,1.17285,0.75,1.12
21.09.2021 01:03:04.088 GMT+0200,1.17287,1.17284,0.75,0.75
21.09.2021 01:03:11.866 GMT+0200,1.17287,1.17283,0.75,0.75
21.09.2021 01:03:36.693 GMT+0200,1.17287,1.17284,0.75,0.37
21.09.2021 01:03:36.794 GMT+0200,1.17287,1.17283,0.75,1.12
21.09.2021 01:04:00.097 GMT+0200,1.17286,1.1728200000000002,1.87,0.75
21.09.2021 01:04:00.198 GMT+0200,1.17285,1.1728100000000001,0.75,1.87
21.09.2021 01:04:21.770 GMT+0200,1.17284,1.1728,0.75,2.81
21.09.2021 01:04:21.872 GMT+0200,1.17284,1.1728100000000001,0.75,0.37
21.09.2021 01:04:21.923 GMT+0200,1.17283,1.17279,0.75,1.31
21.09.2021 01:04:22.024 GMT+0200,1.1728100000000001,1.17278,0.75,0.75
21.09.2021 01:04:22.125 GMT+0200,1.1728,1.17277,0.75,0.37
21.09.2021 01:04:22.226 GMT+0200,1.17279,1.17276,0.75,0.94
21.09.2021 01:04:29.980 GMT+0200,1.17276,1.17273,0.75,0.56
21.09.2021 01:04:30.081 GMT+0200,1.17276,1.1727200000000002,0.75,1.31
21.09.2021 01:04:30.183 GMT+0200,1.1727400000000001,1.1727100000000001,0.75,1.5
21.09.2021 01:05:00.689 GMT+0200,1.17273,1.1727100000000001,2.25,2.06
21.09.2021 01:05:00.841 GMT+0200,1.17275,1.17273,2.25,0.75
21.09.2021 01:05:00.892 GMT+0200,1.17273,1.1727100000000001,0.75,2.81
21.09.2021 01:05:02.539 GMT+0200,1.17273,1.1727,0.75,2.81
21.09.2021 01:05:09.087 GMT+0200,1.1727400000000001,1.1727,0.75,3.56
21.09.2021 01:05:16.494 GMT+0200,1.17273,1.1727,0.75,3.56
21.09.2021 01:05:33.422 GMT+0200,1.17273,1.17269,0.75,1.69
21.09.2021 01:05:33.789 GMT+0200,1.1727200000000002,1.17269,0.75,0.56
21.09.2021 01:05:39.979 GMT+0200,1.1727200000000002,1.17268,0.75,1.31
21.09.2021 01:05:40.234 GMT+0200,1.17269,1.17266,0.75,0.56
21.09.2021 01:05:45.586 GMT+0200,1.17269,1.17267,0.75,0.37
21.09.2021 01:05:47.470 GMT+0200,1.1727,1.17268,0.75,0.75
21.09.2021 01:05:47.571 GMT+0200,1.1727,1.17267,0.75,1.87
21.09.2021 01:05:50.641 GMT+0200,1.1727200000000002,1.1727,2.32,0.75
21.09.2021 01:05:50.742 GMT+0200,1.17273,1.1727,0.75,2.81
21.09.2021 01:05:50.844 GMT+0200,1.17273,1.1727100000000001,0.75,0.37
21.09.2021 01:05:55.922 GMT+0200,1.17273,1.1727,0.75,3.56
21.09.2021 01:06:06.638 GMT+0200,1.17273,1.1727100000000001,0.75,0.37
21.09.2021 01:06:06.739 GMT+0200,1.1727400000000001,1.1727100000000001,0.75,1.12
21.09.2021 01:06:38.105 GMT+0200,1.17273,1.1727100000000001,0.75,3.94
21.09.2021 01:06:38.605 GMT+0200,1.17273,1.1727100000000001,0.75,0.37
21.09.2021 01:06:49.960 GMT+0200,1.1727400000000001,1.1727100000000001,0.75,0.56
21.09.2021 01:06:53.644 GMT+0200,1.1727200000000002,1.1727,0.75,0.19
21.09.2021 01:06:53.695 GMT+0200,1.1727200000000002,1.17268,1.87,0.56
21.09.2021 01:06:53.797 GMT+0200,1.1727,1.17268,0.75,0.37
21.09.2021 01:06:53.899 GMT+0200,1.1727,1.17268,1.87,0.74
21.09.2021 01:06:54.000 GMT+0200,1.17269,1.17266,0.75,0.37
21.09.2021 01:07:00.160 GMT+0200,1.17268,1.17266,0.75,0.37
21.09.2021 01:07:00.311 GMT+0200,1.17268,1.17265,0.75,1.87
21.09.2021 01:07:00.413 GMT+0200,1.17268,1.17267,0.75,0.37
21.09.2021 01:07:07.065 GMT+0200,1.17269,1.17266,0.75,0.37
21.09.2021 01:07:10.120 GMT+0200,1.17266,1.1726400000000001,0.75,2.44
21.09.2021 01:07:10.221 GMT+0200,1.17265,1.1726400000000001,0.75,1.5
21.09.2021 01:07:10.272 GMT+0200,1.17268,1.17266,1.5,0.37
21.09.2021 01:07:10.373 GMT+0200,1.17268,1.17265,0.75,2.62
21.09.2021 01:07:10.474 GMT+0200,1.17268,1.1726400000000001,0.75,2.81
21.09.2021 01:07:13.391 GMT+0200,1.17267,1.1726400000000001,0.75,1.69
21.09.2021 01:07:14.591 GMT+0200,1.17266,1.17263,0.75,1.5
21.09.2021 01:07:18.934 GMT+0200,1.17265,1.17263,2.25,1.87
21.09.2021 01:07:19.036 GMT+0200,1.1726400000000001,1.1726200000000002,0.75,1.12
21.09.2021 01:07:39.524 GMT+0200,1.17265,1.17263,0.75,0.75
21.09.2021 01:07:39.626 GMT+0200,1.17265,1.1726200000000002,0.75,2.06
21.09.2021 01:07:39.677 GMT+0200,1.17268,1.1726400000000001,0.75,2.81
21.09.2021 01:07:39.778 GMT+0200,1.17268,1.17265,0.75,0.37
21.09.2021 01:07:39.879 GMT+0200,1.17268,1.1726400000000001,0.75,2.81
21.09.2021 01:08:00.186 GMT+0200,1.17267,1.1726400000000001,0.75,1.31
21.09.2021 01:08:36.591 GMT+0200,1.17266,1.17263,0.75,2.06
21.09.2021 01:08:51.160 GMT+0200,1.17268,1.17266,0.75,0.37
21.09.2021 01:08:51.277 GMT+0200,1.17269,1.17266,0.75,0.37
21.09.2021 01:08:51.943 GMT+0200,1.17269,1.17267,0.75,0.75
21.09.2021 01:09:01.144 GMT+0200,1.1727,1.17267,0.75,1.69
21.09.2021 01:09:02.431 GMT+0200,1.17269,1.17267,0.75,0.94
21.09.2021 01:09:06.160 GMT+0200,1.1727,1.17267,0.75,0.75
21.09.2021 01:09:07.917 GMT+0200,1.1727,1.17269,1.12,0.75
21.09.2021 01:09:09.735 GMT+0200,1.1727,1.17267,0.75,0.94
21.09.2021 01:09:27.160 GMT+0200,1.17269,1.17267,0.75,1.31
21.09.2021 01:09:29.199 GMT+0200,1.1727,1.17268,0.75,0.75
21.09.2021 01:09:29.352 GMT+0200,1.1727100000000001,1.17269,0.75,0.19
21.09.2021 01:09:29.453 GMT+0200,1.1727100000000001,1.17267,0.75,1.87
21.09.2021 01:09:29.554 GMT+0200,1.1727,1.17267,0.75,1.31
21.09.2021 01:09:29.655 GMT+0200,1.1727,1.17268,0.75,0.56
21.09.2021 01:09:34.349 GMT+0200,1.1727100000000001,1.17269,0.75,1.31
21.09.2021 01:09:42.041 GMT+0200,1.1727100000000001,1.17268,0.75,1.87
21.09.2021 01:09:42.243 GMT+0200,1.1727,1.17268,0.75,0.75
21.09.2021 01:09:42.982 GMT+0200,1.1727,1.17267,0.75,1.31
21.09.2021 01:09:48.552 GMT+0200,1.1727,1.17269,0.75,1.31
21.09.2021 01:09:48.704 GMT+0200,1.1727100000000001,1.17269,0.75,0.37
21.09.2021 01:09:48.805 GMT+0200,1.1727200000000002,1.17269,0.75,1.31
21.09.2021 01:09:48.907 GMT+0200,1.1727100000000001,1.17269,0.75,1.12
21.09.2021 01:10:01.452 GMT+0200,1.1727100000000001,1.17268,0.75,1.31
21.09.2021 01:10:02.428 GMT+0200,1.1727,1.17268,0.75,1.12
21.09.2021 01:10:05.580 GMT+0200,1.1727100000000001,1.17268,0.75,0.37
21.09.2021 01:10:05.737 GMT+0200,1.1727100000000001,1.17267,0.75,2.06
21.09.2021 01:10:09.018 GMT+0200,1.1727100000000001,1.17268,0.75,0.37
21.09.2021 01:10:13.656 GMT+0200,1.1727200000000002,1.17268,0.75,2.06
21.09.2021 01:10:14.009 GMT+0200,1.1727200000000002,1.17269,0.75,1.12
21.09.2021 01:10:18.022 GMT+0200,1.17273,1.17269,0.75,1.87
21.09.2021 01:10:34.066 GMT+0200,1.17273,1.1727,0.75,0.37
21.09.2021 01:10:35.589 GMT+0200,1.1727200000000002,1.1727,0.75,1.12
21.09.2021 01:10:47.972 GMT+0200,1.1727100000000001,1.17269,0.75,1.12
21.09.2021 01:10:50.893 GMT+0200,1.17273,1.17269,1.12,0.75
21.09.2021 01:10:56.906 GMT+0200,1.1727200000000002,1.17269,0.75,0.75
21.09.2021 01:11:02.358 GMT+0200,1.1727200000000002,1.17268,0.75,1.12
21.09.2021 01:11:08.564 GMT+0200,1.17273,1.1727,0.37,0.75
21.09.2021 01:11:09.186 GMT+0200,1.1727,1.17267,1.31,0.75
21.09.2021 01:11:09.338 GMT+0200,1.17269,1.17266,0.56,0.75
21.09.2021 01:11:09.491 GMT+0200,1.1727,1.17266,2.44,0.75
21.09.2021 01:11:09.593 GMT+0200,1.17269,1.17265,1.12,0.75
21.09.2021 01:11:17.269 GMT+0200,1.1727,1.17266,3.37,1.5
21.09.2021 01:11:18.591 GMT+0200,1.17269,1.17266,0.75,0.75
21.09.2021 01:11:18.693 GMT+0200,1.17269,1.17265,1.12,0.75
21.09.2021 01:11:21.128 GMT+0200,1.17268,1.17265,2.25,0.75
21.09.2021 01:11:24.160 GMT+0200,1.17268,1.1726400000000001,3,1.12
21.09.2021 01:11:31.337 GMT+0200,1.17267,1.17263,1.5,1.12
21.09.2021 01:11:31.439 GMT+0200,1.17267,1.1726400000000001,1.5,0.75
21.09.2021 01:11:32.596 GMT+0200,1.17267,1.17263,1.87,1.12
21.09.2021 01:11:41.583 GMT+0200,1.17266,1.1726200000000002,0.75,1.12
21.09.2021 01:11:55.137 GMT+0200,1.17268,1.17265,0.75,3.37
21.09.2021 01:11:55.238 GMT+0200,1.17269,1.17265,0.75,3.37
21.09.2021 01:11:55.340 GMT+0200,1.1727,1.17266,3.37,1.12
21.09.2021 01:12:11.615 GMT+0200,1.17269,1.17265,0.75,1.5
21.09.2021 01:12:27.160 GMT+0200,1.17268,1.1726400000000001,0.75,1.31
21.09.2021 01:12:44.343 GMT+0200,1.17267,1.1726400000000001,0.75,0.37
21.09.2021 01:12:46.302 GMT+0200,1.17267,1.17263,0.75,0.75
21.09.2021 01:12:48.037 GMT+0200,1.17265,1.17263,0.75,2.25
21.09.2021 01:12:54.711 GMT+0200,1.17266,1.17263,0.75,0.37
21.09.2021 01:13:01.810 GMT+0200,1.17268,1.1726400000000001,0.75,1.31
21.09.2021 01:13:14.263 GMT+0200,1.17267,1.1726400000000001,0.75,1.12
21.09.2021 01:13:33.667 GMT+0200,1.17268,1.17266,0.75,0.37
21.09.2021 01:13:33.769 GMT+0200,1.17269,1.17266,0.75,1.5
21.09.2021 01:13:34.072 GMT+0200,1.17269,1.17265,0.75,2.7
21.09.2021 01:13:34.173 GMT+0200,1.17268,1.17265,0.37,1.12
21.09.2021 01:13:34.275 GMT+0200,1.17267,1.1726400000000001,0.75,0.37
21.09.2021 01:13:34.376 GMT+0200,1.17266,1.1726200000000002,1.5,1.2
21.09.2021 01:13:39.160 GMT+0200,1.17265,1.1726200000000002,0.75,0.37
21.09.2021 01:13:39.729 GMT+0200,1.17265,1.1726100000000002,0.75,1.2
21.09.2021 01:13:50.478 GMT+0200,1.17265,1.1726200000000002,0.75,0.37
21.09.2021 01:13:50.579 GMT+0200,1.17265,1.1726100000000002,0.75,1.2
21.09.2021 01:13:52.976 GMT+0200,1.17265,1.1726200000000002,0.75,0.37
21.09.2021 01:13:55.576 GMT+0200,1.17266,1.1726200000000002,0.75,2.25
21.09.2021 01:13:56.964 GMT+0200,1.17266,1.17263,0.75,0.37
21.09.2021 01:13:57.701 GMT+0200,1.17266,1.1726200000000002,1.5,1.2
21.09.2021 01:13:57.802 GMT+0200,1.17266,1.17263,1.5,0.37
21.09.2021 01:13:57.951 GMT+0200,1.17265,1.17263,0.75,0.37
21.09.2021 01:13:58.813 GMT+0200,1.17265,1.1726200000000002,0.75,1.95
21.09.2021 01:13:58.914 GMT+0200,1.17265,1.17263,0.75,0.37
21.09.2021 01:13:59.260 GMT+0200,1.17266,1.17263,0.75,0.37
21.09.2021 01:14:00.220 GMT+0200,1.17266,1.1726200000000002,1.87,1.2
21.09.2021 01:14:06.160 GMT+0200,1.17265,1.1726200000000002,0.75,0.45
21.09.2021 01:14:09.695 GMT+0200,1.17265,1.17263,0.75,0.37
21.09.2021 01:14:11.579 GMT+0200,1.17266,1.17263,0.75,0.37
21.09.2021 01:14:19.125 GMT+0200,1.17266,1.1726200000000002,0.75,0.75
21.09.2021 01:14:19.226 GMT+0200,1.17263,1.1726,0.75,0.75
21.09.2021 01:14:19.328 GMT+0200,1.1726200000000002,1.17258,0.75,1.12
21.09.2021 01:14:20.073 GMT+0200,1.1726100000000002,1.1725700000000001,1.12,1.12
21.09.2021 01:14:22.921 GMT+0200,1.1726,1.1725700000000001,0.75,0.37
21.09.2021 01:14:28.060 GMT+0200,1.17259,1.1725700000000001,0.75,0.37
21.09.2021 01:14:46.996 GMT+0200,1.1726100000000002,1.1725700000000001,0.75,2.62
21.09.2021 01:14:47.173 GMT+0200,1.1726100000000002,1.17258,0.75,0.75
21.09.2021 01:14:47.274 GMT+0200,1.1726100000000002,1.1725700000000001,0.75,2.25
21.09.2021 01:14:53.596 GMT+0200,1.1726,1.1725700000000001,0.75,0.37
21.09.2021 01:15:10.204 GMT+0200,1.17259,1.1725700000000001,0.75,0.37
21.09.2021 01:15:10.255 GMT+0200,1.17258,1.17254,0.75,1.12
21.09.2021 01:15:10.709 GMT+0200,1.1725700000000001,1.17254,0.75,0.37
21.09.2021 01:15:16.582 GMT+0200,1.1725700000000001,1.17253,0.75,1.31
21.09.2021 01:15:18.150 GMT+0200,1.1725700000000001,1.17254,0.75,0.37
21.09.2021 01:15:18.251 GMT+0200,1.17258,1.17256,0.75,0.37
21.09.2021 01:15:24.160 GMT+0200,1.17259,1.17256,0.75,0.75
21.09.2021 01:16:00.689 GMT+0200,1.1726,1.1725700000000001,0.75,0.37
21.09.2021 01:16:00.797 GMT+0200,1.1726,1.17258,0.75,1.12
21.09.2021 01:16:02.138 GMT+0200,1.1726,1.1725700000000001,0.75,0.37
21.09.2021 01:16:02.616 GMT+0200,1.17259,1.1725700000000001,0.75,0.37
21.09.2021 01:16:07.740 GMT+0200,1.17259,1.17256,0.75,1.5
21.09.2021 01:16:07.974 GMT+0200,1.17259,1.1725700000000001,0.75,0.37
21.09.2021 01:16:12.847 GMT+0200,1.17259,1.1725700000000001,0.75,2.25
21.09.2021 01:16:19.390 GMT+0200,1.17259,1.1725700000000001,0.75,0.37
21.09.2021 01:16:20.113 GMT+0200,1.17259,1.17256,0.75,3
21.09.2021 01:16:21.479 GMT+0200,1.17259,1.1725700000000001,0.75,0.37
21.09.2021 01:16:21.706 GMT+0200,1.17259,1.17256,0.75,2.25
21.09.2021 01:16:34.640 GMT+0200,1.17259,1.1725700000000001,0.75,0.37
21.09.2021 01:16:34.909 GMT+0200,1.17259,1.17256,0.75,2.25
21.09.2021 01:16:54.136 GMT+0200,1.17259,1.1725700000000001,0.75,1.5
21.09.2021 01:16:54.238 GMT+0200,1.1726,1.1725700000000001,0.75,2.06
21.09.2021 01:16:54.687 GMT+0200,1.17259,1.17255,0.94,1.5
21.09.2021 01:16:54.788 GMT+0200,1.17258,1.17255,0.75,3.37
21.09.2021 01:16:54.890 GMT+0200,1.17258,1.17256,0.75,0.37
21.09.2021 01:16:57.677 GMT+0200,1.17258,1.1725700000000001,0.75,0.37
21.09.2021 01:17:19.134 GMT+0200,1.1726,1.1725700000000001,0.75,0.75
21.09.2021 01:17:23.074 GMT+0200,1.17259,1.17255,0.75,2.62
21.09.2021 01:17:23.124 GMT+0200,1.1726,1.1725700000000001,0.75,0.37
21.09.2021 01:17:23.226 GMT+0200,1.1726,1.17256,0.75,1.12
21.09.2021 01:17:29.035 GMT+0200,1.1726100000000002,1.17258,1.5,0.75
21.09.2021 01:17:29.136 GMT+0200,1.17259,1.17255,0.75,1.95
21.09.2021 01:17:29.238 GMT+0200,1.1725700000000001,1.17255,0.75,0.75
21.09.2021 01:17:30.391 GMT+0200,1.1725700000000001,1.17253,0.75,1.12
21.09.2021 01:17:56.495 GMT+0200,1.17256,1.1725200000000002,0.75,1.12
21.09.2021 01:17:57.725 GMT+0200,1.17255,1.1725200000000002,0.75,1.12
21.09.2021 01:18:03.807 GMT+0200,1.17256,1.1725200000000002,0.75,1.12
21.09.2021 01:18:04.485 GMT+0200,1.17255,1.1725200000000002,0.75,1.12
21.09.2021 01:18:06.877 GMT+0200,1.17256,1.1725200000000002,0.75,1.12
21.09.2021 01:18:06.928 GMT+0200,1.1725700000000001,1.17254,3,1.12
21.09.2021 01:18:07.029 GMT+0200,1.17258,1.17255,1.12,1.12
21.09.2021 01:18:07.130 GMT+0200,1.17258,1.17254,1.12,1.12
21.09.2021 01:18:07.636 GMT+0200,1.17258,1.17255,0.75,0.75
21.09.2021 01:18:07.788 GMT+0200,1.17258,1.17254,0.75,1.12
21.09.2021 01:18:08.040 GMT+0200,1.17258,1.17255,0.75,0.75
21.09.2021 01:18:08.446 GMT+0200,1.17258,1.17254,0.75,1.12
21.09.2021 01:18:08.598 GMT+0200,1.17258,1.17255,0.75,0.75
21.09.2021 01:18:09.717 GMT+0200,1.17259,1.17255,1.12,0.75
21.09.2021 01:18:10.222 GMT+0200,1.17258,1.17255,0.75,0.75
21.09.2021 01:18:10.550 GMT+0200,1.17258,1.17256,1.12,0.75
21.09.2021 01:18:14.952 GMT+0200,1.1725700000000001,1.17255,0.75,1.12
21.09.2021 01:18:17.861 GMT+0200,1.1725700000000001,1.17254,0.75,1.12
21.09.2021 01:18:19.748 GMT+0200,1.1726,1.1725700000000001,3,0.37
21.09.2021 01:18:21.731 GMT+0200,1.1726,1.17256,0.75,1.12
21.09.2021 01:18:21.837 GMT+0200,1.1726,1.1725700000000001,0.75,0.37
21.09.2021 01:18:28.182 GMT+0200,1.1726100000000002,1.1725700000000001,1.5,1.12
21.09.2021 01:18:54.135 GMT+0200,1.1726,1.1725700000000001,0.75,0.37
21.09.2021 01:18:57.733 GMT+0200,1.1726,1.17256,1.12,2.62
21.09.2021 01:19:02.035 GMT+0200,1.1726,1.1725700000000001,0.75,0.37
21.09.2021 01:19:04.116 GMT+0200,1.1726,1.17256,0.75,1.12
21.09.2021 01:19:06.140 GMT+0200,1.1726,1.1725700000000001,0.75,0.37
21.09.2021 01:19:22.229 GMT+0200,1.1726,1.17258,0.75,0.37
21.09.2021 01:19:22.815 GMT+0200,1.1726,1.17259,0.75,0.37
21.09.2021 01:19:23.229 GMT+0200,1.1726100000000002,1.1725700000000001,0.75,1.5
21.09.2021 01:19:27.596 GMT+0200,1.1726100000000002,1.1726,0.75,1.12
21.09.2021 01:19:27.697 GMT+0200,1.1726200000000002,1.17258,0.75,1.87
21.09.2021 01:19:27.798 GMT+0200,1.1726100000000002,1.1726,0.75,0.37
21.09.2021 01:19:34.353 GMT+0200,1.1726100000000002,1.1725700000000001,0.75,1.12
21.09.2021 01:19:35.314 GMT+0200,1.1726,1.1725700000000001,0.75,0.37
21.09.2021 01:20:08.506 GMT+0200,1.1726,1.17256,0.75,0.75
21.09.2021 01:20:12.161 GMT+0200,1.17259,1.17256,0.75,0.75
21.09.2021 01:20:33.727 GMT+0200,1.17259,1.1725700000000001,0.75,0.75
21.09.2021 01:20:33.829 GMT+0200,1.17259,1.17256,0.75,0.37
21.09.2021 01:20:33.930 GMT+0200,1.1726,1.17256,0.75,1.87
21.09.2021 01:20:34.381 GMT+0200,1.17258,1.17256,0.75,0.37
21.09.2021 01:20:34.482 GMT+0200,1.17259,1.17256,0.75,2.25
21.09.2021 01:20:35.464 GMT+0200,1.1726,1.17256,0.75,2.25
21.09.2021 01:20:38.197 GMT+0200,1.1726,1.1725700000000001,0.75,2.62
21.09.2021 01:21:20.708 GMT+0200,1.17258,1.17255,0.75,2.25
21.09.2021 01:21:20.860 GMT+0200,1.1725700000000001,1.17254,0.75,1.31
21.09.2021 01:21:20.961 GMT+0200,1.17258,1.17254,0.37,0.37
21.09.2021 01:21:21.062 GMT+0200,1.1725700000000001,1.17254,0.75,0.37
21.09.2021 01:21:21.164 GMT+0200,1.17255,1.17253,0.75,0.37
21.09.2021 01:21:21.316 GMT+0200,1.17255,1.1725200000000002,0.75,1.12
21.09.2021 01:21:24.915 GMT+0200,1.17254,1.1725200000000002,0.75,0.37
21.09.2021 01:21:37.610 GMT+0200,1.17254,1.1725100000000002,0.75,1.87
21.09.2021 01:21:38.253 GMT+0200,1.17253,1.1725,0.75,7.39
21.09.2021 01:21:40.582 GMT+0200,1.17256,1.1725200000000002,0.37,0.37
21.09.2021 01:21:42.159 GMT+0200,1.17254,1.1725200000000002,0.75,0.37
21.09.2021 01:21:52.281 GMT+0200,1.17254,1.1725100000000002,0.75,0.37
21.09.2021 01:22:26.518 GMT+0200,1.17254,1.1725200000000002,0.75,0.37
21.09.2021 01:22:26.670 GMT+0200,1.17254,1.1725100000000002,0.75,0.37
21.09.2021 01:22:26.771 GMT+0200,1.17254,1.1725200000000002,0.75,0.37
21.09.2021 01:22:30.758 GMT+0200,1.17254,1.1725100000000002,0.75,3
21.09.2021 01:22:30.859 GMT+0200,1.17255,1.1725200000000002,0.75,1.12
21.09.2021 01:22:32.202 GMT+0200,1.17256,1.1725200000000002,0.75,1.12
21.09.2021 01:22:38.069 GMT+0200,1.17256,1.17253,0.75,0.37
21.09.2021 01:22:38.170 GMT+0200,1.17256,1.1725200000000002,0.75,1.12
21.09.2021 01:23:04.315 GMT+0200,1.17256,1.17254,0.75,1.87
21.09.2021 01:23:04.365 GMT+0200,1.17259,1.1725700000000001,1.78,0.75
21.09.2021 01:23:04.467 GMT+0200,1.1726,1.1725700000000001,0.75,1.12
21.09.2021 01:23:04.945 GMT+0200,1.1726,1.17256,0.75,2.06
21.09.2021 01:23:10.513 GMT+0200,1.1726,1.1725700000000001,0.75,0.37
21.09.2021 01:23:10.634 GMT+0200,1.1726,1.17256,0.75,1.12
21.09.2021 01:24:02.205 GMT+0200,1.17259,1.17256,0.75,0.75
21.09.2021 01:24:02.306 GMT+0200,1.17258,1.17255,0.75,0.75
21.09.2021 01:24:06.207 GMT+0200,1.17259,1.17255,1.12,1.87
21.09.2021 01:24:07.807 GMT+0200,1.17258,1.17255,0.75,1.12
21.09.2021 01:24:20.905 GMT+0200,1.1726,1.1725700000000001,0.75,0.37
21.09.2021 01:24:21.006 GMT+0200,1.1726,1.17256,0.75,2.25
21.09.2021 01:24:21.107 GMT+0200,1.1726,1.1725700000000001,0.75,0.37
21.09.2021 01:24:28.659 GMT+0200,1.1726,1.17256,0.75,2.25
21.09.2021 01:25:05.721 GMT+0200,1.1726100000000002,1.1725700000000001,1.12,1.87
21.09.2021 01:25:40.949 GMT+0200,1.1726,1.17256,0.75,1.5
21.09.2021 01:25:57.933 GMT+0200,1.1726,1.1725700000000001,0.75,0.37
21.09.2021 01:25:58.284 GMT+0200,1.1726,1.17256,0.75,2.44
21.09.2021 01:25:59.296 GMT+0200,1.1726,1.1725700000000001,0.75,0.75
21.09.2021 01:26:03.159 GMT+0200,1.1726100000000002,1.1725700000000001,0.75,1.87
21.09.2021 01:26:55.638 GMT+0200,1.1726100000000002,1.17258,0.75,1.12
21.09.2021 01:26:55.739 GMT+0200,1.1726200000000002,1.1726,0.75,0.37
21.09.2021 01:26:55.790 GMT+0200,1.17263,1.1726100000000002,0.75,1.5
21.09.2021 01:26:56.144 GMT+0200,1.17263,1.17259,0.75,2.62
21.09.2021 01:26:56.295 GMT+0200,1.17263,1.1726,0.75,1.87
21.09.2021 01:26:56.397 GMT+0200,1.1726400000000001,1.1726100000000002,0.75,1.5
21.09.2021 01:26:56.633 GMT+0200,1.1726400000000001,1.1726200000000002,0.75,0.37
21.09.2021 01:26:56.734 GMT+0200,1.1726400000000001,1.1726100000000002,0.75,1.5
21.09.2021 01:26:57.783 GMT+0200,1.17265,1.1726100000000002,0.75,2.25
21.09.2021 01:27:00.822 GMT+0200,1.17266,1.1726200000000002,1.5,0.37
21.09.2021 01:27:00.924 GMT+0200,1.17266,1.17263,0.75,0.75
21.09.2021 01:27:01.025 GMT+0200,1.17266,1.1726200000000002,0.75,1.87
21.09.2021 01:27:02.560 GMT+0200,1.17265,1.1726400000000001,0.75,0.75
21.09.2021 01:27:03.385 GMT+0200,1.17267,1.17263,1.5,0.37
21.09.2021 01:27:07.396 GMT+0200,1.17266,1.17263,0.75,0.37
21.09.2021 01:27:10.282 GMT+0200,1.17267,1.17263,0.75,0.37
21.09.2021 01:27:16.865 GMT+0200,1.17267,1.1726200000000002,1.5,2.25
21.09.2021 01:27:20.268 GMT+0200,1.17266,1.1726200000000002,0.75,1.87
21.09.2021 01:27:29.772 GMT+0200,1.17263,1.17259,0.75,4.31
21.09.2021 01:27:29.874 GMT+0200,1.17263,1.17258,2.25,1.87
21.09.2021 01:27:30.367 GMT+0200,1.1726200000000002,1.17258,0.75,0.75
21.09.2021 01:27:31.105 GMT+0200,1.1726100000000002,1.1725700000000001,0.75,1.12
21.09.2021 01:27:49.521 GMT+0200,1.1726,1.17256,0.75,2.25
21.09.2021 01:28:16.213 GMT+0200,1.1726100000000002,1.1725700000000001,0.75,0.75
21.09.2021 01:28:54.391 GMT+0200,1.1726200000000002,1.17258,0.75,1.5
21.09.2021 01:28:54.543 GMT+0200,1.17263,1.17259,1.5,0.75
21.09.2021 01:28:57.132 GMT+0200,1.1726400000000001,1.1726,1.12,0.75
21.09.2021 01:28:57.233 GMT+0200,1.17265,1.1726100000000002,1.5,2.25
21.09.2021 01:28:57.334 GMT+0200,1.1726400000000001,1.17263,0.75,0.56
21.09.2021 01:28:57.436 GMT+0200,1.17265,1.1726100000000002,0.75,2.44
21.09.2021 01:28:57.537 GMT+0200,1.17266,1.1726200000000002,1.5,0.37
21.09.2021 01:29:25.659 GMT+0200,1.17267,1.1726200000000002,3.37,2.81
21.09.2021 01:29:39.856 GMT+0200,1.17268,1.17267,2.25,1.5
21.09.2021 01:29:39.957 GMT+0200,1.1727,1.17267,1.78,0.37
21.09.2021 01:29:40.058 GMT+0200,1.1727100000000001,1.17267,0.75,1.12
21.09.2021 01:29:40.261 GMT+0200,1.1727100000000001,1.17268,0.75,0.75
21.09.2021 01:29:40.466 GMT+0200,1.1727100000000001,1.17268,3,3.19
21.09.2021 01:29:41.600 GMT+0200,1.1727200000000002,1.17268,3,0.75
21.09.2021 01:30:07.986 GMT+0200,1.1727100000000001,1.17268,0.75,0.37
21.09.2021 01:30:27.331 GMT+0200,1.1727100000000001,1.17267,0.75,2.06
21.09.2021 01:30:27.432 GMT+0200,1.1727,1.17267,0.75,1.12
21.09.2021 01:30:27.533 GMT+0200,1.17269,1.17267,0.75,1.69
21.09.2021 01:30:27.685 GMT+0200,1.17269,1.17267,0.75,0.75
21.09.2021 01:30:27.837 GMT+0200,1.1727,1.17267,0.75,0.94
21.09.2021 01:30:28.803 GMT+0200,1.1727,1.17268,0.75,1.31
21.09.2021 01:30:33.208 GMT+0200,1.1727100000000001,1.17268,0.75,1.31
21.09.2021 01:31:13.367 GMT+0200,1.1727,1.17268,0.75,0.19
21.09.2021 01:31:13.469 GMT+0200,1.1727,1.17267,0.75,0.37
21.09.2021 01:31:13.570 GMT+0200,1.1727,1.17266,1.12,3.19
21.09.2021 01:31:13.621 GMT+0200,1.17268,1.17266,0.75,0.37
21.09.2021 01:31:15.973 GMT+0200,1.17269,1.17266,1.12,0.56
21.09.2021 01:31:22.892 GMT+0200,1.17267,1.17265,0.37,0.56
21.09.2021 01:31:22.994 GMT+0200,1.17268,1.17267,1.12,0.37
21.09.2021 01:31:48.283 GMT+0200,1.17269,1.17266,0.75,0.45
21.09.2021 01:32:00.778 GMT+0200,1.17268,1.17266,1.12,3.64
21.09.2021 01:32:11.514 GMT+0200,1.17268,1.17265,1.12,2.14
21.09.2021 01:32:11.616 GMT+0200,1.17268,1.17267,1.12,1.12
21.09.2021 01:32:13.562 GMT+0200,1.17269,1.17266,1.12,1.39
21.09.2021 01:32:15.622 GMT+0200,1.17269,1.17267,0.75,0.37
21.09.2021 01:32:19.800 GMT+0200,1.1727,1.17267,1.12,2.44
21.09.2021 01:32:19.902 GMT+0200,1.1727,1.17268,1.12,0.75
21.09.2021 01:32:20.879 GMT+0200,1.1727,1.17267,1.12,2.51
21.09.2021 01:32:20.988 GMT+0200,1.1727,1.17268,1.12,0.75
21.09.2021 01:32:24.209 GMT+0200,1.1727,1.17267,1.12,2.06
21.09.2021 01:32:24.310 GMT+0200,1.1727,1.17269,1.12,0.75
21.09.2021 01:32:40.582 GMT+0200,1.1727,1.17267,2.25,2.81
21.09.2021 01:33:00.829 GMT+0200,1.17269,1.17267,0.37,2.06
21.09.2021 01:33:01.138 GMT+0200,1.17268,1.17266,1.5,1.12
21.09.2021 01:33:19.914 GMT+0200,1.17269,1.17265,1.12,2.89
21.09.2021 01:33:20.015 GMT+0200,1.17269,1.17266,1.12,0.37
21.09.2021 01:33:35.101 GMT+0200,1.1727,1.17267,0.37,0.75
21.09.2021 01:33:38.980 GMT+0200,1.1727100000000001,1.17267,2.25,0.75
21.09.2021 01:33:52.949 GMT+0200,1.1727,1.17267,0.37,0.75
21.09.2021 01:33:55.045 GMT+0200,1.1727100000000001,1.17267,2.25,0.75
21.09.2021 01:34:07.163 GMT+0200,1.1727,1.17267,0.37,0.75
21.09.2021 01:34:34.402 GMT+0200,1.1727100000000001,1.17267,1.2,0.75
21.09.2021 01:35:01.959 GMT+0200,1.1727,1.17267,0.37,0.75
21.09.2021 01:35:04.207 GMT+0200,1.17269,1.17266,0.37,1.95
21.09.2021 01:35:06.198 GMT+0200,1.1727,1.17266,0.75,1.95
21.09.2021 01:35:18.931 GMT+0200,1.1727,1.17267,0.75,0.1
21.09.2021 01:35:19.032 GMT+0200,1.1727,1.17268,0.75,0.37
21.09.2021 01:35:24.158 GMT+0200,1.1727100000000001,1.17268,0.75,0.37
21.09.2021 01:35:26.936 GMT+0200,1.1727100000000001,1.17267,0.75,0.82
21.09.2021 01:36:54.439 GMT+0200,1.1727,1.17266,0.75,2.62
21.09.2021 01:37:19.204 GMT+0200,1.1727100000000001,1.17267,1.57,0.75
21.09.2021 01:37:38.201 GMT+0200,1.1727,1.17266,0.75,2.7
21.09.2021 01:37:47.160 GMT+0200,1.1727200000000002,1.1727,0.75,0.75
21.09.2021 01:37:47.210 GMT+0200,1.1727400000000001,1.1727100000000001,0.75,0.1
21.09.2021 01:37:47.362 GMT+0200,1.17275,1.1727100000000001,0.75,1.2
21.09.2021 01:38:00.004 GMT+0200,1.1727400000000001,1.1727,2.25,1.01
21.09.2021 01:38:00.106 GMT+0200,1.1727200000000002,1.17268,0.75,1.2
21.09.2021 01:38:00.946 GMT+0200,1.1727100000000001,1.17267,0.75,2.32
21.09.2021 01:38:01.429 GMT+0200,1.1727,1.17267,0.75,0.1
21.09.2021 01:38:08.533 GMT+0200,1.1727100000000001,1.17269,0.75,0.82
21.09.2021 01:38:22.535 GMT+0200,1.1727,1.17269,0.75,0.1
21.09.2021 01:38:22.636 GMT+0200,1.1727100000000001,1.17267,0.75,1.2
21.09.2021 01:38:34.139 GMT+0200,1.17269,1.17268,0.75,0.1
21.09.2021 01:39:24.044 GMT+0200,1.1727100000000001,1.17267,0.75,3
21.09.2021 01:39:57.078 GMT+0200,1.1727,1.17266,0.75,3.51
21.09.2021 01:40:01.321 GMT+0200,1.17269,1.17266,0.75,1.39
21.09.2021 01:40:21.136 GMT+0200,1.1727,1.17266,0.75,2.89
21.09.2021 01:40:22.252 GMT+0200,1.1727,1.17267,0.75,1.5
21.09.2021 01:40:22.354 GMT+0200,1.17273,1.17269,0.82,0.75
21.09.2021 01:40:22.822 GMT+0200,1.1727200000000002,1.17268,0.75,1.2
21.09.2021 01:40:24.075 GMT+0200,1.1727100000000001,1.17267,0.75,3.64
21.09.2021 01:40:24.712 GMT+0200,1.1727100000000001,1.17268,0.75,0.37
21.09.2021 01:40:26.707 GMT+0200,1.17273,1.1727,0.75,0.75
21.09.2021 01:40:26.808 GMT+0200,1.17273,1.17269,0.75,2.89
21.09.2021 01:40:28.071 GMT+0200,1.1727400000000001,1.1727100000000001,0.75,0.75
21.09.2021 01:40:28.173 GMT+0200,1.1727400000000001,1.1727,0.75,2.51
21.09.2021 01:40:29.413 GMT+0200,1.17273,1.1727,0.75,0.75
21.09.2021 01:40:33.232 GMT+0200,1.17273,1.1727100000000001,0.82,0.75
21.09.2021 01:40:41.688 GMT+0200,1.1727400000000001,1.1727100000000001,0.75,1.5
21.09.2021 01:40:42.563 GMT+0200,1.17275,1.1727100000000001,0.75,1.57
21.09.2021 01:40:54.015 GMT+0200,1.17275,1.1727200000000002,0.75,1.5
21.09.2021 01:41:05.687 GMT+0200,1.17275,1.1727100000000001,0.75,3.45
21.09.2021 01:41:06.687 GMT+0200,1.1727400000000001,1.17273,0.75,0.37
21.09.2021 01:41:09.847 GMT+0200,1.1727400000000001,1.1727200000000002,0.75,3.45
21.09.2021 01:41:10.049 GMT+0200,1.17275,1.1727200000000002,0.75,4.57
21.09.2021 01:42:11.000 GMT+0200,1.17276,1.1727200000000002,0.75,2.25
21.09.2021 01:42:17.590 GMT+0200,1.17276,1.17273,0.75,1.95
21.09.2021 01:42:17.692 GMT+0200,1.17276,1.1727400000000001,0.75,0.37
21.09.2021 01:42:17.742 GMT+0200,1.17278,1.17275,0.75,2.7
21.09.2021 01:42:17.844 GMT+0200,1.17278,1.1727400000000001,0.75,1.2
21.09.2021 01:42:32.003 GMT+0200,1.17277,1.17273,0.75,2.7
21.09.2021 01:42:36.158 GMT+0200,1.17276,1.1727200000000002,0.75,2.7
21.09.2021 01:42:40.644 GMT+0200,1.17275,1.1727200000000002,0.75,1.2
21.09.2021 01:43:12.158 GMT+0200,1.17276,1.1727200000000002,0.75,2.32
21.09.2021 01:43:28.936 GMT+0200,1.17276,1.17273,0.75,0.1
21.09.2021 01:44:03.086 GMT+0200,1.17277,1.17276,0.75,0.82
21.09.2021 01:44:03.238 GMT+0200,1.17278,1.1727400000000001,0.75,1.2
21.09.2021 01:44:06.686 GMT+0200,1.17277,1.17273,0.75,1.2
21.09.2021 01:44:07.187 GMT+0200,1.17276,1.1727200000000002,0.75,0.82
21.09.2021 01:44:08.055 GMT+0200,1.17276,1.17273,0.75,1.01
21.09.2021 01:44:08.202 GMT+0200,1.17277,1.17273,0.75,0.82
21.09.2021 01:44:12.158 GMT+0200,1.17276,1.1727200000000002,0.75,1.39
21.09.2021 01:44:23.059 GMT+0200,1.1727400000000001,1.1727100000000001,0.75,0.37
21.09.2021 01:44:23.160 GMT+0200,1.17273,1.17269,0.75,0.82
21.09.2021 01:44:23.262 GMT+0200,1.1727200000000002,1.17268,0.75,1.95
21.09.2021 01:44:24.068 GMT+0200,1.1727100000000001,1.17267,0.75,1.95
21.09.2021 01:44:26.148 GMT+0200,1.1727,1.17267,0.75,1.2
21.09.2021 01:44:36.016 GMT+0200,1.17269,1.17267,0.75,1.2
21.09.2021 01:45:00.199 GMT+0200,1.17269,1.17266,0.75,1.57
21.09.2021 01:45:00.596 GMT+0200,1.17268,1.17265,0.75,0.75
21.09.2021 01:45:00.799 GMT+0200,1.17268,1.17266,0.75,0.45
21.09.2021 01:45:00.900 GMT+0200,1.17269,1.17266,0.75,1.2
21.09.2021 01:45:01.306 GMT+0200,1.17269,1.17267,0.75,0.1
21.09.2021 01:45:10.052 GMT+0200,1.17269,1.17266,0.75,1.2
21.09.2021 01:45:39.850 GMT+0200,1.1727,1.17267,1.12,0.1
21.09.2021 01:46:02.942 GMT+0200,1.17273,1.1727100000000001,0.75,0.75
21.09.2021 01:46:03.044 GMT+0200,1.1727400000000001,1.1727100000000001,0.75,0.82
21.09.2021 01:46:06.292 GMT+0200,1.17273,1.17269,0.75,0.82
21.09.2021 01:46:06.394 GMT+0200,1.1727100000000001,1.17269,0.75,0.75
21.09.2021 01:46:06.495 GMT+0200,1.1727100000000001,1.17268,0.75,0.82
21.09.2021 01:46:10.117 GMT+0200,1.1727100000000001,1.17267,0.75,1.95
21.09.2021 01:46:10.219 GMT+0200,1.1727,1.17268,0.75,1.95
21.09.2021 01:46:11.843 GMT+0200,1.1727,1.17268,0.75,1.12
21.09.2021 01:46:13.346 GMT+0200,1.1727100000000001,1.17268,0.75,0.75
21.09.2021 01:46:23.971 GMT+0200,1.1727,1.17268,0.75,0.75
21.09.2021 01:46:25.306 GMT+0200,1.1727,1.17267,0.75,1.95
21.09.2021 01:46:25.408 GMT+0200,1.1727,1.17268,0.75,0.75
21.09.2021 01:46:26.363 GMT+0200,1.1727,1.17267,0.75,1.95
21.09.2021 01:46:26.918 GMT+0200,1.1727,1.17268,0.75,0.75
21.09.2021 01:46:28.948 GMT+0200,1.1727,1.17268,0.75,1.95
21.09.2021 01:46:30.390 GMT+0200,1.1727,1.17267,0.75,1.2
21.09.2021 01:46:33.764 GMT+0200,1.1727,1.17267,0.75,1.2
21.09.2021 01:46:47.706 GMT+0200,1.1727100000000001,1.17268,0.75,1.12
21.09.2021 01:46:51.945 GMT+0200,1.1727100000000001,1.17267,0.75,1.95
21.09.2021 01:46:56.135 GMT+0200,1.1727100000000001,1.17268,0.75,0.82
21.09.2021 01:47:02.379 GMT+0200,1.17269,1.17267,0.75,1.12
21.09.2021 01:47:02.480 GMT+0200,1.17269,1.17266,0.75,5.25
21.09.2021 01:47:22.452 GMT+0200,1.1727,1.17267,0.75,0.37
21.09.2021 01:47:24.262 GMT+0200,1.1727,1.17268,0.75,0.37
21.09.2021 01:47:26.100 GMT+0200,1.1727400000000001,1.1727100000000001,1.5,0.37
21.09.2021 01:47:26.303 GMT+0200,1.1727400000000001,1.1727200000000002,0.75,0.1
21.09.2021 01:47:26.405 GMT+0200,1.17275,1.1727200000000002,0.75,0.1
21.09.2021 01:47:38.313 GMT+0200,1.17275,1.1727100000000001,0.75,2.32
21.09.2021 01:47:38.415 GMT+0200,1.1727400000000001,1.1727100000000001,0.75,0.82
21.09.2021 01:47:39.455 GMT+0200,1.1727200000000002,1.17269,0.75,1.37
21.09.2021 01:47:39.556 GMT+0200,1.1727100000000001,1.17268,0.75,0.37
21.09.2021 01:47:39.707 GMT+0200,1.1727100000000001,1.17267,0.75,1.2
21.09.2021 01:47:42.432 GMT+0200,1.1727,1.17267,0.75,0.45
21.09.2021 01:47:45.614 GMT+0200,1.17269,1.17266,0.75,1.57
21.09.2021 01:47:56.784 GMT+0200,1.17268,1.17266,0.75,0.82
21.09.2021 01:47:57.133 GMT+0200,1.17269,1.17266,0.75,1.57
21.09.2021 01:48:01.727 GMT+0200,1.17267,1.1726400000000001,0.75,0.82
21.09.2021 01:48:01.829 GMT+0200,1.17266,1.17263,0.75,1.95
21.09.2021 01:48:02.332 GMT+0200,1.17266,1.1726200000000002,0.75,0.82
21.09.2021 01:48:06.577 GMT+0200,1.17268,1.17266,0.75,0.37
21.09.2021 01:48:06.679 GMT+0200,1.17269,1.17266,0.75,0.75
21.09.2021 01:48:19.266 GMT+0200,1.17268,1.17266,0.82,0.75
21.09.2021 01:48:19.367 GMT+0200,1.17267,1.1726400000000001,0.75,0.82
21.09.2021 01:48:19.519 GMT+0200,1.17267,1.17263,0.75,2.7
21.09.2021 01:48:26.936 GMT+0200,1.17267,1.1726400000000001,0.75,0.75
21.09.2021 01:48:27.038 GMT+0200,1.17269,1.17266,0.75,0.82
21.09.2021 01:48:27.190 GMT+0200,1.17268,1.17265,0.75,0.1
21.09.2021 01:48:27.342 GMT+0200,1.17267,1.17265,0.82,2.7
21.09.2021 01:48:28.145 GMT+0200,1.17268,1.17265,0.82,0.37
21.09.2021 01:48:28.247 GMT+0200,1.17266,1.1726400000000001,0.75,0.1
21.09.2021 01:48:28.348 GMT+0200,1.17268,1.1726400000000001,0.82,2.7
21.09.2021 01:48:29.166 GMT+0200,1.17268,1.17266,0.75,0.82
21.09.2021 01:48:29.318 GMT+0200,1.17269,1.17266,0.75,0.82
21.09.2021 01:48:33.186 GMT+0200,1.17267,1.17265,0.75,3.45
21.09.2021 01:48:33.565 GMT+0200,1.17267,1.17263,0.75,2.7
21.09.2021 01:48:37.128 GMT+0200,1.17266,1.17263,0.75,1.2
21.09.2021 01:48:41.248 GMT+0200,1.17268,1.1726400000000001,1.12,1.95
21.09.2021 01:48:43.294 GMT+0200,1.17266,1.1726200000000002,1.12,1.95
21.09.2021 01:48:55.630 GMT+0200,1.17265,1.1726200000000002,0.75,1.95
21.09.2021 01:48:55.732 GMT+0200,1.1726400000000001,1.1726100000000002,0.75,3.07
21.09.2021 01:48:57.755 GMT+0200,1.1726200000000002,1.17258,1.01,0.75
21.09.2021 01:48:57.907 GMT+0200,1.1726100000000002,1.17258,0.75,0.1
21.09.2021 01:48:58.381 GMT+0200,1.1726100000000002,1.1725700000000001,0.75,1.2
21.09.2021 01:49:01.124 GMT+0200,1.1726,1.1725700000000001,0.75,0.45
21.09.2021 01:49:02.944 GMT+0200,1.1726,1.17256,0.75,1.2
21.09.2021 01:49:08.278 GMT+0200,1.17259,1.17256,0.75,1.2
21.09.2021 01:49:26.898 GMT+0200,1.1726,1.17256,0.75,1.2
21.09.2021 01:49:26.999 GMT+0200,1.1726100000000002,1.1725700000000001,0.82,1.87
21.09.2021 01:49:27.130 GMT+0200,1.1726100000000002,1.17258,0.75,0.75
21.09.2021 01:49:47.368 GMT+0200,1.1726200000000002,1.17258,1.5,1.2
21.09.2021 01:50:04.378 GMT+0200,1.17263,1.1726,2.25,0.82
21.09.2021 01:50:04.479 GMT+0200,1.1726400000000001,1.1726100000000002,0.75,0.75
21.09.2021 01:50:04.581 GMT+0200,1.17263,1.17259,0.75,0.82
21.09.2021 01:50:04.682 GMT+0200,1.1726200000000002,1.17258,0.75,1.2
21.09.2021 01:50:39.071 GMT+0200,1.1726400000000001,1.1726100000000002,3,1.5
21.09.2021 01:50:45.161 GMT+0200,1.17265,1.1726100000000002,0.75,1.76
21.09.2021 01:50:50.839 GMT+0200,1.17263,1.1726200000000002,0.75,0.19
21.09.2021 01:50:50.941 GMT+0200,1.1726400000000001,1.1726,3,1.01
21.09.2021 01:50:57.158 GMT+0200,1.1726200000000002,1.1726100000000002,0.75,0.94
21.09.2021 01:51:00.256 GMT+0200,1.1726400000000001,1.1726,0.82,0.94
21.09.2021 01:51:09.078 GMT+0200,1.1726200000000002,1.17259,0.75,0.94
21.09.2021 01:51:11.542 GMT+0200,1.1726100000000002,1.17258,0.75,0.75
21.09.2021 01:51:11.643 GMT+0200,1.1726100000000002,1.1725700000000001,0.75,0.82
21.09.2021 01:51:16.687 GMT+0200,1.1726,1.1725700000000001,0.75,0.82
21.09.2021 01:51:41.361 GMT+0200,1.1726100000000002,1.1725700000000001,0.75,1.57
21.09.2021 01:52:14.545 GMT+0200,1.1726100000000002,1.17258,1.12,0.75
21.09.2021 01:52:14.653 GMT+0200,1.1726100000000002,1.1725700000000001,1.12,2.32
21.09.2021 01:52:23.378 GMT+0200,1.17259,1.17258,0.75,0.82
21.09.2021 01:52:31.519 GMT+0200,1.1726100000000002,1.1725700000000001,1.12,0.82
21.09.2021 01:53:13.960 GMT+0200,1.1726,1.1725700000000001,0.37,1.31
21.09.2021 01:53:15.905 GMT+0200,1.1726100000000002,1.1725700000000001,1.12,1.31
21.09.2021 01:53:57.159 GMT+0200,1.1726,1.1725700000000001,0.75,1.31
21.09.2021 01:54:04.706 GMT+0200,1.1726100000000002,1.1725700000000001,0.75,1.69
21.09.2021 01:54:04.994 GMT+0200,1.1726100000000002,1.17258,0.75,0.75
21.09.2021 01:54:06.424 GMT+0200,1.17263,1.1726100000000002,0.1,2.25
21.09.2021 01:54:06.474 GMT+0200,1.17265,1.1726200000000002,4.78,1.5
21.09.2021 01:54:06.576 GMT+0200,1.17266,1.1726200000000002,1.2,1.5
21.09.2021 01:54:14.282 GMT+0200,1.17265,1.1726200000000002,0.75,1.57
21.09.2021 01:54:18.732 GMT+0200,1.17266,1.17263,0.75,0.75
21.09.2021 01:54:19.233 GMT+0200,1.17266,1.1726200000000002,0.75,1.2
21.09.2021 01:54:19.584 GMT+0200,1.17265,1.1726200000000002,0.75,0.82
21.09.2021 01:54:23.712 GMT+0200,1.17268,1.17266,0.75,1.5
21.09.2021 01:54:23.813 GMT+0200,1.17269,1.17266,0.75,1.12
21.09.2021 01:54:24.116 GMT+0200,1.1727,1.17266,0.75,2.51
21.09.2021 01:54:24.685 GMT+0200,1.1727,1.17267,0.75,1.87
21.09.2021 01:54:25.919 GMT+0200,1.1727,1.17266,0.75,2.51
21.09.2021 01:54:31.411 GMT+0200,1.1727,1.17267,0.75,0.75
21.09.2021 01:55:01.723 GMT+0200,1.17267,1.1726400000000001,0.19,0.75
21.09.2021 01:55:01.875 GMT+0200,1.17266,1.17263,0.75,0.75
21.09.2021 01:55:02.179 GMT+0200,1.17265,1.1726200000000002,0.75,1.12
21.09.2021 01:55:03.227 GMT+0200,1.1726400000000001,1.1726100000000002,0.75,2.32
21.09.2021 01:55:04.399 GMT+0200,1.17265,1.17263,0.75,1.5
21.09.2021 01:55:04.450 GMT+0200,1.17266,1.17265,1.5,0.75
21.09.2021 01:55:13.114 GMT+0200,1.17267,1.17263,0.75,2.14
21.09.2021 01:55:21.646 GMT+0200,1.17267,1.1726400000000001,0.75,0.75
21.09.2021 01:55:21.697 GMT+0200,1.1727200000000002,1.17269,2.77,0.75
21.09.2021 01:55:21.798 GMT+0200,1.1727,1.17267,0.75,0.82
21.09.2021 01:55:21.899 GMT+0200,1.1727100000000001,1.17267,0.82,0.82
21.09.2021 01:55:22.014 GMT+0200,1.1727100000000001,1.17268,0.82,0.75
21.09.2021 01:55:26.729 GMT+0200,1.1727,1.17267,0.37,0.82
21.09.2021 01:55:27.371 GMT+0200,1.1727100000000001,1.17267,0.82,0.82
21.09.2021 01:55:30.075 GMT+0200,1.17269,1.17268,0.75,0.82
21.09.2021 01:55:32.294 GMT+0200,1.1727100000000001,1.17267,0.82,0.82
21.09.2021 01:55:47.273 GMT+0200,1.17269,1.17267,0.75,0.94
21.09.2021 01:55:47.374 GMT+0200,1.1727,1.17267,0.75,0.75
21.09.2021 01:56:06.240 GMT+0200,1.1727100000000001,1.17267,0.75,0.75
21.09.2021 01:56:08.203 GMT+0200,1.17273,1.1727100000000001,2.44,2.32
21.09.2021 01:56:08.307 GMT+0200,1.17275,1.1727200000000002,1.12,0.75
21.09.2021 01:56:08.408 GMT+0200,1.17275,1.1727100000000001,1.12,2.32
21.09.2021 01:56:08.966 GMT+0200,1.1727400000000001,1.1727100000000001,0.75,0.82
21.09.2021 01:56:11.693 GMT+0200,1.17275,1.1727100000000001,0.75,1.2
21.09.2021 01:56:11.996 GMT+0200,1.1727400000000001,1.17273,0.75,0.1
21.09.2021 01:56:15.720 GMT+0200,1.17275,1.1727100000000001,0.75,1.57
21.09.2021 01:56:16.463 GMT+0200,1.17273,1.1727,0.75,0.75
21.09.2021 01:56:16.564 GMT+0200,1.17273,1.17269,0.75,0.82
21.09.2021 01:56:16.665 GMT+0200,1.1727200000000002,1.17269,0.75,0.75
21.09.2021 01:56:17.070 GMT+0200,1.1727100000000001,1.17269,0.75,2.51
21.09.2021 01:56:18.205 GMT+0200,1.1727100000000001,1.1727,0.75,0.75
21.09.2021 01:56:22.481 GMT+0200,1.1727100000000001,1.17268,0.75,1.76
21.09.2021 01:56:27.259 GMT+0200,1.1727200000000002,1.17269,0.75,0.75
21.09.2021 01:56:27.780 GMT+0200,1.1727100000000001,1.17269,0.75,1.57
21.09.2021 01:56:34.007 GMT+0200,1.1727200000000002,1.17269,0.75,0.82
21.09.2021 01:56:34.108 GMT+0200,1.1727200000000002,1.1727100000000001,0.75,1.5
21.09.2021 01:56:35.091 GMT+0200,1.1727400000000001,1.1727,0.75,3.45
21.09.2021 01:56:35.192 GMT+0200,1.17273,1.1727,0.75,1.95
21.09.2021 01:56:47.082 GMT+0200,1.17273,1.17269,0.75,0.82
21.09.2021 01:56:47.183 GMT+0200,1.1727200000000002,1.17269,0.75,0.75
21.09.2021 01:56:50.064 GMT+0200,1.1727200000000002,1.17268,0.75,1.57
21.09.2021 01:56:50.563 GMT+0200,1.1727100000000001,1.17268,0.75,1.57
21.09.2021 01:56:50.665 GMT+0200,1.1727200000000002,1.17268,0.75,1.57
21.09.2021 01:56:52.759 GMT+0200,1.1727100000000001,1.17268,0.75,1.57
21.09.2021 01:56:54.178 GMT+0200,1.1727100000000001,1.17267,0.75,1.95
21.09.2021 01:56:54.279 GMT+0200,1.1727,1.17267,0.75,1.95
21.09.2021 01:56:55.136 GMT+0200,1.1727100000000001,1.17267,0.75,1.95
21.09.2021 01:56:55.287 GMT+0200,1.1727100000000001,1.17268,0.75,0.75
21.09.2021 01:56:59.447 GMT+0200,1.1727100000000001,1.17267,0.75,1.95
21.09.2021 01:57:03.192 GMT+0200,1.1727,1.17267,0.75,1.95
21.09.2021 01:57:14.546 GMT+0200,1.17273,1.1727100000000001,1.5,0.37
21.09.2021 01:57:14.647 GMT+0200,1.17273,1.1727,0.75,1.57
21.09.2021 01:57:14.799 GMT+0200,1.1727400000000001,1.1727,0.75,1.57
21.09.2021 01:57:14.903 GMT+0200,1.17273,1.1727,0.75,1.57
21.09.2021 01:57:15.739 GMT+0200,1.1727400000000001,1.1727100000000001,0.75,1.2
21.09.2021 01:57:15.840 GMT+0200,1.17275,1.1727200000000002,0.75,0.1
21.09.2021 01:57:15.992 GMT+0200,1.17275,1.1727100000000001,0.75,1.95
21.09.2021 01:57:16.195 GMT+0200,1.17275,1.1727200000000002,0.75,0.1
21.09.2021 01:57:16.315 GMT+0200,1.1727400000000001,1.1727200000000002,0.75,1.95
21.09.2021 01:57:17.059 GMT+0200,1.17273,1.1727100000000001,0.75,0.75
21.09.2021 01:57:17.110 GMT+0200,1.17273,1.17269,0.75,0.82
21.09.2021 01:57:17.211 GMT+0200,1.17273,1.1727,0.75,0.75
21.09.2021 01:57:24.632 GMT+0200,1.1727200000000002,1.17269,0.75,1.2
21.09.2021 01:57:29.523 GMT+0200,1.17273,1.1727200000000002,0.75,0.37
21.09.2021 01:57:29.775 GMT+0200,1.1727400000000001,1.1727200000000002,1.12,2.32
21.09.2021 01:57:31.143 GMT+0200,1.17276,1.1727200000000002,0.75,1.2
21.09.2021 01:57:33.682 GMT+0200,1.17275,1.17273,0.75,0.82
21.09.2021 01:57:36.754 GMT+0200,1.17276,1.1727200000000002,0.75,0.82
21.09.2021 01:57:36.906 GMT+0200,1.17275,1.1727100000000001,0.75,1.57
21.09.2021 01:57:37.193 GMT+0200,1.1727400000000001,1.1727100000000001,0.75,0.75
21.09.2021 01:57:37.295 GMT+0200,1.1727400000000001,1.1727,0.75,1.95
21.09.2021 01:57:38.904 GMT+0200,1.1727400000000001,1.1727100000000001,0.75,0.75
21.09.2021 01:57:39.006 GMT+0200,1.1727400000000001,1.1727,0.75,4.95
21.09.2021 01:57:41.279 GMT+0200,1.17273,1.1727,0.75,0.45
21.09.2021 01:57:44.133 GMT+0200,1.17273,1.1727100000000001,0.75,0.75
21.09.2021 01:57:44.234 GMT+0200,1.1727400000000001,1.1727100000000001,0.75,0.82
21.09.2021 01:57:45.398 GMT+0200,1.17275,1.1727200000000002,0.75,0.1
21.09.2021 01:57:45.500 GMT+0200,1.1727400000000001,1.1727200000000002,0.75,0.1
21.09.2021 01:57:48.578 GMT+0200,1.17275,1.17273,0.75,2.14
21.09.2021 01:57:48.680 GMT+0200,1.17275,1.1727200000000002,0.75,5.51
21.09.2021 01:57:49.083 GMT+0200,1.17275,1.17273,0.75,2.14
21.09.2021 01:57:49.380 GMT+0200,1.17277,1.17275,0.75,0.75
21.09.2021 01:57:52.646 GMT+0200,1.17278,1.17277,0.75,0.45
21.09.2021 01:57:53.345 GMT+0200,1.17277,1.17275,0.75,0.45
21.09.2021 01:57:53.503 GMT+0200,1.17277,1.1727400000000001,0.75,3.26
21.09.2021 01:58:01.043 GMT+0200,1.17273,1.1727200000000002,1.5,0.75
21.09.2021 01:58:01.146 GMT+0200,1.1727200000000002,1.1727,0.75,8.32
21.09.2021 01:58:05.961 GMT+0200,1.1727200000000002,1.17269,0.75,2.7
21.09.2021 01:58:08.223 GMT+0200,1.1727200000000002,1.1727,0.75,0.75
21.09.2021 01:58:09.921 GMT+0200,1.1727200000000002,1.17269,0.75,1.2
21.09.2021 01:58:10.073 GMT+0200,1.1727200000000002,1.1727,0.75,0.75
21.09.2021 01:58:10.426 GMT+0200,1.17273,1.1727,0.75,2.7
21.09.2021 01:58:10.527 GMT+0200,1.17273,1.1727100000000001,0.75,0.37
21.09.2021 01:58:10.935 GMT+0200,1.1727200000000002,1.17268,0.75,3.64
21.09.2021 01:58:11.036 GMT+0200,1.1727100000000001,1.17269,0.75,1.2
21.09.2021 01:58:17.187 GMT+0200,1.17269,1.17267,0.75,0.45
21.09.2021 01:58:28.030 GMT+0200,1.1727200000000002,1.1727,0.75,0.75
21.09.2021 01:58:50.800 GMT+0200,1.1727200000000002,1.1727,0.75,1.2
21.09.2021 01:58:51.982 GMT+0200,1.1727200000000002,1.1727,0.75,0.75
21.09.2021 01:58:59.013 GMT+0200,1.17273,1.1727100000000001,0.75,0.45
21.09.2021 01:58:59.266 GMT+0200,1.1727200000000002,1.1727100000000001,0.75,0.1
21.09.2021 01:58:59.367 GMT+0200,1.1727200000000002,1.1727,0.75,0.82
21.09.2021 01:59:02.689 GMT+0200,1.17273,1.1727100000000001,0.75,0.45
21.09.2021 01:59:02.841 GMT+0200,1.1727400000000001,1.1727200000000002,0.75,0.1
21.09.2021 01:59:06.859 GMT+0200,1.1727200000000002,1.1727,0.75,0.82
21.09.2021 01:59:06.960 GMT+0200,1.1727100000000001,1.17269,0.75,3.64
21.09.2021 01:59:07.163 GMT+0200,1.1727200000000002,1.1727,0.75,0.75
21.09.2021 01:59:11.826 GMT+0200,1.17273,1.1727100000000001,0.75,0.82
21.09.2021 01:59:15.183 GMT+0200,1.17275,1.17273,1.39,0.1
21.09.2021 01:59:18.255 GMT+0200,1.1727400000000001,1.1727100000000001,0.75,0.75
21.09.2021 01:59:24.426 GMT+0200,1.1727400000000001,1.1727200000000002,0.75,0.1
21.09.2021 01:59:24.756 GMT+0200,1.17276,1.1727200000000002,1.39,0.1
21.09.2021 01:59:25.897 GMT+0200,1.1727400000000001,1.1727200000000002,0.75,0.1
21.09.2021 01:59:38.645 GMT+0200,1.17273,1.1727100000000001,1.12,0.75
21.09.2021 01:59:38.746 GMT+0200,1.1727200000000002,1.1727,0.75,0.82
21.09.2021 01:59:38.797 GMT+0200,1.1727100000000001,1.17268,0.75,8.25
21.09.2021 01:59:38.898 GMT+0200,1.1727,1.17268,0.75,0.45
21.09.2021 01:59:39.557 GMT+0200,1.1727,1.17268,0.75,1.12
21.09.2021 01:59:44.016 GMT+0200,1.17273,1.1727,0.75,2.7
21.09.2021 01:59:44.721 GMT+0200,1.1727400000000001,1.1727100000000001,0.75,0.82
21.09.2021 01:59:48.589 GMT+0200,1.1727400000000001,1.1727,0.75,1.95
21.09.2021 01:59:48.690 GMT+0200,1.17273,1.1727,0.75,1.57
21.09.2021 01:59:51.662 GMT+0200,1.1727100000000001,1.17267,0.75,1.95
21.09.2021 01:59:51.764 GMT+0200,1.1727,1.17267,0.75,1.2
21.09.2021 01:59:59.304 GMT+0200,1.1727,1.17266,0.75,1.95
21.09.2021 02:00:00.219 GMT+0200,1.1727,1.17267,0.75,0.1
21.09.2021 02:00:00.841 GMT+0200,1.17269,1.17267,0.75,1.57
21.09.2021 02:00:00.942 GMT+0200,1.1727100000000001,1.17266,0.37,0.82
21.09.2021 02:00:03.704 GMT+0200,1.1727,1.17265,1.01,0.45
21.09.2021 02:00:03.805 GMT+0200,1.17269,1.17265,0.37,1.95
21.09.2021 02:00:04.219 GMT+0200,1.17269,1.1726400000000001,0.45,1.57
21.09.2021 02:00:04.411 GMT+0200,1.1727,1.17265,1.46,2.7
21.09.2021 02:00:04.958 GMT+0200,1.17268,1.17265,0.75,0.82
21.09.2021 02:00:05.244 GMT+0200,1.17269,1.17266,0.75,0.75
21.09.2021 02:00:08.578 GMT+0200,1.1727,1.17266,1.12,0.82
21.09.2021 02:00:11.556 GMT+0200,1.1727,1.17267,0.75,1.95
21.09.2021 02:00:12.107 GMT+0200,1.17269,1.17266,0.75,0.82
21.09.2021 02:00:12.208 GMT+0200,1.17268,1.17265,0.75,1.2
21.09.2021 02:00:13.327 GMT+0200,1.17269,1.17266,0.75,0.1
21.09.2021 02:00:13.580 GMT+0200,1.17269,1.17267,1.69,0.82
21.09.2021 02:00:13.923 GMT+0200,1.17269,1.17266,0.75,0.82
21.09.2021 02:00:14.368 GMT+0200,1.1727,1.17266,1.69,0.82
21.09.2021 02:00:14.877 GMT+0200,1.1727,1.17268,0.94,0.75
21.09.2021 02:00:16.694 GMT+0200,1.1727,1.17267,0.75,0.75
21.09.2021 02:00:16.896 GMT+0200,1.1727,1.17268,2.32,0.75
21.09.2021 02:00:17.018 GMT+0200,1.1727,1.17266,0.75,1.2
21.09.2021 02:00:17.183 GMT+0200,1.17269,1.17266,0.75,0.75
21.09.2021 02:00:17.385 GMT+0200,1.17269,1.17265,0.75,0.82
21.09.2021 02:00:21.434 GMT+0200,1.17266,1.1726400000000001,0.75,0.82
21.09.2021 02:00:21.738 GMT+0200,1.17266,1.17263,0.75,0.75
21.09.2021 02:00:22.041 GMT+0200,1.17267,1.17263,0.75,0.82
21.09.2021 02:00:23.348 GMT+0200,1.17265,1.1726200000000002,1.01,0.75
21.09.2021 02:00:23.450 GMT+0200,1.17263,1.17259,2.06,1.2
21.09.2021 02:00:23.551 GMT+0200,1.1726200000000002,1.17258,1.76,0.75
21.09.2021 02:00:27.060 GMT+0200,1.1726100000000002,1.17258,0.75,0.75
21.09.2021 02:00:30.170 GMT+0200,1.17263,1.17259,0.75,1.2
21.09.2021 02:00:30.272 GMT+0200,1.17263,1.1726100000000002,2.59,0.75
21.09.2021 02:00:32.461 GMT+0200,1.17263,1.17259,0.75,2.32
21.09.2021 02:00:33.678 GMT+0200,1.17263,1.1726,0.75,0.75
21.09.2021 02:00:33.780 GMT+0200,1.17263,1.17259,0.75,1.2
21.09.2021 02:00:33.881 GMT+0200,1.1726200000000002,1.17259,0.75,1.12
21.09.2021 02:00:34.227 GMT+0200,1.1726100000000002,1.1725700000000001,0.75,3.45
21.09.2021 02:00:34.379 GMT+0200,1.1726,1.1725700000000001,0.75,0.82
21.09.2021 02:00:37.146 GMT+0200,1.17259,1.1725700000000001,0.75,2.7
21.09.2021 02:00:37.701 GMT+0200,1.17259,1.1725700000000001,0.75,1.95
21.09.2021 02:00:40.803 GMT+0200,1.17258,1.17255,0.75,1.2
21.09.2021 02:00:41.214 GMT+0200,1.17258,1.17254,0.75,0.82
21.09.2021 02:00:41.974 GMT+0200,1.17256,1.1725200000000002,0.75,2.32
21.09.2021 02:00:42.075 GMT+0200,1.17255,1.1725100000000002,0.75,2.32
21.09.2021 02:00:42.329 GMT+0200,1.17253,1.1725,0.75,1.57
21.09.2021 02:00:42.431 GMT+0200,1.17253,1.17249,0.75,0.82
21.09.2021 02:00:42.532 GMT+0200,1.1725100000000002,1.1725,0.75,0.75
21.09.2021 02:00:42.886 GMT+0200,1.17253,1.17249,0.75,0.82
21.09.2021 02:00:42.988 GMT+0200,1.17254,1.1725,2.14,0.75
21.09.2021 02:00:46.026 GMT+0200,1.17254,1.1725100000000002,2.14,0.75
21.09.2021 02:00:46.590 GMT+0200,1.17255,1.1725100000000002,0.75,1.57
21.09.2021 02:00:46.691 GMT+0200,1.17255,1.1725200000000002,0.75,0.75
21.09.2021 02:00:50.872 GMT+0200,1.17256,1.1725200000000002,0.75,1.2
21.09.2021 02:00:51.850 GMT+0200,1.17255,1.1725200000000002,0.75,1.12
21.09.2021 02:00:52.380 GMT+0200,1.17256,1.1725200000000002,0.75,2.32
21.09.2021 02:00:55.899 GMT+0200,1.17255,1.1725200000000002,0.75,1.12
21.09.2021 02:00:57.228 GMT+0200,1.17254,1.1725100000000002,0.75,1.2
21.09.2021 02:00:57.334 GMT+0200,1.17255,1.1725100000000002,0.75,1.2
21.09.2021 02:00:58.024 GMT+0200,1.17254,1.1725100000000002,0.75,1.2
21.09.2021 02:00:58.237 GMT+0200,1.17254,1.1725,0.94,0.82
21.09.2021 02:01:00.123 GMT+0200,1.17254,1.1725100000000002,0.75,0.75
21.09.2021 02:01:00.225 GMT+0200,1.17254,1.1725,0.94,1.57
21.09.2021 02:01:00.377 GMT+0200,1.17254,1.1725100000000002,0.75,1.2
21.09.2021 02:01:01.202 GMT+0200,1.17255,1.1725100000000002,0.94,1.2
21.09.2021 02:01:01.421 GMT+0200,1.17254,1.1725,0.75,0.82
21.09.2021 02:01:02.185 GMT+0200,1.1725200000000002,1.1725100000000002,0.75,0.75
21.09.2021 02:01:02.515 GMT+0200,1.17254,1.1725100000000002,0.75,0.75
21.09.2021 02:01:02.643 GMT+0200,1.17255,1.1725100000000002,1.01,0.75
21.09.2021 02:01:03.152 GMT+0200,1.17254,1.1725100000000002,1.01,0.37
21.09.2021 02:01:03.255 GMT+0200,1.17254,1.1725,1.01,0.75
21.09.2021 02:01:08.515 GMT+0200,1.1725200000000002,1.1725100000000002,0.75,0.75
21.09.2021 02:01:08.616 GMT+0200,1.17254,1.1725,1.01,0.75
21.09.2021 02:01:08.718 GMT+0200,1.17254,1.1725100000000002,0.75,0.82
21.09.2021 02:01:08.819 GMT+0200,1.17255,1.1725100000000002,0.94,1.57
21.09.2021 02:01:08.972 GMT+0200,1.17255,1.1725200000000002,0.75,0.75
21.09.2021 02:01:12.990 GMT+0200,1.1725700000000001,1.17253,3.82,2.62
21.09.2021 02:01:13.041 GMT+0200,1.17258,1.17255,1.5,3.07
21.09.2021 02:01:13.142 GMT+0200,1.17259,1.17256,0.75,0.82
21.09.2021 02:01:20.005 GMT+0200,1.1726,1.17256,1.76,1.2
21.09.2021 02:01:21.223 GMT+0200,1.17259,1.17256,1.12,0.82
21.09.2021 02:01:21.477 GMT+0200,1.1726,1.17256,1.76,1.57
21.09.2021 02:01:21.578 GMT+0200,1.17259,1.17256,0.75,1.57
21.09.2021 02:01:23.395 GMT+0200,1.1726,1.17256,0.82,3.07
21.09.2021 02:01:23.890 GMT+0200,1.1726,1.1725700000000001,0.75,0.1
21.09.2021 02:01:36.588 GMT+0200,1.1726,1.17256,1.76,1.95
21.09.2021 02:01:42.479 GMT+0200,1.17259,1.17256,0.75,1.95
21.09.2021 02:01:43.556 GMT+0200,1.1726,1.17256,1.76,1.95
21.09.2021 02:01:45.743 GMT+0200,1.17259,1.17258,0.82,0.75
21.09.2021 02:02:00.000 GMT+0200,1.1726,1.17256,0.82,0.82
21.09.2021 02:02:00.102 GMT+0200,1.17259,1.17256,0.82,0.75
21.09.2021 02:02:00.203 GMT+0200,1.17258,1.17255,0.82,0.75
21.09.2021 02:02:00.304 GMT+0200,1.1725700000000001,1.17254,0.82,0.75
21.09.2021 02:02:00.456 GMT+0200,1.1725700000000001,1.17253,0.82,0.82
21.09.2021 02:02:00.558 GMT+0200,1.17256,1.17253,0.75,0.82
21.09.2021 02:02:01.321 GMT+0200,1.1725700000000001,1.17254,0.82,0.75
21.09.2021 02:02:01.473 GMT+0200,1.17258,1.17255,0.82,0.75
21.09.2021 02:02:01.575 GMT+0200,1.1725700000000001,1.17254,0.75,0.82
21.09.2021 02:02:01.726 GMT+0200,1.17256,1.17254,0.75,0.1
21.09.2021 02:02:01.827 GMT+0200,1.17256,1.17253,0.75,1.57
21.09.2021 02:02:08.110 GMT+0200,1.17256,1.17254,0.75,1.76
21.09.2021 02:02:08.161 GMT+0200,1.17259,1.17255,0.82,0.82
21.09.2021 02:02:08.313 GMT+0200,1.1725700000000001,1.17256,0.75,0.82
21.09.2021 02:02:10.280 GMT+0200,1.1726,1.17256,0.82,1.2
21.09.2021 02:02:10.382 GMT+0200,1.1726,1.1725700000000001,0.82,0.75
21.09.2021 02:02:13.639 GMT+0200,1.1726100000000002,1.17258,0.82,0.75
21.09.2021 02:02:14.803 GMT+0200,1.1726,1.1725700000000001,0.75,0.82
21.09.2021 02:02:15.676 GMT+0200,1.1726,1.17258,0.75,0.37
21.09.2021 02:02:16.560 GMT+0200,1.1726,1.17259,0.82,0.37
21.09.2021 02:02:20.567 GMT+0200,1.1726200000000002,1.17259,0.82,0.75
21.09.2021 02:02:24.181 GMT+0200,1.1726200000000002,1.17258,1.2,1.2
21.09.2021 02:02:24.282 GMT+0200,1.1726200000000002,1.17259,0.82,0.75
21.09.2021 02:02:30.889 GMT+0200,1.1726200000000002,1.17258,0.82,0.82
21.09.2021 02:02:31.880 GMT+0200,1.1726200000000002,1.17259,0.82,0.39
21.09.2021 02:02:31.931 GMT+0200,1.1726400000000001,1.1726200000000002,0.37,1.57
21.09.2021 02:02:32.032 GMT+0200,1.17265,1.1726200000000002,0.1,0.75
21.09.2021 02:02:32.134 GMT+0200,1.17266,1.17263,0.75,0.75
21.09.2021 02:02:33.809 GMT+0200,1.17267,1.17263,1.76,0.75
21.09.2021 02:02:34.227 GMT+0200,1.17266,1.17263,0.82,0.75
21.09.2021 02:02:34.643 GMT+0200,1.17267,1.17263,2.14,0.75
21.09.2021 02:02:36.374 GMT+0200,1.17266,1.1726200000000002,0.75,0.82
21.09.2021 02:02:37.083 GMT+0200,1.17269,1.17265,1.57,0.75
21.09.2021 02:02:37.235 GMT+0200,1.17269,1.17267,0.75,0.75
21.09.2021 02:02:37.337 GMT+0200,1.1727,1.17266,0.75,3.07
21.09.2021 02:02:37.853 GMT+0200,1.17273,1.1727,1.2,2.62
21.09.2021 02:02:38.005 GMT+0200,1.1727400000000001,1.1727,0.82,0.75
21.09.2021 02:02:38.258 GMT+0200,1.17273,1.1727,0.75,0.75
21.09.2021 02:02:38.488 GMT+0200,1.1727400000000001,1.1727,0.82,0.75
21.09.2021 02:02:38.590 GMT+0200,1.17273,1.1727,0.1,0.75
21.09.2021 02:02:38.641 GMT+0200,1.1727200000000002,1.17268,0.75,1.95
21.09.2021 02:02:38.742 GMT+0200,1.1727200000000002,1.17269,0.75,0.75
21.09.2021 02:02:38.843 GMT+0200,1.17273,1.1727,0.75,0.75
21.09.2021 02:02:39.046 GMT+0200,1.17273,1.17269,0.75,2.32
21.09.2021 02:02:39.446 GMT+0200,1.17273,1.1727,0.75,0.75
21.09.2021 02:02:39.800 GMT+0200,1.1727400000000001,1.1727,0.75,0.82
21.09.2021 02:02:40.002 GMT+0200,1.17273,1.1727,0.75,0.75
21.09.2021 02:02:40.158 GMT+0200,1.17273,1.17269,0.75,2.32
21.09.2021 02:02:40.737 GMT+0200,1.17273,1.1727,0.75,0.75
21.09.2021 02:02:40.890 GMT+0200,1.17273,1.17269,0.75,1.57
21.09.2021 02:02:40.991 GMT+0200,1.1727400000000001,1.1727,0.82,0.75
21.09.2021 02:02:44.472 GMT+0200,1.1727200000000002,1.17269,0.75,0.75
21.09.2021 02:02:44.573 GMT+0200,1.1727200000000002,1.17268,1.57,0.75
21.09.2021 02:02:44.675 GMT+0200,1.1727100000000001,1.17267,0.75,0.82
21.09.2021 02:02:50.506 GMT+0200,1.17268,1.17265,0.75,0.75
21.09.2021 02:02:50.608 GMT+0200,1.17268,1.1726400000000001,0.82,0.75
21.09.2021 02:02:52.261 GMT+0200,1.17268,1.17266,0.75,0.75
21.09.2021 02:02:52.363 GMT+0200,1.17269,1.17266,0.75,0.82
21.09.2021 02:02:52.464 GMT+0200,1.1727,1.17267,0.75,0.75
21.09.2021 02:02:54.515 GMT+0200,1.1727,1.17268,1.2,0.75
21.09.2021 02:02:58.291 GMT+0200,1.1727,1.17267,0.75,0.75
21.09.2021 02:03:00.129 GMT+0200,1.17269,1.17266,0.75,0.75
21.09.2021 02:03:00.231 GMT+0200,1.17269,1.17265,0.75,0.82
21.09.2021 02:03:00.334 GMT+0200,1.17267,1.1726400000000001,0.75,0.75
21.09.2021 02:03:00.436 GMT+0200,1.17267,1.17263,0.82,0.75
21.09.2021 02:03:00.688 GMT+0200,1.17266,1.17263,0.75,0.75
21.09.2021 02:03:00.790 GMT+0200,1.17267,1.17263,0.82,0.75
21.09.2021 02:03:02.182 GMT+0200,1.17266,1.1726200000000002,0.75,1.2
21.09.2021 02:03:02.290 GMT+0200,1.17265,1.1726200000000002,0.75,0.75
21.09.2021 02:03:02.603 GMT+0200,1.17266,1.17265,1.76,1.5
21.09.2021 02:03:02.654 GMT+0200,1.17265,1.1726200000000002,0.75,2.25
21.09.2021 02:03:02.705 GMT+0200,1.17267,1.17263,0.82,1.31
21.09.2021 02:03:02.807 GMT+0200,1.17267,1.1726400000000001,0.75,1.5
21.09.2021 02:03:03.445 GMT+0200,1.17268,1.1726400000000001,0.82,1.5
21.09.2021 02:03:05.588 GMT+0200,1.17269,1.17266,0.75,0.75
21.09.2021 02:03:05.690 GMT+0200,1.1727,1.17266,1.2,0.75
21.09.2021 02:03:06.444 GMT+0200,1.17269,1.17266,0.75,0.75
21.09.2021 02:03:10.052 GMT+0200,1.17269,1.17267,0.75,0.37
21.09.2021 02:03:10.154 GMT+0200,1.1727,1.17267,0.75,1.12
21.09.2021 02:03:10.356 GMT+0200,1.1727100000000001,1.17268,0.82,0.75
21.09.2021 02:03:12.113 GMT+0200,1.1727100000000001,1.17267,0.82,0.75
21.09.2021 02:03:13.723 GMT+0200,1.17269,1.17267,1.01,0.75
21.09.2021 02:03:13.825 GMT+0200,1.17269,1.17265,0.75,1.57
21.09.2021 02:03:13.926 GMT+0200,1.17266,1.17265,0.75,0.75
21.09.2021 02:03:14.079 GMT+0200,1.17268,1.17265,0.75,0.75
21.09.2021 02:03:14.181 GMT+0200,1.17268,1.1726400000000001,0.82,0.75
21.09.2021 02:03:14.282 GMT+0200,1.17267,1.1726400000000001,0.75,0.75
21.09.2021 02:03:18.621 GMT+0200,1.17267,1.17263,0.82,1.5
21.09.2021 02:03:24.785 GMT+0200,1.17268,1.1726400000000001,0.82,1.12
21.09.2021 02:03:27.001 GMT+0200,1.17267,1.1726400000000001,0.82,0.75
21.09.2021 02:03:27.254 GMT+0200,1.17267,1.17263,0.82,1.12
21.09.2021 02:03:28.361 GMT+0200,1.17265,1.1726200000000002,0.75,0.75
21.09.2021 02:03:28.463 GMT+0200,1.1726400000000001,1.1726100000000002,0.75,0.75
21.09.2021 02:03:28.564 GMT+0200,1.17263,1.1726,0.75,0.75
21.09.2021 02:03:28.917 GMT+0200,1.17263,1.1726200000000002,1.27,0.75
21.09.2021 02:03:30.470 GMT+0200,1.17263,1.1726,0.82,0.75
21.09.2021 02:03:30.868 GMT+0200,1.1726200000000002,1.17259,0.75,1.12
21.09.2021 02:03:31.324 GMT+0200,1.17263,1.17259,0.82,1.12
21.09.2021 02:03:31.718 GMT+0200,1.1726100000000002,1.1726,0.75,0.37
21.09.2021 02:03:34.784 GMT+0200,1.1726200000000002,1.17258,0.75,2.32
21.09.2021 02:03:35.730 GMT+0200,1.1726200000000002,1.17259,0.75,0.37
21.09.2021 02:03:36.060 GMT+0200,1.1726200000000002,1.17258,0.75,1.57
21.09.2021 02:03:37.650 GMT+0200,1.1726100000000002,1.17258,0.75,0.82
21.09.2021 02:03:37.701 GMT+0200,1.1725700000000001,1.17255,0.75,0.82
21.09.2021 02:03:37.802 GMT+0200,1.1725700000000001,1.17254,0.75,1.57
21.09.2021 02:03:37.903 GMT+0200,1.17256,1.17253,0.75,7.5
21.09.2021 02:03:38.005 GMT+0200,1.17256,1.1725200000000002,0.75,3.45
21.09.2021 02:03:38.560 GMT+0200,1.17255,1.1725200000000002,0.75,3.45
21.09.2021 02:03:39.292 GMT+0200,1.1725700000000001,1.17253,0.75,1.01
21.09.2021 02:03:39.393 GMT+0200,1.17256,1.17253,0.75,0.82
21.09.2021 02:03:39.501 GMT+0200,1.1725700000000001,1.17253,0.75,1.39
21.09.2021 02:03:40.962 GMT+0200,1.17258,1.17255,0.75,3.45
21.09.2021 02:03:41.064 GMT+0200,1.17259,1.1725700000000001,0.75,0.37
21.09.2021 02:03:41.469 GMT+0200,1.1726,1.1725700000000001,0.75,0.37
21.09.2021 02:03:41.571 GMT+0200,1.1726100000000002,1.17258,0.75,0.37
21.09.2021 02:03:41.723 GMT+0200,1.1726100000000002,1.1725700000000001,0.75,1.2
21.09.2021 02:03:42.259 GMT+0200,1.1726100000000002,1.17258,0.75,0.37
21.09.2021 02:03:44.090 GMT+0200,1.1726,1.17258,0.75,0.37
21.09.2021 02:03:45.583 GMT+0200,1.1726,1.1725700000000001,0.75,1.95
21.09.2021 02:03:48.158 GMT+0200,1.1726100000000002,1.17258,0.75,0.75
21.09.2021 02:03:48.259 GMT+0200,1.1726,1.1725700000000001,0.75,1.57
21.09.2021 02:03:51.922 GMT+0200,1.1726100000000002,1.1725700000000001,0.75,2.7
21.09.2021 02:03:54.543 GMT+0200,1.1726200000000002,1.17259,0.82,0.75
21.09.2021 02:03:57.016 GMT+0200,1.17263,1.1726,1.2,0.75
21.09.2021 02:03:57.226 GMT+0200,1.1726400000000001,1.1726,3.45,0.75
21.09.2021 02:03:57.793 GMT+0200,1.1726400000000001,1.1726200000000002,1.5,0.75
21.09.2021 02:03:57.894 GMT+0200,1.17266,1.1726200000000002,1.57,0.75
21.09.2021 02:03:58.560 GMT+0200,1.17265,1.1726100000000002,2.7,0.75
21.09.2021 02:03:58.662 GMT+0200,1.1726400000000001,1.1726,2.7,0.75
21.09.2021 02:03:58.764 GMT+0200,1.17263,1.1726,0.75,0.75
21.09.2021 02:04:01.784 GMT+0200,1.1726200000000002,1.17259,0.75,0.75
21.09.2021 02:04:02.088 GMT+0200,1.1726100000000002,1.17258,0.75,0.75
21.09.2021 02:04:07.258 GMT+0200,1.1726200000000002,1.17258,0.82,1.12
21.09.2021 02:04:08.272 GMT+0200,1.1726100000000002,1.17258,0.75,0.75
21.09.2021 02:04:10.292 GMT+0200,1.1726200000000002,1.17259,0.82,0.37
21.09.2021 02:04:10.394 GMT+0200,1.1726400000000001,1.1726100000000002,2.62,1.12
21.09.2021 02:04:10.496 GMT+0200,1.17265,1.1726200000000002,0.75,0.37
21.09.2021 02:04:10.598 GMT+0200,1.17266,1.1726200000000002,1.57,1.12
21.09.2021 02:04:12.172 GMT+0200,1.17266,1.17263,0.82,0.75
21.09.2021 02:04:14.260 GMT+0200,1.17265,1.1726200000000002,0.75,1.12
21.09.2021 02:04:15.811 GMT+0200,1.17266,1.1726200000000002,0.75,1.2
21.09.2021 02:04:16.067 GMT+0200,1.17266,1.1726400000000001,0.75,1.2
21.09.2021 02:04:18.031 GMT+0200,1.17267,1.1726400000000001,0.75,0.75
21.09.2021 02:04:19.795 GMT+0200,1.17268,1.1726400000000001,1.57,0.75
21.09.2021 02:04:22.303 GMT+0200,1.17267,1.1726400000000001,0.75,0.75
21.09.2021 02:04:22.991 GMT+0200,1.17265,1.1726400000000001,0.75,0.75
21.09.2021 02:04:26.277 GMT+0200,1.17268,1.1726400000000001,1.95,0.75
21.09.2021 02:04:32.020 GMT+0200,1.17269,1.17267,0.75,0.37
21.09.2021 02:04:32.121 GMT+0200,1.1727100000000001,1.17268,0.75,0.75
21.09.2021 02:04:32.172 GMT+0200,1.1727200000000002,1.1727,1.03,1.12
21.09.2021 02:04:32.273 GMT+0200,1.17273,1.1727,0.82,0.75
21.09.2021 02:04:33.227 GMT+0200,1.1727200000000002,1.17269,0.75,1.12
21.09.2021 02:04:36.141 GMT+0200,1.1727200000000002,1.17268,0.82,1.12
21.09.2021 02:04:40.384 GMT+0200,1.1727100000000001,1.17268,0.75,1.12
21.09.2021 02:04:47.155 GMT+0200,1.1727,1.17268,0.75,2.32
21.09.2021 02:04:47.529 GMT+0200,1.1727,1.17267,0.75,1.2
21.09.2021 02:04:55.342 GMT+0200,1.17269,1.17266,0.75,0.1
21.09.2021 02:04:55.444 GMT+0200,1.17268,1.17265,0.75,0.82
21.09.2021 02:04:59.754 GMT+0200,1.17269,1.17266,0.75,0.82
21.09.2021 02:04:59.856 GMT+0200,1.1727,1.17267,0.75,0.1
21.09.2021 02:05:00.458 GMT+0200,1.1727100000000001,1.17267,0.75,0.82
21.09.2021 02:05:01.736 GMT+0200,1.1727100000000001,1.17268,0.75,0.75
21.09.2021 02:05:02.135 GMT+0200,1.1727100000000001,1.17267,0.75,1.39
21.09.2021 02:05:04.433 GMT+0200,1.17273,1.1727,1.5,1.12
21.09.2021 02:05:04.534 GMT+0200,1.17273,1.17269,0.75,1.57
21.09.2021 02:05:04.736 GMT+0200,1.1727200000000002,1.17269,0.75,1.95
21.09.2021 02:05:05.951 GMT+0200,1.17273,1.1727100000000001,0.75,0.1
21.09.2021 02:05:06.052 GMT+0200,1.17275,1.1727100000000001,0.75,1.2
21.09.2021 02:05:08.778 GMT+0200,1.1727400000000001,1.17273,0.75,0.1
21.09.2021 02:05:14.058 GMT+0200,1.1727400000000001,1.1727100000000001,0.75,0.1
21.09.2021 02:05:14.159 GMT+0200,1.17273,1.1727,0.75,1.57
21.09.2021 02:05:14.412 GMT+0200,1.17273,1.17269,0.75,1.95
21.09.2021 02:05:14.514 GMT+0200,1.17273,1.1727,0.75,0.1
21.09.2021 02:05:14.615 GMT+0200,1.1727400000000001,1.1727,0.75,3.45
21.09.2021 02:05:14.716 GMT+0200,1.1727400000000001,1.1727100000000001,0.75,1.2
21.09.2021 02:05:16.260 GMT+0200,1.17273,1.1727,0.75,0.82
21.09.2021 02:05:16.362 GMT+0200,1.17275,1.1727200000000002,0.75,3.82
21.09.2021 02:05:16.413 GMT+0200,1.17277,1.17273,1.5,0.82
21.09.2021 02:05:16.514 GMT+0200,1.17276,1.17275,1.5,0.82
21.09.2021 02:05:19.253 GMT+0200,1.17276,1.17273,0.75,0.82
21.09.2021 02:05:20.252 GMT+0200,1.17277,1.17273,0.75,0.82
21.09.2021 02:05:28.303 GMT+0200,1.17277,1.1727400000000001,0.75,0.82
21.09.2021 02:05:30.631 GMT+0200,1.17279,1.17275,1.5,3.26
21.09.2021 02:05:30.783 GMT+0200,1.17279,1.17276,0.75,0.1
21.09.2021 02:05:31.323 GMT+0200,1.17279,1.17275,0.75,2.51
21.09.2021 02:05:32.857 GMT+0200,1.17277,1.1727400000000001,0.75,2.02
21.09.2021 02:05:41.271 GMT+0200,1.17277,1.17273,0.75,2.32
21.09.2021 02:05:44.757 GMT+0200,1.17278,1.17275,0.75,1.2
21.09.2021 02:05:44.960 GMT+0200,1.17278,1.17276,0.75,0.1
21.09.2021 02:05:45.061 GMT+0200,1.17279,1.17276,0.75,0.1
21.09.2021 02:05:47.034 GMT+0200,1.1728,1.17277,0.75,1.2
21.09.2021 02:05:47.163 GMT+0200,1.1728200000000002,1.17278,0.75,0.26
21.09.2021 02:05:47.264 GMT+0200,1.1728100000000001,1.17278,0.75,0.1
21.09.2021 02:05:47.365 GMT+0200,1.1728200000000002,1.17278,1.12,0.82
21.09.2021 02:05:47.517 GMT+0200,1.1728100000000001,1.17278,0.75,0.1
21.09.2021 02:05:47.687 GMT+0200,1.1728200000000002,1.17278,0.75,1.01
21.09.2021 02:05:48.172 GMT+0200,1.1728100000000001,1.17278,0.75,0.1
21.09.2021 02:05:48.273 GMT+0200,1.1728200000000002,1.17278,0.75,0.1
21.09.2021 02:05:52.603 GMT+0200,1.1728100000000001,1.17278,0.75,0.1
21.09.2021 02:05:56.829 GMT+0200,1.17283,1.1728,0.75,3.45
21.09.2021 02:05:56.931 GMT+0200,1.17283,1.1728100000000001,0.75,0.1
21.09.2021 02:05:57.032 GMT+0200,1.17284,1.1728100000000001,0.75,0.82
21.09.2021 02:05:58.272 GMT+0200,1.17285,1.1728200000000002,0.75,0.1
21.09.2021 02:05:59.930 GMT+0200,1.17285,1.1728100000000001,0.75,1.95
21.09.2021 02:06:00.876 GMT+0200,1.17284,1.1728,0.75,2.32
21.09.2021 02:06:00.977 GMT+0200,1.17283,1.1728200000000002,0.75,0.1
21.09.2021 02:06:01.732 GMT+0200,1.17284,1.1728200000000002,0.75,0.1
21.09.2021 02:06:02.573 GMT+0200,1.17285,1.1728200000000002,0.75,1.57
21.09.2021 02:06:06.209 GMT+0200,1.17286,1.1728200000000002,0.75,2.7
21.09.2021 02:06:07.911 GMT+0200,1.17285,1.1728200000000002,0.75,0.82
21.09.2021 02:06:13.523 GMT+0200,1.17286,1.1728200000000002,0.75,2.51
21.09.2021 02:06:15.611 GMT+0200,1.17285,1.1728200000000002,0.75,1.2
21.09.2021 02:06:26.315 GMT+0200,1.17288,1.17285,1.5,3.82
21.09.2021 02:06:26.417 GMT+0200,1.17289,1.17286,0.75,0.1
21.09.2021 02:06:26.821 GMT+0200,1.1729,1.17286,0.75,1.39
21.09.2021 02:06:26.922 GMT+0200,1.17289,1.17288,0.75,0.1
21.09.2021 02:06:31.930 GMT+0200,1.1729,1.17286,0.75,1.76
21.09.2021 02:06:32.036 GMT+0200,1.17289,1.17286,0.75,1.76
21.09.2021 02:06:32.188 GMT+0200,1.17287,1.17284,0.75,5.02
21.09.2021 02:06:32.340 GMT+0200,1.17288,1.17285,0.75,0.1
21.09.2021 02:06:32.492 GMT+0200,1.17288,1.17286,0.75,0.37
21.09.2021 02:06:32.594 GMT+0200,1.17289,1.17285,0.75,1.57
21.09.2021 02:06:32.695 GMT+0200,1.17289,1.17286,0.75,0.45
21.09.2021 02:06:32.847 GMT+0200,1.17289,1.17287,0.75,0.1
21.09.2021 02:06:33.181 GMT+0200,1.17289,1.17286,0.75,1.27
21.09.2021 02:06:33.433 GMT+0200,1.17289,1.17287,0.75,0.1
21.09.2021 02:06:34.203 GMT+0200,1.1729100000000001,1.17287,0.75,0.82
21.09.2021 02:06:39.159 GMT+0200,1.1729,1.17287,0.75,0.82
21.09.2021 02:06:48.944 GMT+0200,1.1729,1.17286,1.12,1.57
21.09.2021 02:06:49.046 GMT+0200,1.17288,1.17285,2.25,0.82
21.09.2021 02:06:49.148 GMT+0200,1.17288,1.17284,3,0.82
21.09.2021 02:06:50.633 GMT+0200,1.17287,1.17283,0.75,1.01
21.09.2021 02:06:53.525 GMT+0200,1.17286,1.1728200000000002,1.12,0.94
21.09.2021 02:06:53.627 GMT+0200,1.17285,1.1728200000000002,0.75,0.94
21.09.2021 02:07:09.098 GMT+0200,1.17285,1.17283,0.75,0.75
21.09.2021 02:07:16.928 GMT+0200,1.17285,1.1728200000000002,0.75,0.37
21.09.2021 02:07:26.887 GMT+0200,1.17285,1.1728100000000001,0.75,2.51
21.09.2021 02:08:04.489 GMT+0200,1.17285,1.17283,0.75,1.39
21.09.2021 02:08:04.540 GMT+0200,1.17289,1.17285,1.87,3.45
21.09.2021 02:08:04.641 GMT+0200,1.17289,1.17286,0.75,1.57
21.09.2021 02:08:04.743 GMT+0200,1.17289,1.17287,0.75,0.1
21.09.2021 02:08:04.860 GMT+0200,1.1729,1.17287,0.75,0.1
21.09.2021 02:08:09.339 GMT+0200,1.1729100000000001,1.17287,1.5,0.82
21.09.2021 02:08:21.867 GMT+0200,1.17288,1.17286,0.75,0.19
