Local time,Ask,Bid,AskVolume,BidVolume
21.09.2021 00:00:00.086 GMT+0200,163.792,163.74200000000002,0.0135,0.022
21.09.2021 00:02:54.047 GMT+0200,163.823,163.77,0.0135,0.022
21.09.2021 00:03:27.014 GMT+0200,163.853,163.804,0.0135,0.022
21.09.2021 00:07:17.975 GMT+0200,163.85,163.803,0.0135,0.022
21.09.2021 00:14:05.141 GMT+0200,163.886,163.834,0.0135,0.022
21.09.2021 00:14:35.627 GMT+0200,163.85,163.80200000000002,0.0135,0.022
21.09.2021 00:22:01.646 GMT+0200,163.853,163.803,0.0135,0.022
21.09.2021 00:24:12.416 GMT+0200,163.852,163.80200000000002,0.0135,0.022
21.09.2021 00:27:04.820 GMT+0200,163.883,163.839,0.0135,0.022
21.09.2021 00:27:17.382 GMT+0200,163.91,163.868,0.0135,0.022
21.09.2021 00:30:02.264 GMT+0200,163.912,163.868,0.0135,0.022
21.09.2021 00:30:04.429 GMT+0200,163.883,163.834,0.0135,0.022
21.09.2021 00:31:16.965 GMT+0200,163.90200000000002,163.84799999999998,0.0135,0.022
21.09.2021 00:31:17.170 GMT+0200,163.915,163.865,0.0135,0.022
21.09.2021 00:31:20.372 GMT+0200,163.885,163.835,0.0135,0.022
21.09.2021 00:31:34.765 GMT+0200,163.895,163.84799999999998,0.0135,0.022
21.09.2021 00:31:35.419 GMT+0200,163.947,163.89700000000002,0.0135,0.022
21.09.2021 00:32:00.082 GMT+0200,163.93200000000002,163.882,0.0135,0.022
21.09.2021 00:32:00.362 GMT+0200,163.948,163.894,0.0135,0.022
21.09.2021 00:32:02.748 GMT+0200,163.915,163.865,0.0135,0.022
21.09.2021 00:32:02.850 GMT+0200,163.94299999999998,163.896,0.0135,0.022
21.09.2021 00:32:03.200 GMT+0200,163.912,163.865,0.0135,0.022
21.09.2021 00:32:34.677 GMT+0200,163.945,163.89900000000003,0.0135,0.022
21.09.2021 00:33:14.037 GMT+0200,163.933,163.882,0.0135,0.022
21.09.2021 00:33:27.816 GMT+0200,163.915,163.86700000000002,0.0135,0.022
21.09.2021 00:33:28.072 GMT+0200,163.93200000000002,163.87900000000002,0.0135,0.022
21.09.2021 00:33:33.442 GMT+0200,163.94400000000002,163.89700000000002,0.0135,0.022
21.09.2021 00:33:34.500 GMT+0200,163.926,163.88,0.0135,0.022
21.09.2021 00:34:39.947 GMT+0200,163.946,163.898,0.0135,0.022
21.09.2021 00:35:08.615 GMT+0200,163.912,163.863,0.0135,0.022
21.09.2021 00:37:25.462 GMT+0200,163.91,163.865,0.0135,0.022
21.09.2021 00:37:42.255 GMT+0200,163.945,163.895,0.0135,0.022
21.09.2021 00:43:02.335 GMT+0200,163.94400000000002,163.894,0.0135,0.022
21.09.2021 00:45:21.669 GMT+0200,163.97299999999998,163.933,0.0135,0.022
21.09.2021 00:46:02.389 GMT+0200,164.008,163.96200000000002,0.0135,0.022
21.09.2021 00:46:03.409 GMT+0200,163.98,163.92900000000003,0.0135,0.022
21.09.2021 00:46:07.623 GMT+0200,163.993,163.94299999999998,0.0135,0.022
21.09.2021 00:46:07.934 GMT+0200,164.00400000000002,163.95700000000002,0.0135,0.022
21.09.2021 00:47:40.069 GMT+0200,163.977,163.93099999999998,0.0135,0.022
21.09.2021 00:50:59.636 GMT+0200,163.976,163.92700000000002,0.0135,0.022
21.09.2021 00:52:02.119 GMT+0200,163.975,163.926,0.0135,0.022
21.09.2021 00:54:32.101 GMT+0200,163.979,163.928,0.0135,0.022
21.09.2021 00:56:08.381 GMT+0200,163.97299999999998,163.92900000000003,0.0135,0.022
21.09.2021 01:02:02.335 GMT+0200,163.979,163.92900000000003,0.0135,0.022
21.09.2021 01:05:27.401 GMT+0200,163.97299999999998,163.928,0.0135,0.022
21.09.2021 01:09:14.088 GMT+0200,163.975,163.93099999999998,0.0135,0.022
21.09.2021 01:09:14.724 GMT+0200,164.007,163.95700000000002,0.0135,0.022
21.09.2021 01:12:52.583 GMT+0200,164.011,163.95700000000002,0.0135,0.022
21.09.2021 01:14:10.069 GMT+0200,163.975,163.93099999999998,0.0135,0.022
21.09.2021 01:15:48.639 GMT+0200,164.00400000000002,163.96200000000002,0.0135,0.022
21.09.2021 01:17:42.778 GMT+0200,164.03900000000002,163.995,0.0135,0.022
21.09.2021 01:17:54.975 GMT+0200,164.006,163.95700000000002,0.0135,0.022
21.09.2021 01:18:43.890 GMT+0200,164.04,163.993,0.0135,0.022
21.09.2021 01:18:45.068 GMT+0200,164.00400000000002,163.95900000000003,0.0135,0.022
21.09.2021 01:25:38.848 GMT+0200,164.008,163.958,0.0135,0.022
21.09.2021 01:25:43.550 GMT+0200,164.042,163.988,0.0135,0.022
21.09.2021 01:26:02.409 GMT+0200,164.007,163.95700000000002,0.0135,0.022
21.09.2021 01:28:04.672 GMT+0200,164.03799999999998,163.989,0.0135,0.022
21.09.2021 01:28:12.740 GMT+0200,164.008,163.96200000000002,0.0135,0.022
21.09.2021 01:29:22.876 GMT+0200,164.00900000000001,163.95700000000002,0.0135,0.022
21.09.2021 01:33:55.042 GMT+0200,164.03799999999998,163.988,0.0135,0.022
21.09.2021 01:34:07.000 GMT+0200,164.011,163.96099999999998,0.0135,0.022
21.09.2021 01:34:40.783 GMT+0200,164.042,163.993,0.0135,0.022
21.09.2021 01:34:40.952 GMT+0200,164.007,163.958,0.0135,0.022
21.09.2021 01:40:22.762 GMT+0200,163.979,163.92700000000002,0.0135,0.022
21.09.2021 01:46:09.972 GMT+0200,163.947,163.894,0.0135,0.022
21.09.2021 01:46:59.705 GMT+0200,163.917,163.868,0.0135,0.022
21.09.2021 01:47:00.045 GMT+0200,163.946,163.90099999999998,0.0135,0.022
21.09.2021 01:47:45.526 GMT+0200,163.915,163.86700000000002,0.0135,0.022
21.09.2021 01:48:59.076 GMT+0200,163.881,163.83700000000002,0.0135,0.022
21.09.2021 01:49:22.622 GMT+0200,163.91,163.865,0.0135,0.022
21.09.2021 01:49:22.775 GMT+0200,163.883,163.834,0.0135,0.022
21.09.2021 01:49:23.732 GMT+0200,163.89700000000002,163.853,0.0135,0.022
21.09.2021 01:49:29.762 GMT+0200,163.915,163.86700000000002,0.0135,0.022
21.09.2021 01:49:34.915 GMT+0200,163.886,163.83200000000002,0.0135,0.022
21.09.2021 01:49:50.102 GMT+0200,163.916,163.86700000000002,0.0135,0.022
21.09.2021 01:54:55.625 GMT+0200,163.94400000000002,163.894,0.0135,0.022
21.09.2021 01:54:55.779 GMT+0200,163.93099999999998,163.88400000000001,0.0135,0.022
21.09.2021 01:54:56.522 GMT+0200,163.94299999999998,163.894,0.0135,0.022
21.09.2021 01:57:08.203 GMT+0200,163.945,163.89900000000003,0.0135,0.022
21.09.2021 01:57:33.180 GMT+0200,163.915,163.86700000000002,0.0135,0.022
21.09.2021 01:59:06.809 GMT+0200,163.881,163.834,0.0135,0.022
21.09.2021 01:59:38.666 GMT+0200,163.86599999999999,163.816,0.0135,0.022
21.09.2021 01:59:38.856 GMT+0200,163.881,163.83200000000002,0.0135,0.022
21.09.2021 01:59:40.058 GMT+0200,163.85,163.80200000000002,0.0135,0.022
21.09.2021 01:59:43.551 GMT+0200,163.886,163.83200000000002,0.0135,0.022
21.09.2021 01:59:43.974 GMT+0200,163.863,163.816,0.0135,0.022
21.09.2021 01:59:44.691 GMT+0200,163.854,163.80200000000002,0.0135,0.022
21.09.2021 01:59:44.888 GMT+0200,163.87900000000002,163.83200000000002,0.0135,0.022
21.09.2021 01:59:45.218 GMT+0200,163.85,163.808,0.0135,0.022
21.09.2021 01:59:50.254 GMT+0200,163.863,163.82,0.0135,0.022
21.09.2021 01:59:55.849 GMT+0200,163.881,163.83200000000002,0.0135,0.022
21.09.2021 02:00:06.772 GMT+0200,163.91400000000002,163.864,0.0135,0.022
21.09.2021 02:00:07.006 GMT+0200,163.87900000000002,163.834,0.0135,0.022
21.09.2021 02:00:09.061 GMT+0200,163.91299999999998,163.868,0.0135,0.022
21.09.2021 02:00:10.026 GMT+0200,163.881,163.83200000000002,0.0135,0.022
21.09.2021 02:00:10.298 GMT+0200,163.916,163.863,0.0135,0.022
21.09.2021 02:00:28.409 GMT+0200,163.90200000000002,163.85,0.0135,0.022
21.09.2021 02:00:28.516 GMT+0200,163.882,163.83200000000002,0.0135,0.022
21.09.2021 02:02:05.248 GMT+0200,163.855,163.808,0.0135,0.022
21.09.2021 02:02:06.495 GMT+0200,163.87900000000002,163.836,0.0135,0.022
21.09.2021 02:02:07.919 GMT+0200,163.851,163.80100000000002,0.0135,0.022
21.09.2021 02:02:09.362 GMT+0200,163.885,163.834,0.0135,0.022
21.09.2021 02:02:09.774 GMT+0200,163.868,163.816,0.0135,0.022
21.09.2021 02:02:09.898 GMT+0200,163.852,163.80200000000002,0.0135,0.022
21.09.2021 02:02:12.391 GMT+0200,163.885,163.833,0.0135,0.022
21.09.2021 02:02:14.630 GMT+0200,163.85,163.808,0.0135,0.022
21.09.2021 02:02:18.477 GMT+0200,163.886,163.834,0.0135,0.022
21.09.2021 02:02:18.712 GMT+0200,163.852,163.806,0.0135,0.022
21.09.2021 02:02:19.245 GMT+0200,163.868,163.819,0.0135,0.022
21.09.2021 02:02:19.423 GMT+0200,163.851,163.808,0.0135,0.022
21.09.2021 02:03:02.023 GMT+0200,163.87900000000002,163.836,0.0135,0.022
21.09.2021 02:04:45.358 GMT+0200,163.855,163.806,0.0135,0.022
21.09.2021 02:04:45.994 GMT+0200,163.883,163.835,0.0135,0.022
21.09.2021 02:04:47.498 GMT+0200,163.84799999999998,163.808,0.0135,0.022
21.09.2021 02:04:50.384 GMT+0200,163.881,163.835,0.0135,0.022
21.09.2021 02:04:50.497 GMT+0200,163.852,163.80200000000002,0.0135,0.022
21.09.2021 02:04:52.977 GMT+0200,163.86599999999999,163.817,0.0135,0.022
21.09.2021 02:04:53.120 GMT+0200,163.886,163.839,0.0135,0.022
21.09.2021 02:04:59.685 GMT+0200,163.853,163.80100000000002,0.0135,0.022
21.09.2021 02:04:59.791 GMT+0200,163.87900000000002,163.83200000000002,0.0135,0.022
21.09.2021 02:05:00.142 GMT+0200,163.853,163.806,0.0135,0.022
21.09.2021 02:05:05.233 GMT+0200,163.865,163.819,0.0135,0.022
21.09.2021 02:05:05.339 GMT+0200,163.881,163.835,0.0135,0.022
21.09.2021 02:05:10.519 GMT+0200,163.852,163.806,0.0135,0.022
21.09.2021 02:05:45.183 GMT+0200,163.886,163.83700000000002,0.0135,0.022
21.09.2021 02:08:33.509 GMT+0200,163.854,163.80100000000002,0.0135,0.022
21.09.2021 02:09:08.561 GMT+0200,163.886,163.836,0.0135,0.022
21.09.2021 02:09:09.165 GMT+0200,163.84799999999998,163.804,0.0135,0.022
21.09.2021 02:11:50.118 GMT+0200,163.85,163.806,0.0135,0.022
21.09.2021 02:12:23.848 GMT+0200,163.82,163.769,0.0135,0.022
21.09.2021 02:12:28.562 GMT+0200,163.853,163.806,0.0135,0.022
21.09.2021 02:12:28.673 GMT+0200,163.83200000000002,163.78799999999998,0.0135,0.022
21.09.2021 02:12:29.131 GMT+0200,163.819,163.776,0.0135,0.022
21.09.2021 02:12:31.635 GMT+0200,163.854,163.806,0.0135,0.022
21.09.2021 02:12:31.771 GMT+0200,163.816,163.776,0.0135,0.022
21.09.2021 02:12:36.267 GMT+0200,163.85,163.808,0.0135,0.022
21.09.2021 02:13:00.629 GMT+0200,163.823,163.77100000000002,0.0135,0.022
21.09.2021 02:13:04.125 GMT+0200,163.854,163.804,0.0135,0.022
21.09.2021 02:13:07.590 GMT+0200,163.821,163.77200000000002,0.0135,0.022
21.09.2021 02:13:15.680 GMT+0200,163.85,163.808,0.0135,0.022
21.09.2021 02:13:16.340 GMT+0200,163.822,163.769,0.0135,0.022
21.09.2021 02:13:17.991 GMT+0200,163.839,163.785,0.0135,0.022
21.09.2021 02:13:20.179 GMT+0200,163.851,163.80200000000002,0.0135,0.022
21.09.2021 02:13:21.709 GMT+0200,163.819,163.769,0.0135,0.022
21.09.2021 02:13:21.836 GMT+0200,163.839,163.789,0.0135,0.022
21.09.2021 02:13:21.955 GMT+0200,163.84799999999998,163.804,0.0135,0.022
21.09.2021 02:13:31.857 GMT+0200,163.836,163.792,0.0135,0.022
21.09.2021 02:13:33.862 GMT+0200,163.853,163.803,0.0135,0.022
21.09.2021 02:13:34.117 GMT+0200,163.823,163.77,0.0135,0.022
21.09.2021 02:14:49.586 GMT+0200,163.834,163.785,0.0135,0.022
21.09.2021 02:14:50.142 GMT+0200,163.816,163.774,0.0135,0.022
21.09.2021 02:14:51.091 GMT+0200,163.855,163.805,0.0135,0.022
21.09.2021 02:14:51.848 GMT+0200,163.838,163.78799999999998,0.0135,0.022
21.09.2021 02:14:53.389 GMT+0200,163.81799999999998,163.77100000000002,0.0135,0.022
21.09.2021 02:16:00.328 GMT+0200,163.854,163.803,0.0135,0.022
21.09.2021 02:16:04.683 GMT+0200,163.81799999999998,163.773,0.0135,0.022
21.09.2021 02:16:04.963 GMT+0200,163.85,163.804,0.0135,0.022
21.09.2021 02:16:11.285 GMT+0200,163.836,163.789,0.0135,0.022
21.09.2021 02:16:11.565 GMT+0200,163.852,163.808,0.0135,0.022
21.09.2021 02:16:11.884 GMT+0200,163.834,163.789,0.0135,0.022
21.09.2021 02:16:16.736 GMT+0200,163.851,163.805,0.0135,0.022
21.09.2021 02:16:19.985 GMT+0200,163.823,163.769,0.0135,0.022
21.09.2021 02:17:51.153 GMT+0200,163.854,163.80100000000002,0.0135,0.022
21.09.2021 02:17:53.657 GMT+0200,163.821,163.77,0.0135,0.022
21.09.2021 02:17:53.888 GMT+0200,163.853,163.808,0.0135,0.022
21.09.2021 02:18:00.596 GMT+0200,163.816,163.773,0.0135,0.022
21.09.2021 02:18:09.619 GMT+0200,163.835,163.79,0.0135,0.022
21.09.2021 02:18:11.848 GMT+0200,163.851,163.80100000000002,0.0135,0.022
21.09.2021 02:18:13.109 GMT+0200,163.834,163.789,0.0135,0.022
21.09.2021 02:18:18.855 GMT+0200,163.854,163.80200000000002,0.0135,0.022
21.09.2021 02:18:30.812 GMT+0200,163.81799999999998,163.769,0.0135,0.022
21.09.2021 02:20:01.538 GMT+0200,163.823,163.769,0.0135,0.022
21.09.2021 02:20:02.233 GMT+0200,163.785,163.738,0.0135,0.022
21.09.2021 02:22:39.757 GMT+0200,163.822,163.77,0.0135,0.022
21.09.2021 02:23:10.819 GMT+0200,163.785,163.74,0.0135,0.022
21.09.2021 02:24:14.249 GMT+0200,163.80700000000002,163.759,0.0135,0.022
21.09.2021 02:24:15.290 GMT+0200,163.81799999999998,163.77100000000002,0.0135,0.022
21.09.2021 02:24:19.641 GMT+0200,163.792,163.741,0.0135,0.022
21.09.2021 02:24:22.379 GMT+0200,163.819,163.769,0.0135,0.022
21.09.2021 02:25:08.668 GMT+0200,163.78799999999998,163.743,0.0135,0.022
21.09.2021 02:25:14.506 GMT+0200,163.823,163.776,0.0135,0.022
21.09.2021 02:25:36.572 GMT+0200,163.792,163.745,0.0135,0.022
21.09.2021 02:25:36.733 GMT+0200,163.816,163.769,0.0135,0.022
21.09.2021 02:25:40.539 GMT+0200,163.806,163.755,0.0135,0.022
21.09.2021 02:25:58.401 GMT+0200,163.816,163.77,0.0135,0.022
21.09.2021 02:26:05.645 GMT+0200,163.792,163.739,0.0135,0.022
21.09.2021 02:26:59.511 GMT+0200,163.804,163.757,0.0135,0.022
21.09.2021 02:26:59.749 GMT+0200,163.823,163.773,0.0135,0.022
21.09.2021 02:27:22.775 GMT+0200,163.791,163.74200000000002,0.0135,0.022
21.09.2021 02:27:31.824 GMT+0200,163.816,163.776,0.0135,0.022
21.09.2021 02:28:48.969 GMT+0200,163.791,163.74200000000002,0.0135,0.022
21.09.2021 02:28:59.471 GMT+0200,163.806,163.759,0.0135,0.022
21.09.2021 02:28:59.690 GMT+0200,163.822,163.776,0.0135,0.022
21.09.2021 02:28:59.791 GMT+0200,163.787,163.739,0.0135,0.022
21.09.2021 02:32:02.531 GMT+0200,163.754,163.711,0.0135,0.022
21.09.2021 02:32:58.360 GMT+0200,163.72299999999998,163.679,0.0135,0.022
21.09.2021 02:32:58.461 GMT+0200,163.756,163.714,0.0135,0.022
21.09.2021 02:33:09.500 GMT+0200,163.738,163.692,0.0135,0.022
21.09.2021 02:33:10.030 GMT+0200,163.76,163.711,0.0135,0.022
21.09.2021 02:33:11.142 GMT+0200,163.73,163.67600000000002,0.0135,0.022
21.09.2021 02:34:48.251 GMT+0200,163.69299999999998,163.644,0.0135,0.022
21.09.2021 02:34:52.798 GMT+0200,163.73,163.67600000000002,0.0135,0.022
21.09.2021 02:35:13.201 GMT+0200,163.696,163.649,0.0135,0.022
21.09.2021 02:35:21.543 GMT+0200,163.73,163.678,0.0135,0.022
21.09.2021 02:35:31.811 GMT+0200,163.695,163.64700000000002,0.0135,0.022
21.09.2021 02:35:58.759 GMT+0200,163.728,163.679,0.0135,0.022
21.09.2021 02:35:58.987 GMT+0200,163.697,163.651,0.0135,0.022
21.09.2021 02:35:59.318 GMT+0200,163.725,163.678,0.0135,0.022
21.09.2021 02:36:02.569 GMT+0200,163.695,163.64700000000002,0.0135,0.022
21.09.2021 02:36:02.815 GMT+0200,163.71,163.661,0.0135,0.022
21.09.2021 02:36:02.917 GMT+0200,163.729,163.678,0.0135,0.022
21.09.2021 02:36:14.147 GMT+0200,163.69299999999998,163.645,0.0135,0.022
21.09.2021 02:36:18.187 GMT+0200,163.726,163.679,0.0135,0.022
21.09.2021 02:36:35.621 GMT+0200,163.696,163.651,0.0135,0.022
21.09.2021 02:37:39.821 GMT+0200,163.72299999999998,163.67600000000002,0.0135,0.022
21.09.2021 02:37:39.923 GMT+0200,163.69299999999998,163.649,0.0135,0.022
21.09.2021 02:37:41.475 GMT+0200,163.709,163.664,0.0135,0.022
21.09.2021 02:37:41.582 GMT+0200,163.726,163.681,0.0135,0.022
21.09.2021 02:39:45.831 GMT+0200,163.72299999999998,163.67700000000002,0.0135,0.022
21.09.2021 02:42:32.068 GMT+0200,163.70700000000002,163.66,0.0135,0.022
21.09.2021 02:42:32.209 GMT+0200,163.691,163.645,0.0135,0.022
21.09.2021 02:42:36.500 GMT+0200,163.728,163.679,0.0135,0.022
21.09.2021 02:44:11.290 GMT+0200,163.759,163.714,0.0135,0.022
21.09.2021 02:44:11.515 GMT+0200,163.729,163.67700000000002,0.0135,0.022
21.09.2021 02:44:17.175 GMT+0200,163.761,163.708,0.0135,0.022
21.09.2021 02:45:39.596 GMT+0200,163.726,163.67700000000002,0.0135,0.022
21.09.2021 02:45:46.061 GMT+0200,163.761,163.71200000000002,0.0135,0.022
21.09.2021 02:46:49.601 GMT+0200,163.757,163.71,0.0135,0.022
21.09.2021 02:48:16.052 GMT+0200,163.79,163.745,0.0135,0.022
21.09.2021 02:50:03.941 GMT+0200,163.758,163.71200000000002,0.0135,0.022
21.09.2021 02:50:05.145 GMT+0200,163.792,163.741,0.0135,0.022
21.09.2021 02:50:20.703 GMT+0200,163.759,163.709,0.0135,0.022
21.09.2021 02:52:20.181 GMT+0200,163.78799999999998,163.74200000000002,0.0135,0.022
21.09.2021 02:52:20.394 GMT+0200,163.754,163.714,0.0135,0.022
21.09.2021 02:52:20.945 GMT+0200,163.787,163.74,0.0135,0.022
21.09.2021 02:52:24.477 GMT+0200,163.754,163.71200000000002,0.0135,0.022
21.09.2021 02:52:48.687 GMT+0200,163.77700000000002,163.727,0.0135,0.022
21.09.2021 02:52:55.824 GMT+0200,163.789,163.745,0.0135,0.022
21.09.2021 02:52:56.342 GMT+0200,163.77200000000002,163.728,0.0135,0.022
21.09.2021 02:53:03.293 GMT+0200,163.792,163.743,0.0135,0.022
21.09.2021 02:53:03.470 GMT+0200,163.761,163.70700000000002,0.0135,0.022
21.09.2021 02:54:18.224 GMT+0200,163.787,163.739,0.0135,0.022
21.09.2021 02:54:28.216 GMT+0200,163.759,163.709,0.0135,0.022
21.09.2021 02:55:08.819 GMT+0200,163.78799999999998,163.745,0.0135,0.022
21.09.2021 02:55:09.480 GMT+0200,163.76,163.71,0.0135,0.022
21.09.2021 02:55:16.528 GMT+0200,163.792,163.739,0.0135,0.022
21.09.2021 02:55:21.225 GMT+0200,163.758,163.714,0.0135,0.022
21.09.2021 02:55:29.044 GMT+0200,163.77700000000002,163.728,0.0135,0.022
21.09.2021 02:55:29.345 GMT+0200,163.787,163.743,0.0135,0.022
21.09.2021 02:55:37.242 GMT+0200,163.77,163.725,0.0135,0.022
21.09.2021 02:55:37.351 GMT+0200,163.758,163.71,0.0135,0.022
21.09.2021 02:56:24.139 GMT+0200,163.785,163.743,0.0135,0.022
21.09.2021 02:56:26.877 GMT+0200,163.761,163.714,0.0135,0.022
21.09.2021 02:56:32.335 GMT+0200,163.774,163.726,0.0135,0.022
21.09.2021 02:56:32.616 GMT+0200,163.789,163.738,0.0135,0.022
21.09.2021 02:58:39.679 GMT+0200,163.80700000000002,163.755,0.0135,0.022
21.09.2021 02:58:43.502 GMT+0200,163.821,163.769,0.0135,0.022
21.09.2021 02:59:57.541 GMT+0200,163.789,163.739,0.0135,0.022
21.09.2021 02:59:57.937 GMT+0200,163.823,163.77100000000002,0.0135,0.022
21.09.2021 03:00:02.449 GMT+0200,163.792,163.738,0.0135,0.022
21.09.2021 03:00:02.588 GMT+0200,163.819,163.77100000000002,0.0135,0.022
21.09.2021 03:00:45.522 GMT+0200,163.808,163.759,0.0135,0.022
21.09.2021 03:00:45.801 GMT+0200,163.789,163.738,0.0135,0.022
21.09.2021 03:01:02.069 GMT+0200,163.823,163.77100000000002,0.0135,0.022
21.09.2021 03:02:42.239 GMT+0200,163.85,163.803,0.0135,0.022
21.09.2021 03:02:42.378 GMT+0200,163.82,163.77100000000002,0.0135,0.022
21.09.2021 03:02:50.554 GMT+0200,163.855,163.808,0.0135,0.022
21.09.2021 03:02:50.836 GMT+0200,163.822,163.77200000000002,0.0135,0.022
21.09.2021 03:02:51.513 GMT+0200,163.854,163.805,0.0135,0.022
21.09.2021 03:02:52.874 GMT+0200,163.82,163.774,0.0135,0.022
21.09.2021 03:03:00.812 GMT+0200,163.835,163.785,0.0135,0.022
21.09.2021 03:03:00.921 GMT+0200,163.853,163.806,0.0135,0.022
21.09.2021 03:04:39.042 GMT+0200,163.82,163.776,0.0135,0.022
21.09.2021 03:05:53.511 GMT+0200,163.79,163.74200000000002,0.0135,0.022
21.09.2021 03:07:42.625 GMT+0200,163.77,163.72299999999998,0.0135,0.022
21.09.2021 03:07:42.807 GMT+0200,163.789,163.74200000000002,0.0135,0.022
21.09.2021 03:07:49.702 GMT+0200,163.756,163.709,0.0135,0.022
21.09.2021 03:07:49.982 GMT+0200,163.79,163.745,0.0135,0.022
21.09.2021 03:08:55.090 GMT+0200,163.792,163.738,0.0135,0.022
21.09.2021 03:09:41.212 GMT+0200,163.757,163.708,0.0135,0.022
21.09.2021 03:09:57.125 GMT+0200,163.792,163.74,0.0135,0.022
21.09.2021 03:10:41.027 GMT+0200,163.754,163.71200000000002,0.0135,0.022
21.09.2021 03:12:57.362 GMT+0200,163.73,163.67700000000002,0.0135,0.022
21.09.2021 03:16:25.791 GMT+0200,163.76,163.709,0.0135,0.022
21.09.2021 03:16:25.929 GMT+0200,163.726,163.67600000000002,0.0135,0.022
21.09.2021 03:16:36.032 GMT+0200,163.76,163.70700000000002,0.0135,0.022
21.09.2021 03:16:39.126 GMT+0200,163.729,163.68,0.0135,0.022
21.09.2021 03:16:39.662 GMT+0200,163.744,163.69299999999998,0.0135,0.022
21.09.2021 03:16:40.096 GMT+0200,163.725,163.681,0.0135,0.022
21.09.2021 03:17:07.591 GMT+0200,163.757,163.711,0.0135,0.022
21.09.2021 03:18:03.416 GMT+0200,163.727,163.679,0.0135,0.022
21.09.2021 03:18:17.154 GMT+0200,163.754,163.714,0.0135,0.022
21.09.2021 03:18:37.146 GMT+0200,163.727,163.67700000000002,0.0135,0.022
21.09.2021 03:18:41.727 GMT+0200,163.758,163.711,0.0135,0.022
21.09.2021 03:18:41.936 GMT+0200,163.727,163.681,0.0135,0.022
21.09.2021 03:20:26.633 GMT+0200,163.691,163.64600000000002,0.0135,0.022
21.09.2021 03:20:34.183 GMT+0200,163.728,163.67600000000002,0.0135,0.022
21.09.2021 03:21:02.080 GMT+0200,163.698,163.651,0.0135,0.022
21.09.2021 03:22:14.508 GMT+0200,163.696,163.64700000000002,0.0135,0.022
21.09.2021 03:22:19.859 GMT+0200,163.73,163.681,0.0135,0.022
21.09.2021 03:23:01.953 GMT+0200,163.698,163.64600000000002,0.0135,0.022
21.09.2021 03:23:02.063 GMT+0200,163.729,163.68,0.0135,0.022
21.09.2021 03:24:02.523 GMT+0200,163.743,163.692,0.0135,0.022
21.09.2021 03:24:02.775 GMT+0200,163.758,163.714,0.0135,0.022
21.09.2021 03:24:16.593 GMT+0200,163.727,163.67600000000002,0.0135,0.022
21.09.2021 03:24:33.556 GMT+0200,163.744,163.696,0.0135,0.022
21.09.2021 03:24:34.165 GMT+0200,163.754,163.711,0.0135,0.022
21.09.2021 03:24:43.993 GMT+0200,163.727,163.67700000000002,0.0135,0.022
21.09.2021 03:26:40.836 GMT+0200,163.761,163.709,0.0135,0.022
21.09.2021 03:26:48.301 GMT+0200,163.73,163.681,0.0135,0.022
21.09.2021 03:30:17.199 GMT+0200,163.757,163.709,0.0135,0.022
21.09.2021 03:33:25.216 GMT+0200,163.728,163.679,0.0135,0.022
21.09.2021 03:33:25.317 GMT+0200,163.761,163.71,0.0135,0.022
21.09.2021 03:33:27.393 GMT+0200,163.728,163.67600000000002,0.0135,0.022
21.09.2021 03:33:27.629 GMT+0200,163.758,163.714,0.0135,0.022
21.09.2021 03:33:33.290 GMT+0200,163.729,163.681,0.0135,0.022
21.09.2021 03:33:39.605 GMT+0200,163.76,163.714,0.0135,0.022
21.09.2021 03:34:06.101 GMT+0200,163.728,163.679,0.0135,0.022
21.09.2021 03:34:06.253 GMT+0200,163.757,163.709,0.0135,0.022
21.09.2021 03:34:06.769 GMT+0200,163.729,163.67600000000002,0.0135,0.022
21.09.2021 03:34:10.711 GMT+0200,163.754,163.714,0.0135,0.022
21.09.2021 03:34:22.662 GMT+0200,163.727,163.68,0.0135,0.022
21.09.2021 03:35:05.990 GMT+0200,163.694,163.651,0.0135,0.022
21.09.2021 03:36:29.332 GMT+0200,163.667,163.618,0.0135,0.022
21.09.2021 03:36:37.586 GMT+0200,163.694,163.651,0.0135,0.022
21.09.2021 03:36:37.784 GMT+0200,163.665,163.615,0.0135,0.022
21.09.2021 03:36:41.550 GMT+0200,163.691,163.648,0.0135,0.022
21.09.2021 03:36:49.563 GMT+0200,163.665,163.614,0.0135,0.022
21.09.2021 03:37:00.016 GMT+0200,163.694,163.651,0.0135,0.022
21.09.2021 03:37:00.254 GMT+0200,163.66299999999998,163.62,0.0135,0.022
21.09.2021 03:37:01.444 GMT+0200,163.695,163.645,0.0135,0.022
21.09.2021 03:37:04.880 GMT+0200,163.665,163.615,0.0135,0.022
21.09.2021 03:37:07.236 GMT+0200,163.679,163.63,0.0135,0.022
21.09.2021 03:37:07.631 GMT+0200,163.66299999999998,163.613,0.0135,0.022
21.09.2021 03:37:07.763 GMT+0200,163.694,163.648,0.0135,0.022
21.09.2021 03:37:08.491 GMT+0200,163.681,163.629,0.0135,0.022
21.09.2021 03:37:08.887 GMT+0200,163.695,163.644,0.0135,0.022
21.09.2021 03:38:37.194 GMT+0200,163.729,163.683,0.0135,0.022
21.09.2021 03:38:37.316 GMT+0200,163.697,163.64600000000002,0.0135,0.022
21.09.2021 03:38:45.814 GMT+0200,163.728,163.681,0.0135,0.022
21.09.2021 03:38:50.133 GMT+0200,163.696,163.644,0.0135,0.022
21.09.2021 03:38:50.818 GMT+0200,163.725,163.681,0.0135,0.022
21.09.2021 03:39:02.574 GMT+0200,163.69299999999998,163.645,0.0135,0.022
21.09.2021 03:39:03.644 GMT+0200,163.729,163.67600000000002,0.0135,0.022
21.09.2021 03:39:15.064 GMT+0200,163.695,163.64600000000002,0.0135,0.022
21.09.2021 03:39:57.454 GMT+0200,163.679,163.629,0.0135,0.022
21.09.2021 03:39:57.855 GMT+0200,163.695,163.649,0.0135,0.022
21.09.2021 03:41:01.806 GMT+0200,163.697,163.649,0.0135,0.022
21.09.2021 03:42:52.456 GMT+0200,163.667,163.613,0.0135,0.022
21.09.2021 03:42:52.811 GMT+0200,163.696,163.644,0.0135,0.022
21.09.2021 03:42:53.941 GMT+0200,163.667,163.62,0.0135,0.022
21.09.2021 03:42:54.131 GMT+0200,163.697,163.645,0.0135,0.022
21.09.2021 03:44:49.900 GMT+0200,163.66299999999998,163.62,0.0135,0.022
21.09.2021 03:45:04.597 GMT+0200,163.696,163.651,0.0135,0.022
21.09.2021 03:46:12.629 GMT+0200,163.66299999999998,163.615,0.0135,0.022
21.09.2021 03:49:05.740 GMT+0200,163.636,163.585,0.0135,0.022
21.09.2021 03:51:07.064 GMT+0200,163.636,163.584,0.0135,0.022
21.09.2021 03:51:49.988 GMT+0200,163.666,163.614,0.0135,0.022
21.09.2021 03:52:01.729 GMT+0200,163.634,163.589,0.0135,0.022
21.09.2021 03:52:05.668 GMT+0200,163.662,163.614,0.0135,0.022
21.09.2021 03:52:22.069 GMT+0200,163.635,163.583,0.0135,0.022
21.09.2021 03:53:20.919 GMT+0200,163.66299999999998,163.616,0.0135,0.022
21.09.2021 03:53:23.673 GMT+0200,163.635,163.58700000000002,0.0135,0.022
21.09.2021 03:55:47.160 GMT+0200,163.66299999999998,163.613,0.0135,0.022
21.09.2021 03:57:24.648 GMT+0200,163.631,163.58700000000002,0.0135,0.022
21.09.2021 03:57:26.764 GMT+0200,163.645,163.602,0.0135,0.022
21.09.2021 03:57:27.804 GMT+0200,163.662,163.613,0.0135,0.022
21.09.2021 03:57:44.884 GMT+0200,163.629,163.58700000000002,0.0135,0.022
21.09.2021 04:04:44.494 GMT+0200,163.666,163.615,0.0135,0.022
21.09.2021 04:04:45.762 GMT+0200,163.645,163.605,0.0135,0.022
21.09.2021 04:04:48.249 GMT+0200,163.636,163.583,0.0135,0.022
21.09.2021 04:04:48.928 GMT+0200,163.66299999999998,163.61700000000002,0.0135,0.022
21.09.2021 04:04:53.692 GMT+0200,163.631,163.586,0.0135,0.022
21.09.2021 04:06:49.412 GMT+0200,163.6,163.555,0.0135,0.022
21.09.2021 04:06:49.514 GMT+0200,163.629,163.58200000000002,0.0135,0.022
21.09.2021 04:09:50.134 GMT+0200,163.66299999999998,163.613,0.0135,0.022
21.09.2021 04:09:50.275 GMT+0200,163.632,163.584,0.0135,0.022
21.09.2021 04:09:51.455 GMT+0200,163.66299999999998,163.61700000000002,0.0135,0.022
21.09.2021 04:10:02.398 GMT+0200,163.632,163.586,0.0135,0.022
21.09.2021 04:10:02.921 GMT+0200,163.66299999999998,163.62,0.0135,0.022
21.09.2021 04:10:47.569 GMT+0200,163.636,163.583,0.0135,0.022
21.09.2021 04:15:19.597 GMT+0200,163.635,163.589,0.0135,0.022
21.09.2021 04:25:24.181 GMT+0200,163.6,163.554,0.0135,0.022
21.09.2021 04:26:47.666 GMT+0200,163.634,163.583,0.0135,0.022
21.09.2021 04:26:47.823 GMT+0200,163.605,163.55100000000002,0.0135,0.022
21.09.2021 04:26:48.021 GMT+0200,163.636,163.586,0.0135,0.022
21.09.2021 04:26:53.036 GMT+0200,163.59799999999998,163.55100000000002,0.0135,0.022
21.09.2021 04:26:53.187 GMT+0200,163.631,163.58200000000002,0.0135,0.022
21.09.2021 04:27:10.080 GMT+0200,163.602,163.55200000000002,0.0135,0.022
21.09.2021 04:28:10.729 GMT+0200,163.57,163.523,0.0135,0.022
21.09.2021 04:28:11.835 GMT+0200,163.59799999999998,163.555,0.0135,0.022
21.09.2021 04:32:02.636 GMT+0200,163.629,163.586,0.0135,0.022
21.09.2021 04:32:03.970 GMT+0200,163.618,163.57,0.0135,0.022
21.09.2021 04:32:04.955 GMT+0200,163.636,163.585,0.0135,0.022
21.09.2021 04:36:41.082 GMT+0200,163.6,163.553,0.0135,0.022
21.09.2021 04:36:44.940 GMT+0200,163.635,163.58200000000002,0.0135,0.022
21.09.2021 04:37:54.035 GMT+0200,163.59799999999998,163.55100000000002,0.0135,0.022
21.09.2021 04:37:57.693 GMT+0200,163.636,163.584,0.0135,0.022
21.09.2021 04:40:01.796 GMT+0200,163.629,163.58700000000002,0.0135,0.022
21.09.2021 04:43:01.226 GMT+0200,163.636,163.585,0.0135,0.022
21.09.2021 04:44:30.766 GMT+0200,163.629,163.583,0.0135,0.022
21.09.2021 04:45:30.262 GMT+0200,163.6,163.558,0.0135,0.022
21.09.2021 04:57:17.127 GMT+0200,163.57,163.519,0.0135,0.022
21.09.2021 04:57:17.324 GMT+0200,163.6,163.555,0.0135,0.022
21.09.2021 05:05:51.366 GMT+0200,163.605,163.554,0.0135,0.022
21.09.2021 05:07:14.568 GMT+0200,163.59799999999998,163.554,0.0135,0.022
21.09.2021 05:09:00.117 GMT+0200,163.6,163.558,0.0135,0.022
21.09.2021 05:09:33.316 GMT+0200,163.566,163.52200000000002,0.0135,0.022
21.09.2021 05:09:33.418 GMT+0200,163.603,163.556,0.0135,0.022
21.09.2021 05:11:45.322 GMT+0200,163.603,163.55100000000002,0.0135,0.022
21.09.2021 05:14:09.395 GMT+0200,163.572,163.52,0.0135,0.022
21.09.2021 05:14:09.756 GMT+0200,163.6,163.553,0.0135,0.022
21.09.2021 05:16:28.674 GMT+0200,163.601,163.555,0.0135,0.022
21.09.2021 05:18:04.347 GMT+0200,163.602,163.558,0.0135,0.022
21.09.2021 05:20:23.199 GMT+0200,163.636,163.586,0.0135,0.022
21.09.2021 05:20:23.554 GMT+0200,163.601,163.555,0.0135,0.022
21.09.2021 05:20:27.797 GMT+0200,163.629,163.585,0.0135,0.022
21.09.2021 05:20:28.022 GMT+0200,163.59799999999998,163.555,0.0135,0.022
21.09.2021 05:20:56.975 GMT+0200,163.629,163.583,0.0135,0.022
21.09.2021 05:23:19.941 GMT+0200,163.631,163.58200000000002,0.0135,0.022
21.09.2021 05:31:30.996 GMT+0200,163.6,163.555,0.0135,0.022
21.09.2021 05:35:41.169 GMT+0200,163.605,163.55200000000002,0.0135,0.022
21.09.2021 05:37:55.572 GMT+0200,163.569,163.52200000000002,0.0135,0.022
21.09.2021 05:37:55.851 GMT+0200,163.6,163.554,0.0135,0.022
21.09.2021 05:38:32.373 GMT+0200,163.566,163.523,0.0135,0.022
21.09.2021 05:39:03.162 GMT+0200,163.604,163.554,0.0135,0.022
21.09.2021 05:39:05.332 GMT+0200,163.571,163.523,0.0135,0.022
21.09.2021 05:39:20.536 GMT+0200,163.602,163.558,0.0135,0.022
21.09.2021 05:39:20.682 GMT+0200,163.57,163.519,0.0135,0.022
21.09.2021 05:41:32.492 GMT+0200,163.569,163.52200000000002,0.0135,0.022
21.09.2021 05:41:44.112 GMT+0200,163.604,163.554,0.0135,0.022
21.09.2021 05:41:44.270 GMT+0200,163.573,163.52,0.0135,0.022
21.09.2021 05:42:02.479 GMT+0200,163.601,163.553,0.0135,0.022
21.09.2021 05:44:18.167 GMT+0200,163.573,163.526,0.0135,0.022
21.09.2021 05:44:18.426 GMT+0200,163.59799999999998,163.55200000000002,0.0135,0.022
21.09.2021 05:45:57.852 GMT+0200,163.566,163.524,0.0135,0.022
21.09.2021 05:51:27.031 GMT+0200,163.571,163.52100000000002,0.0135,0.022
21.09.2021 05:55:28.700 GMT+0200,163.572,163.523,0.0135,0.022
21.09.2021 05:58:43.025 GMT+0200,163.56799999999998,163.52200000000002,0.0135,0.022
21.09.2021 06:02:54.035 GMT+0200,163.571,163.519,0.0135,0.022
21.09.2021 06:04:55.598 GMT+0200,163.573,163.526,0.0135,0.022
21.09.2021 06:17:01.951 GMT+0200,163.572,163.52,0.0135,0.022
21.09.2021 06:18:32.786 GMT+0200,163.57,163.519,0.0135,0.022
21.09.2021 06:19:46.774 GMT+0200,163.555,163.506,0.0135,0.022
21.09.2021 06:19:46.877 GMT+0200,163.571,163.52,0.0135,0.022
21.09.2021 06:19:49.798 GMT+0200,163.537,163.49,0.0135,0.022
21.09.2021 06:20:01.936 GMT+0200,163.572,163.52200000000002,0.0135,0.022
21.09.2021 06:20:03.396 GMT+0200,163.53799999999998,163.489,0.0135,0.022
21.09.2021 06:20:03.537 GMT+0200,163.57,163.52200000000002,0.0135,0.022
21.09.2021 06:20:07.416 GMT+0200,163.53799999999998,163.493,0.0135,0.022
21.09.2021 06:23:03.217 GMT+0200,163.539,163.495,0.0135,0.022
21.09.2021 06:27:38.451 GMT+0200,163.542,163.49,0.0135,0.022
21.09.2021 06:28:48.535 GMT+0200,163.53799999999998,163.49,0.0135,0.022
21.09.2021 06:30:16.583 GMT+0200,163.55700000000002,163.511,0.0135,0.022
21.09.2021 06:30:17.187 GMT+0200,163.571,163.526,0.0135,0.022
21.09.2021 06:32:25.679 GMT+0200,163.571,163.519,0.0135,0.022
21.09.2021 06:35:51.103 GMT+0200,163.54,163.491,0.0135,0.022
21.09.2021 06:36:09.866 GMT+0200,163.57,163.524,0.0135,0.022
21.09.2021 06:36:10.042 GMT+0200,163.558,163.507,0.0135,0.022
21.09.2021 06:36:12.604 GMT+0200,163.541,163.49,0.0135,0.022
21.09.2021 06:36:16.575 GMT+0200,163.554,163.509,0.0135,0.022
21.09.2021 06:36:37.074 GMT+0200,163.539,163.493,0.0135,0.022
21.09.2021 06:36:43.468 GMT+0200,163.571,163.523,0.0135,0.022
21.09.2021 06:36:57.072 GMT+0200,163.554,163.505,0.0135,0.022
21.09.2021 06:37:12.719 GMT+0200,163.572,163.519,0.0135,0.022
21.09.2021 06:41:43.623 GMT+0200,163.539,163.488,0.0135,0.022
21.09.2021 06:41:44.165 GMT+0200,163.566,163.524,0.0135,0.022
21.09.2021 06:47:51.802 GMT+0200,163.572,163.52200000000002,0.0135,0.022
21.09.2021 06:48:05.547 GMT+0200,163.602,163.554,0.0135,0.022
21.09.2021 06:49:57.088 GMT+0200,163.56799999999998,163.523,0.0135,0.022
21.09.2021 06:51:07.585 GMT+0200,163.572,163.52,0.0135,0.022
21.09.2021 06:52:49.970 GMT+0200,163.56799999999998,163.526,0.0135,0.022
21.09.2021 06:56:01.073 GMT+0200,163.57,163.519,0.0135,0.022
21.09.2021 06:57:56.710 GMT+0200,163.569,163.523,0.0135,0.022
21.09.2021 06:58:17.631 GMT+0200,163.604,163.55200000000002,0.0135,0.022
21.09.2021 06:58:21.573 GMT+0200,163.584,163.53799999999998,0.0135,0.022
21.09.2021 06:58:21.676 GMT+0200,163.56799999999998,163.52,0.0135,0.022
21.09.2021 07:02:02.346 GMT+0200,163.569,163.52100000000002,0.0135,0.022
21.09.2021 07:04:33.483 GMT+0200,163.572,163.526,0.0135,0.022
21.09.2021 07:08:34.519 GMT+0200,163.6,163.55100000000002,0.0135,0.022
21.09.2021 07:08:34.703 GMT+0200,163.566,163.519,0.0135,0.022
21.09.2021 07:10:39.677 GMT+0200,163.556,163.509,0.0135,0.022
21.09.2021 07:10:39.947 GMT+0200,163.541,163.489,0.0135,0.022
21.09.2021 07:13:35.630 GMT+0200,163.53799999999998,163.488,0.0135,0.022
21.09.2021 07:13:45.470 GMT+0200,163.573,163.52200000000002,0.0135,0.022
21.09.2021 07:13:45.698 GMT+0200,163.54,163.49200000000002,0.0135,0.022
21.09.2021 07:13:53.401 GMT+0200,163.55100000000002,163.507,0.0135,0.022
21.09.2021 07:13:53.552 GMT+0200,163.54,163.489,0.0135,0.022
21.09.2021 07:13:54.519 GMT+0200,163.57,163.52200000000002,0.0135,0.022
21.09.2021 07:14:02.790 GMT+0200,163.539,163.489,0.0135,0.022
21.09.2021 07:14:07.364 GMT+0200,163.572,163.52100000000002,0.0135,0.022
21.09.2021 07:14:15.941 GMT+0200,163.54,163.489,0.0135,0.022
21.09.2021 07:14:17.254 GMT+0200,163.566,163.519,0.0135,0.022
21.09.2021 07:14:18.876 GMT+0200,163.541,163.491,0.0135,0.022
21.09.2021 07:14:20.731 GMT+0200,163.569,163.523,0.0135,0.022
21.09.2021 07:14:26.631 GMT+0200,163.53799999999998,163.491,0.0135,0.022
21.09.2021 07:14:35.839 GMT+0200,163.566,163.52,0.0135,0.022
21.09.2021 07:15:25.190 GMT+0200,163.542,163.495,0.0135,0.022
21.09.2021 07:17:34.963 GMT+0200,163.566,163.523,0.0135,0.022
21.09.2021 07:18:02.349 GMT+0200,163.535,163.49,0.0135,0.022
21.09.2021 07:18:04.327 GMT+0200,163.553,163.506,0.0135,0.022
21.09.2021 07:18:04.434 GMT+0200,163.573,163.526,0.0135,0.022
21.09.2021 07:22:03.817 GMT+0200,163.55100000000002,163.507,0.0135,0.022
21.09.2021 07:22:03.962 GMT+0200,163.566,163.524,0.0135,0.022
21.09.2021 07:27:41.527 GMT+0200,163.537,163.493,0.0135,0.022
21.09.2021 07:27:41.631 GMT+0200,163.57,163.52200000000002,0.0135,0.022
21.09.2021 07:32:31.517 GMT+0200,163.572,163.523,0.0135,0.022
21.09.2021 07:33:52.670 GMT+0200,163.539,163.49200000000002,0.0135,0.022
21.09.2021 07:34:03.517 GMT+0200,163.566,163.52100000000002,0.0135,0.022
21.09.2021 07:35:01.487 GMT+0200,163.53799999999998,163.495,0.0135,0.022
21.09.2021 07:35:12.087 GMT+0200,163.566,163.52100000000002,0.0135,0.022
21.09.2021 07:39:14.731 GMT+0200,163.571,163.52,0.0135,0.022
21.09.2021 07:42:01.340 GMT+0200,163.601,163.55200000000002,0.0135,0.022
21.09.2021 07:42:01.578 GMT+0200,163.573,163.52,0.0135,0.022
21.09.2021 07:42:27.045 GMT+0200,163.589,163.54,0.0135,0.022
21.09.2021 07:42:27.325 GMT+0200,163.571,163.519,0.0135,0.022
21.09.2021 07:42:30.016 GMT+0200,163.605,163.556,0.0135,0.022
21.09.2021 07:43:23.084 GMT+0200,163.569,163.523,0.0135,0.022
21.09.2021 07:43:24.298 GMT+0200,163.58200000000002,163.537,0.0135,0.022
21.09.2021 07:43:24.485 GMT+0200,163.57,163.52200000000002,0.0135,0.022
21.09.2021 07:43:56.402 GMT+0200,163.6,163.556,0.0135,0.022
21.09.2021 07:44:29.104 GMT+0200,163.566,163.523,0.0135,0.022
21.09.2021 07:44:48.337 GMT+0200,163.59799999999998,163.555,0.0135,0.022
21.09.2021 07:44:48.610 GMT+0200,163.56799999999998,163.52,0.0135,0.022
21.09.2021 07:45:14.738 GMT+0200,163.588,163.537,0.0135,0.022
21.09.2021 07:45:14.940 GMT+0200,163.59799999999998,163.554,0.0135,0.022
21.09.2021 07:49:12.882 GMT+0200,163.636,163.58200000000002,0.0135,0.022
21.09.2021 07:49:13.056 GMT+0200,163.59799999999998,163.558,0.0135,0.022
21.09.2021 07:49:13.354 GMT+0200,163.619,163.56799999999998,0.0135,0.022
21.09.2021 07:49:13.475 GMT+0200,163.634,163.58200000000002,0.0135,0.022
21.09.2021 07:49:17.389 GMT+0200,163.59799999999998,163.554,0.0135,0.022
21.09.2021 07:49:18.361 GMT+0200,163.636,163.585,0.0135,0.022
21.09.2021 07:50:02.067 GMT+0200,163.604,163.553,0.0135,0.022
21.09.2021 07:50:14.574 GMT+0200,163.632,163.583,0.0135,0.022
21.09.2021 07:52:03.523 GMT+0200,163.66,163.62,0.0135,0.022
21.09.2021 07:52:03.692 GMT+0200,163.631,163.585,0.0135,0.022
21.09.2021 07:52:06.270 GMT+0200,163.66299999999998,163.61700000000002,0.0135,0.022
21.09.2021 07:52:07.607 GMT+0200,163.649,163.603,0.0135,0.022
21.09.2021 07:52:07.909 GMT+0200,163.632,163.583,0.0135,0.022
21.09.2021 07:54:54.128 GMT+0200,163.662,163.618,0.0135,0.022
21.09.2021 07:54:54.481 GMT+0200,163.634,163.583,0.0135,0.022
21.09.2021 07:54:54.688 GMT+0200,163.666,163.61700000000002,0.0135,0.022
21.09.2021 07:55:02.463 GMT+0200,163.651,163.602,0.0135,0.022
21.09.2021 07:55:14.906 GMT+0200,163.635,163.585,0.0135,0.022
21.09.2021 07:55:38.591 GMT+0200,163.662,163.618,0.0135,0.022
21.09.2021 07:55:38.925 GMT+0200,163.633,163.583,0.0135,0.022
21.09.2021 07:55:40.474 GMT+0200,163.667,163.615,0.0135,0.022
21.09.2021 07:56:03.628 GMT+0200,163.64700000000002,163.605,0.0135,0.022
21.09.2021 07:56:09.016 GMT+0200,163.632,163.584,0.0135,0.022
21.09.2021 07:58:01.764 GMT+0200,163.66,163.618,0.0135,0.022
21.09.2021 08:00:10.699 GMT+0200,163.629,163.58700000000002,0.0135,0.022
21.09.2021 08:00:53.018 GMT+0200,163.66299999999998,163.618,0.0135,0.022
21.09.2021 08:00:58.780 GMT+0200,163.69299999999998,163.651,0.0135,0.022
21.09.2021 08:01:04.752 GMT+0200,163.666,163.62,0.0135,0.022
21.09.2021 08:01:05.824 GMT+0200,163.695,163.64700000000002,0.0135,0.022
21.09.2021 08:01:06.900 GMT+0200,163.66299999999998,163.618,0.0135,0.022
21.09.2021 08:01:07.036 GMT+0200,163.678,163.633,0.0135,0.022
21.09.2021 08:01:07.217 GMT+0200,163.66299999999998,163.614,0.0135,0.022
21.09.2021 08:01:11.832 GMT+0200,163.696,163.651,0.0135,0.022
21.09.2021 08:03:25.161 GMT+0200,163.665,163.618,0.0135,0.022
21.09.2021 08:03:33.381 GMT+0200,163.696,163.64600000000002,0.0135,0.022
21.09.2021 08:03:34.139 GMT+0200,163.667,163.62,0.0135,0.022
21.09.2021 08:03:35.908 GMT+0200,163.691,163.644,0.0135,0.022
21.09.2021 08:03:36.021 GMT+0200,163.666,163.62,0.0135,0.022
21.09.2021 08:03:40.182 GMT+0200,163.698,163.651,0.0135,0.022
21.09.2021 08:03:58.260 GMT+0200,163.667,163.616,0.0135,0.022
21.09.2021 08:04:05.401 GMT+0200,163.696,163.64700000000002,0.0135,0.022
21.09.2021 08:05:25.055 GMT+0200,163.727,163.679,0.0135,0.022
21.09.2021 08:05:37.712 GMT+0200,163.695,163.645,0.0135,0.022
21.09.2021 08:05:38.822 GMT+0200,163.709,163.664,0.0135,0.022
21.09.2021 08:05:39.032 GMT+0200,163.697,163.651,0.0135,0.022
21.09.2021 08:05:48.940 GMT+0200,163.726,163.68,0.0135,0.022
21.09.2021 08:05:49.327 GMT+0200,163.695,163.645,0.0135,0.022
21.09.2021 08:05:49.428 GMT+0200,163.729,163.683,0.0135,0.022
21.09.2021 08:05:50.449 GMT+0200,163.695,163.648,0.0135,0.022
21.09.2021 08:07:59.167 GMT+0200,163.727,163.68,0.0135,0.022
21.09.2021 08:08:01.354 GMT+0200,163.69299999999998,163.649,0.0135,0.022
21.09.2021 08:08:01.682 GMT+0200,163.729,163.67600000000002,0.0135,0.022
21.09.2021 08:08:06.666 GMT+0200,163.69299999999998,163.644,0.0135,0.022
21.09.2021 08:08:21.392 GMT+0200,163.727,163.683,0.0135,0.022
21.09.2021 08:08:50.630 GMT+0200,163.756,163.714,0.0135,0.022
21.09.2021 08:08:55.608 GMT+0200,163.738,163.696,0.0135,0.022
21.09.2021 08:08:55.811 GMT+0200,163.73,163.68,0.0135,0.022
21.09.2021 08:09:25.617 GMT+0200,163.759,163.71,0.0135,0.022
21.09.2021 08:10:01.487 GMT+0200,163.73,163.679,0.0135,0.022
21.09.2021 08:10:01.653 GMT+0200,163.757,163.708,0.0135,0.022
21.09.2021 08:10:01.882 GMT+0200,163.728,163.68,0.0135,0.022
21.09.2021 08:10:19.679 GMT+0200,163.695,163.648,0.0135,0.022
21.09.2021 08:10:20.042 GMT+0200,163.726,163.67600000000002,0.0135,0.022
21.09.2021 08:10:23.288 GMT+0200,163.697,163.649,0.0135,0.022
21.09.2021 08:10:24.383 GMT+0200,163.725,163.678,0.0135,0.022
21.09.2021 08:10:56.404 GMT+0200,163.69299999999998,163.64600000000002,0.0135,0.022
21.09.2021 08:10:57.467 GMT+0200,163.727,163.679,0.0135,0.022
21.09.2021 08:11:02.282 GMT+0200,163.696,163.64600000000002,0.0135,0.022
21.09.2021 08:11:06.067 GMT+0200,163.71200000000002,163.661,0.0135,0.022
21.09.2021 08:11:07.626 GMT+0200,163.729,163.683,0.0135,0.022
21.09.2021 08:11:14.016 GMT+0200,163.695,163.64700000000002,0.0135,0.022
21.09.2021 08:11:43.630 GMT+0200,163.662,163.62,0.0135,0.022
21.09.2021 08:11:44.681 GMT+0200,163.697,163.644,0.0135,0.022
21.09.2021 08:11:44.884 GMT+0200,163.66299999999998,163.618,0.0135,0.022
21.09.2021 08:11:46.819 GMT+0200,163.698,163.64700000000002,0.0135,0.022
21.09.2021 08:11:47.008 GMT+0200,163.665,163.613,0.0135,0.022
21.09.2021 08:13:12.858 GMT+0200,163.632,163.585,0.0135,0.022
21.09.2021 08:13:57.441 GMT+0200,163.603,163.55200000000002,0.0135,0.022
21.09.2021 08:14:03.444 GMT+0200,163.635,163.589,0.0135,0.022
21.09.2021 08:14:03.545 GMT+0200,163.6,163.554,0.0135,0.022
21.09.2021 08:14:03.823 GMT+0200,163.618,163.571,0.0135,0.022
21.09.2021 08:14:08.405 GMT+0200,163.635,163.589,0.0135,0.022
21.09.2021 08:14:27.260 GMT+0200,163.604,163.553,0.0135,0.022
21.09.2021 08:14:32.394 GMT+0200,163.633,163.586,0.0135,0.022
21.09.2021 08:14:42.015 GMT+0200,163.604,163.554,0.0135,0.022
21.09.2021 08:14:46.222 GMT+0200,163.631,163.589,0.0135,0.022
21.09.2021 08:14:46.437 GMT+0200,163.605,163.558,0.0135,0.022
21.09.2021 08:14:48.467 GMT+0200,163.634,163.583,0.0135,0.022
21.09.2021 08:14:55.165 GMT+0200,163.601,163.554,0.0135,0.022
21.09.2021 08:15:14.170 GMT+0200,163.631,163.585,0.0135,0.022
21.09.2021 08:15:18.097 GMT+0200,163.605,163.554,0.0135,0.022
21.09.2021 08:16:43.902 GMT+0200,163.636,163.584,0.0135,0.022
21.09.2021 08:17:00.870 GMT+0200,163.602,163.555,0.0135,0.022
21.09.2021 08:17:02.278 GMT+0200,163.635,163.586,0.0135,0.022
21.09.2021 08:17:02.470 GMT+0200,163.6,163.55200000000002,0.0135,0.022
21.09.2021 08:17:51.980 GMT+0200,163.566,163.52100000000002,0.0135,0.022
21.09.2021 08:17:52.081 GMT+0200,163.601,163.554,0.0135,0.022
21.09.2021 08:17:52.536 GMT+0200,163.569,163.524,0.0135,0.022
21.09.2021 08:17:53.029 GMT+0200,163.603,163.556,0.0135,0.022
21.09.2021 08:18:08.659 GMT+0200,163.57,163.519,0.0135,0.022
21.09.2021 08:18:35.808 GMT+0200,163.603,163.55200000000002,0.0135,0.022
21.09.2021 08:18:55.541 GMT+0200,163.573,163.52100000000002,0.0135,0.022
21.09.2021 08:20:20.705 GMT+0200,163.588,163.537,0.0135,0.022
21.09.2021 08:20:20.818 GMT+0200,163.603,163.55200000000002,0.0135,0.022
21.09.2021 08:20:21.142 GMT+0200,163.56799999999998,163.52100000000002,0.0135,0.022
21.09.2021 08:20:21.257 GMT+0200,163.601,163.55200000000002,0.0135,0.022
21.09.2021 08:21:00.090 GMT+0200,163.56799999999998,163.519,0.0135,0.022
21.09.2021 08:21:26.345 GMT+0200,163.601,163.55200000000002,0.0135,0.022
21.09.2021 08:21:27.298 GMT+0200,163.569,163.52200000000002,0.0135,0.022
21.09.2021 08:21:27.562 GMT+0200,163.6,163.556,0.0135,0.022
21.09.2021 08:21:35.661 GMT+0200,163.571,163.519,0.0135,0.022
21.09.2021 08:21:49.342 GMT+0200,163.605,163.554,0.0135,0.022
21.09.2021 08:21:49.679 GMT+0200,163.572,163.526,0.0135,0.022
21.09.2021 08:22:15.474 GMT+0200,163.601,163.555,0.0135,0.022
21.09.2021 08:22:29.755 GMT+0200,163.57,163.519,0.0135,0.022
21.09.2021 08:22:59.356 GMT+0200,163.602,163.558,0.0135,0.022
21.09.2021 08:23:02.348 GMT+0200,163.569,163.526,0.0135,0.022
21.09.2021 08:23:17.710 GMT+0200,163.604,163.556,0.0135,0.022
21.09.2021 08:23:20.177 GMT+0200,163.573,163.52200000000002,0.0135,0.022
21.09.2021 08:23:21.377 GMT+0200,163.6,163.554,0.0135,0.022
21.09.2021 08:23:21.613 GMT+0200,163.58700000000002,163.53799999999998,0.0135,0.022
21.09.2021 08:23:23.402 GMT+0200,163.6,163.558,0.0135,0.022
21.09.2021 08:23:58.901 GMT+0200,163.57,163.52,0.0135,0.022
21.09.2021 08:24:00.597 GMT+0200,163.601,163.558,0.0135,0.022
21.09.2021 08:24:03.089 GMT+0200,163.57,163.526,0.0135,0.022
21.09.2021 08:24:05.152 GMT+0200,163.602,163.55200000000002,0.0135,0.022
21.09.2021 08:24:18.785 GMT+0200,163.571,163.524,0.0135,0.022
21.09.2021 08:26:31.025 GMT+0200,163.53799999999998,163.488,0.0135,0.022
21.09.2021 08:27:27.627 GMT+0200,163.571,163.519,0.0135,0.022
21.09.2021 08:27:30.740 GMT+0200,163.55100000000002,163.505,0.0135,0.022
21.09.2021 08:27:30.858 GMT+0200,163.535,163.488,0.0135,0.022
21.09.2021 08:28:01.148 GMT+0200,163.572,163.526,0.0135,0.022
21.09.2021 08:28:01.757 GMT+0200,163.54,163.489,0.0135,0.022
21.09.2021 08:28:05.294 GMT+0200,163.571,163.519,0.0135,0.022
21.09.2021 08:28:07.234 GMT+0200,163.53799999999998,163.488,0.0135,0.022
21.09.2021 08:28:09.107 GMT+0200,163.573,163.523,0.0135,0.022
21.09.2021 08:29:01.520 GMT+0200,163.59799999999998,163.558,0.0135,0.022
21.09.2021 08:29:01.763 GMT+0200,163.57,163.52,0.0135,0.022
21.09.2021 08:29:35.718 GMT+0200,163.601,163.55200000000002,0.0135,0.022
21.09.2021 08:30:05.091 GMT+0200,163.634,163.58700000000002,0.0135,0.022
21.09.2021 08:30:05.490 GMT+0200,163.601,163.555,0.0135,0.022
21.09.2021 08:30:06.109 GMT+0200,163.634,163.585,0.0135,0.022
21.09.2021 08:30:07.433 GMT+0200,163.613,163.571,0.0135,0.022
21.09.2021 08:30:07.794 GMT+0200,163.605,163.558,0.0135,0.022
21.09.2021 08:30:38.878 GMT+0200,163.569,163.526,0.0135,0.022
21.09.2021 08:33:12.755 GMT+0200,163.603,163.556,0.0135,0.022
21.09.2021 08:33:27.694 GMT+0200,163.57,163.52200000000002,0.0135,0.022
21.09.2021 08:33:31.724 GMT+0200,163.602,163.556,0.0135,0.022
21.09.2021 08:33:55.741 GMT+0200,163.573,163.526,0.0135,0.022
21.09.2021 08:34:23.364 GMT+0200,163.542,163.49200000000002,0.0135,0.022
21.09.2021 08:35:02.695 GMT+0200,163.504,163.45700000000002,0.0137,0.0217
21.09.2021 08:35:44.695 GMT+0200,163.478,163.429,0.0137,0.0217
21.09.2021 08:35:44.841 GMT+0200,163.511,163.46200000000002,0.0137,0.0217
21.09.2021 08:35:54.607 GMT+0200,163.475,163.42700000000002,0.0137,0.0217
21.09.2021 08:35:54.745 GMT+0200,163.511,163.464,0.0137,0.0217
21.09.2021 08:36:19.597 GMT+0200,163.47299999999998,163.429,0.0137,0.0217
21.09.2021 08:36:21.536 GMT+0200,163.509,163.46,0.0137,0.0217
21.09.2021 08:36:26.609 GMT+0200,163.479,163.429,0.0137,0.0217
21.09.2021 08:36:26.829 GMT+0200,163.506,163.46200000000002,0.0137,0.0217
21.09.2021 08:36:33.002 GMT+0200,163.48,163.42600000000002,0.0137,0.0217
21.09.2021 08:36:33.369 GMT+0200,163.506,163.458,0.0137,0.0217
21.09.2021 08:37:30.406 GMT+0200,163.475,163.42600000000002,0.0137,0.0217
21.09.2021 08:37:34.395 GMT+0200,163.508,163.464,0.0137,0.0217
21.09.2021 08:39:10.493 GMT+0200,163.479,163.433,0.0137,0.0217
21.09.2021 08:39:10.594 GMT+0200,163.445,163.399,0.0137,0.0217
21.09.2021 08:39:11.735 GMT+0200,163.479,163.431,0.0137,0.0217
21.09.2021 08:39:55.870 GMT+0200,163.511,163.46200000000002,0.0137,0.0217
21.09.2021 08:40:01.716 GMT+0200,163.475,163.42700000000002,0.0137,0.0217
21.09.2021 08:40:07.134 GMT+0200,163.504,163.45700000000002,0.0137,0.0217
21.09.2021 08:41:05.031 GMT+0200,163.535,163.49,0.0137,0.0217
21.09.2021 08:41:05.182 GMT+0200,163.506,163.464,0.0137,0.0217
21.09.2021 08:41:13.183 GMT+0200,163.53799999999998,163.489,0.0137,0.0217
21.09.2021 08:41:14.017 GMT+0200,163.504,163.458,0.0137,0.0217
21.09.2021 08:41:21.842 GMT+0200,163.541,163.488,0.0137,0.0217
21.09.2021 08:41:21.943 GMT+0200,163.506,163.45700000000002,0.0137,0.0217
21.09.2021 08:41:30.194 GMT+0200,163.542,163.495,0.0137,0.0217
21.09.2021 08:41:31.241 GMT+0200,163.509,163.46200000000002,0.0137,0.0217
21.09.2021 08:41:31.677 GMT+0200,163.535,163.49,0.0137,0.0217
21.09.2021 08:42:02.360 GMT+0200,163.508,163.46200000000002,0.0137,0.0217
21.09.2021 08:42:07.300 GMT+0200,163.539,163.495,0.0137,0.0217
21.09.2021 08:42:19.548 GMT+0200,163.55100000000002,163.506,0.0137,0.0217
21.09.2021 08:42:20.039 GMT+0200,163.542,163.49200000000002,0.0137,0.0217
21.09.2021 08:42:22.580 GMT+0200,163.569,163.524,0.0137,0.0217
21.09.2021 08:42:22.779 GMT+0200,163.53799999999998,163.49200000000002,0.0137,0.0217
21.09.2021 08:42:25.570 GMT+0200,163.555,163.508,0.0137,0.0217
21.09.2021 08:42:25.684 GMT+0200,163.537,163.489,0.0137,0.0217
21.09.2021 08:42:26.035 GMT+0200,163.566,163.52100000000002,0.0137,0.0217
21.09.2021 08:42:31.512 GMT+0200,163.541,163.493,0.0137,0.0217
21.09.2021 08:43:20.039 GMT+0200,163.506,163.458,0.0137,0.0217
21.09.2021 08:43:22.429 GMT+0200,163.541,163.493,0.0137,0.0217
21.09.2021 08:43:23.864 GMT+0200,163.506,163.46,0.0137,0.0217
21.09.2021 08:43:26.165 GMT+0200,163.539,163.489,0.0137,0.0217
21.09.2021 08:43:26.339 GMT+0200,163.51,163.46,0.0137,0.0217
21.09.2021 08:43:26.745 GMT+0200,163.524,163.48,0.0137,0.0217
21.09.2021 08:43:26.852 GMT+0200,163.541,163.488,0.0137,0.0217
21.09.2021 08:43:36.452 GMT+0200,163.511,163.461,0.0137,0.0217
21.09.2021 08:43:38.462 GMT+0200,163.54,163.488,0.0137,0.0217
21.09.2021 08:46:12.222 GMT+0200,163.566,163.519,0.0137,0.0217
21.09.2021 08:46:17.201 GMT+0200,163.541,163.49,0.0137,0.0217
21.09.2021 08:46:26.420 GMT+0200,163.566,163.52200000000002,0.0137,0.0217
21.09.2021 08:46:57.813 GMT+0200,163.53799999999998,163.493,0.0137,0.0217
21.09.2021 08:47:02.816 GMT+0200,163.573,163.526,0.0137,0.0217
21.09.2021 08:47:05.382 GMT+0200,163.54,163.491,0.0137,0.0217
21.09.2021 08:47:05.543 GMT+0200,163.56799999999998,163.519,0.0137,0.0217
21.09.2021 08:47:16.072 GMT+0200,163.535,163.491,0.0137,0.0217
21.09.2021 08:47:16.173 GMT+0200,163.572,163.523,0.0137,0.0217
21.09.2021 08:47:39.401 GMT+0200,163.54,163.49200000000002,0.0137,0.0217
21.09.2021 08:47:44.071 GMT+0200,163.56799999999998,163.52200000000002,0.0137,0.0217
21.09.2021 08:47:50.963 GMT+0200,163.542,163.49200000000002,0.0137,0.0217
21.09.2021 08:48:46.995 GMT+0200,163.566,163.524,0.0137,0.0217
21.09.2021 08:48:56.119 GMT+0200,163.535,163.49,0.0137,0.0217
21.09.2021 08:49:18.741 GMT+0200,163.553,163.505,0.0137,0.0217
21.09.2021 08:49:18.876 GMT+0200,163.569,163.52200000000002,0.0137,0.0217
21.09.2021 08:49:24.901 GMT+0200,163.553,163.508,0.0137,0.0217
21.09.2021 08:49:25.102 GMT+0200,163.535,163.495,0.0137,0.0217
21.09.2021 08:50:14.696 GMT+0200,163.56799999999998,163.526,0.0137,0.0217
21.09.2021 08:50:15.787 GMT+0200,163.54,163.49,0.0137,0.0217
21.09.2021 08:50:22.845 GMT+0200,163.569,163.519,0.0137,0.0217
21.09.2021 08:50:22.947 GMT+0200,163.53799999999998,163.49,0.0137,0.0217
21.09.2021 08:50:24.582 GMT+0200,163.566,163.524,0.0137,0.0217
21.09.2021 08:50:38.080 GMT+0200,163.53799999999998,163.488,0.0137,0.0217
21.09.2021 08:51:09.922 GMT+0200,163.508,163.464,0.0137,0.0217
21.09.2021 08:51:26.152 GMT+0200,163.539,163.493,0.0137,0.0217
21.09.2021 08:53:05.409 GMT+0200,163.51,163.46,0.0137,0.0217
21.09.2021 08:53:41.768 GMT+0200,163.477,163.431,0.0137,0.0217
21.09.2021 08:54:43.458 GMT+0200,163.448,163.398,0.0137,0.0217
21.09.2021 08:54:43.737 GMT+0200,163.477,163.43,0.0137,0.0217
21.09.2021 08:55:38.163 GMT+0200,163.447,163.395,0.0137,0.0217
21.09.2021 08:57:11.533 GMT+0200,163.476,163.428,0.0137,0.0217
21.09.2021 08:57:14.765 GMT+0200,163.448,163.401,0.0137,0.0217
21.09.2021 08:57:16.506 GMT+0200,163.46200000000002,163.417,0.0137,0.0217
21.09.2021 08:57:21.529 GMT+0200,163.479,163.42600000000002,0.0137,0.0217
21.09.2021 08:58:00.261 GMT+0200,163.463,163.412,0.0137,0.0217
21.09.2021 08:58:00.412 GMT+0200,163.447,163.401,0.0137,0.0217
21.09.2021 08:58:12.211 GMT+0200,163.476,163.42700000000002,0.0137,0.0217
21.09.2021 08:59:45.341 GMT+0200,163.44299999999998,163.399,0.0137,0.0217
21.09.2021 08:59:46.077 GMT+0200,163.48,163.428,0.0137,0.0217
21.09.2021 08:59:46.359 GMT+0200,163.446,163.394,0.0137,0.0217
21.09.2021 08:59:46.482 GMT+0200,163.478,163.429,0.0137,0.0217
21.09.2021 08:59:56.812 GMT+0200,163.446,163.395,0.0137,0.0217
21.09.2021 09:00:00.078 GMT+0200,163.476,163.428,0.0137,0.0217
21.09.2021 09:00:00.217 GMT+0200,163.45700000000002,163.414,0.0137,0.0217
21.09.2021 09:00:00.356 GMT+0200,163.47299999999998,163.43,0.0137,0.0217
21.09.2021 09:00:00.538 GMT+0200,163.446,163.395,0.0137,0.0217
21.09.2021 09:00:01.346 GMT+0200,163.477,163.42700000000002,0.0137,0.0217
21.09.2021 09:00:02.582 GMT+0200,163.441,163.399,0.0137,0.0217
21.09.2021 09:00:04.439 GMT+0200,163.415,163.37,0.0137,0.0217
21.09.2021 09:00:05.854 GMT+0200,163.446,163.39700000000002,0.0137,0.0217
21.09.2021 09:00:12.007 GMT+0200,163.478,163.428,0.0137,0.0217
21.09.2021 09:00:12.188 GMT+0200,163.448,163.394,0.0137,0.0217
21.09.2021 09:00:12.438 GMT+0200,163.477,163.43,0.0137,0.0217
21.09.2021 09:00:16.446 GMT+0200,163.44299999999998,163.394,0.0137,0.0217
21.09.2021 09:00:27.336 GMT+0200,163.412,163.366,0.0137,0.0217
21.09.2021 09:00:30.916 GMT+0200,163.448,163.399,0.0137,0.0217
21.09.2021 09:00:31.852 GMT+0200,163.41299999999998,163.368,0.0137,0.0217
21.09.2021 09:00:42.217 GMT+0200,163.382,163.335,0.0137,0.0217
21.09.2021 09:00:48.795 GMT+0200,163.416,163.363,0.0137,0.0217
21.09.2021 09:00:55.155 GMT+0200,163.386,163.334,0.0137,0.0217
21.09.2021 09:00:57.135 GMT+0200,163.416,163.364,0.0137,0.0217
21.09.2021 09:01:21.382 GMT+0200,163.381,163.33200000000002,0.0137,0.0217
21.09.2021 09:01:21.518 GMT+0200,163.417,163.363,0.0137,0.0217
21.09.2021 09:01:23.463 GMT+0200,163.384,163.333,0.0137,0.0217
21.09.2021 09:01:26.949 GMT+0200,163.414,163.364,0.0137,0.0217
21.09.2021 09:01:33.589 GMT+0200,163.384,163.333,0.0137,0.0217
21.09.2021 09:01:33.781 GMT+0200,163.416,163.366,0.0137,0.0217
21.09.2021 09:01:34.061 GMT+0200,163.382,163.335,0.0137,0.0217
21.09.2021 09:01:39.246 GMT+0200,163.41299999999998,163.363,0.0137,0.0217
21.09.2021 09:01:40.095 GMT+0200,163.386,163.33200000000002,0.0137,0.0217
21.09.2021 09:01:40.333 GMT+0200,163.415,163.368,0.0137,0.0217
21.09.2021 09:01:41.491 GMT+0200,163.386,163.335,0.0137,0.0217
21.09.2021 09:01:46.021 GMT+0200,163.415,163.37,0.0137,0.0217
21.09.2021 09:01:46.275 GMT+0200,163.385,163.339,0.0137,0.0217
21.09.2021 09:01:46.605 GMT+0200,163.41299999999998,163.365,0.0137,0.0217
21.09.2021 09:02:51.519 GMT+0200,163.444,163.401,0.0137,0.0217
21.09.2021 09:02:51.640 GMT+0200,163.412,163.368,0.0137,0.0217
21.09.2021 09:03:00.394 GMT+0200,163.447,163.394,0.0137,0.0217
21.09.2021 09:03:00.603 GMT+0200,163.412,163.364,0.0137,0.0217
21.09.2021 09:03:01.011 GMT+0200,163.448,163.399,0.0137,0.0217
21.09.2021 09:03:01.264 GMT+0200,163.429,163.381,0.0137,0.0217
21.09.2021 09:03:01.595 GMT+0200,163.446,163.394,0.0137,0.0217
21.09.2021 09:03:02.852 GMT+0200,163.41299999999998,163.36700000000002,0.0137,0.0217
21.09.2021 09:03:03.195 GMT+0200,163.445,163.398,0.0137,0.0217
21.09.2021 09:03:03.457 GMT+0200,163.416,163.365,0.0137,0.0217
21.09.2021 09:03:03.788 GMT+0200,163.44299999999998,163.401,0.0137,0.0217
21.09.2021 09:03:04.385 GMT+0200,163.416,163.37,0.0137,0.0217
21.09.2021 09:03:09.383 GMT+0200,163.445,163.394,0.0137,0.0217
21.09.2021 09:03:10.838 GMT+0200,163.41299999999998,163.364,0.0137,0.0217
21.09.2021 09:03:11.118 GMT+0200,163.444,163.39600000000002,0.0137,0.0217
21.09.2021 09:03:33.334 GMT+0200,163.479,163.428,0.0137,0.0217
21.09.2021 09:03:36.226 GMT+0200,163.445,163.394,0.0137,0.0217
21.09.2021 09:04:19.836 GMT+0200,163.478,163.42700000000002,0.0137,0.0217
21.09.2021 09:04:44.906 GMT+0200,163.51,163.46,0.0137,0.0217
21.09.2021 09:04:49.987 GMT+0200,163.479,163.433,0.0137,0.0217
21.09.2021 09:05:00.888 GMT+0200,163.504,163.464,0.0137,0.0217
21.09.2021 09:05:01.055 GMT+0200,163.478,163.43,0.0137,0.0217
21.09.2021 09:05:16.014 GMT+0200,163.441,163.394,0.0137,0.0217
21.09.2021 09:05:16.173 GMT+0200,163.477,163.431,0.0137,0.0217
21.09.2021 09:05:16.884 GMT+0200,163.444,163.398,0.0137,0.0217
21.09.2021 09:05:17.355 GMT+0200,163.479,163.433,0.0137,0.0217
21.09.2021 09:05:21.435 GMT+0200,163.446,163.39600000000002,0.0137,0.0217
21.09.2021 09:05:21.567 GMT+0200,163.48,163.433,0.0137,0.0217
21.09.2021 09:06:22.231 GMT+0200,163.447,163.39700000000002,0.0137,0.0217
21.09.2021 09:06:51.784 GMT+0200,163.417,163.364,0.0137,0.0217
21.09.2021 09:06:51.968 GMT+0200,163.446,163.39700000000002,0.0137,0.0217
21.09.2021 09:06:57.693 GMT+0200,163.41299999999998,163.36700000000002,0.0137,0.0217
21.09.2021 09:06:57.910 GMT+0200,163.447,163.399,0.0137,0.0217
21.09.2021 09:07:12.859 GMT+0200,163.417,163.365,0.0137,0.0217
21.09.2021 09:10:01.569 GMT+0200,163.383,163.336,0.0137,0.0217
21.09.2021 09:10:06.365 GMT+0200,163.417,163.363,0.0137,0.0217
21.09.2021 09:10:06.581 GMT+0200,163.399,163.349,0.0137,0.0217
21.09.2021 09:10:06.808 GMT+0200,163.416,163.37,0.0137,0.0217
21.09.2021 09:10:07.000 GMT+0200,163.382,163.333,0.0137,0.0217
21.09.2021 09:10:07.110 GMT+0200,163.414,163.365,0.0137,0.0217
21.09.2021 09:10:11.810 GMT+0200,163.384,163.334,0.0137,0.0217
21.09.2021 09:10:12.012 GMT+0200,163.414,163.363,0.0137,0.0217
21.09.2021 09:11:27.054 GMT+0200,163.444,163.401,0.0137,0.0217
21.09.2021 09:11:27.270 GMT+0200,163.41,163.368,0.0137,0.0217
21.09.2021 09:11:56.231 GMT+0200,163.44299999999998,163.394,0.0137,0.0217
21.09.2021 09:11:56.333 GMT+0200,163.41,163.36700000000002,0.0137,0.0217
21.09.2021 09:12:31.235 GMT+0200,163.386,163.335,0.0137,0.0217
21.09.2021 09:12:36.755 GMT+0200,163.414,163.366,0.0137,0.0217
21.09.2021 09:12:36.934 GMT+0200,163.382,163.336,0.0137,0.0217
21.09.2021 09:13:04.458 GMT+0200,163.41299999999998,163.363,0.0137,0.0217
21.09.2021 09:13:07.844 GMT+0200,163.383,163.336,0.0137,0.0217
21.09.2021 09:13:41.163 GMT+0200,163.34799999999998,163.303,0.0137,0.0217
21.09.2021 09:13:42.575 GMT+0200,163.383,163.33200000000002,0.0137,0.0217
21.09.2021 09:13:43.068 GMT+0200,163.353,163.303,0.0137,0.0217
21.09.2021 09:13:43.661 GMT+0200,163.386,163.334,0.0137,0.0217
21.09.2021 09:13:44.063 GMT+0200,163.34799999999998,163.305,0.0137,0.0217
21.09.2021 09:13:44.256 GMT+0200,163.382,163.339,0.0137,0.0217
21.09.2021 09:13:49.636 GMT+0200,163.351,163.303,0.0137,0.0217
21.09.2021 09:13:50.141 GMT+0200,163.379,163.334,0.0137,0.0217
21.09.2021 09:13:53.292 GMT+0200,163.363,163.323,0.0137,0.0217
21.09.2021 09:13:54.485 GMT+0200,163.35,163.305,0.0137,0.0217
21.09.2021 09:13:58.728 GMT+0200,163.365,163.316,0.0137,0.0217
21.09.2021 09:13:59.892 GMT+0200,163.385,163.333,0.0137,0.0217
21.09.2021 09:14:14.745 GMT+0200,163.354,163.30100000000002,0.0137,0.0217
21.09.2021 09:14:14.954 GMT+0200,163.384,163.335,0.0137,0.0217
21.09.2021 09:14:16.575 GMT+0200,163.352,163.308,0.0137,0.0217
21.09.2021 09:14:18.858 GMT+0200,163.385,163.335,0.0137,0.0217
21.09.2021 09:14:18.969 GMT+0200,163.37,163.32,0.0137,0.0217
21.09.2021 09:14:19.102 GMT+0200,163.35,163.306,0.0137,0.0217
21.09.2021 09:14:20.096 GMT+0200,163.385,163.33700000000002,0.0137,0.0217
21.09.2021 09:15:22.685 GMT+0200,163.34799999999998,163.305,0.0137,0.0217
21.09.2021 09:15:48.104 GMT+0200,163.339,163.29,0.0137,0.0217
21.09.2021 09:15:48.385 GMT+0200,163.32,163.273,0.0137,0.0217
21.09.2021 09:15:48.841 GMT+0200,163.351,163.308,0.0137,0.0217
21.09.2021 09:15:49.972 GMT+0200,163.322,163.27100000000002,0.0137,0.0217
21.09.2021 09:16:03.332 GMT+0200,163.29,163.24,0.0137,0.0217
21.09.2021 09:16:03.570 GMT+0200,163.319,163.274,0.0137,0.0217
21.09.2021 09:16:12.581 GMT+0200,163.285,163.24,0.0137,0.0217
21.09.2021 09:16:15.620 GMT+0200,163.31799999999998,163.274,0.0137,0.0217
21.09.2021 09:16:15.758 GMT+0200,163.303,163.255,0.0137,0.0217
21.09.2021 09:16:15.880 GMT+0200,163.289,163.243,0.0137,0.0217
21.09.2021 09:16:16.115 GMT+0200,163.321,163.276,0.0137,0.0217
21.09.2021 09:16:18.172 GMT+0200,163.285,163.24,0.0137,0.0217
21.09.2021 09:16:18.447 GMT+0200,163.323,163.27,0.0137,0.0217
21.09.2021 09:16:20.886 GMT+0200,163.287,163.241,0.0137,0.0217
21.09.2021 09:16:22.631 GMT+0200,163.322,163.273,0.0137,0.0217
21.09.2021 09:16:52.762 GMT+0200,163.34799999999998,163.303,0.0137,0.0217
21.09.2021 09:17:10.241 GMT+0200,163.32,163.274,0.0137,0.0217
21.09.2021 09:17:16.463 GMT+0200,163.353,163.308,0.0137,0.0217
21.09.2021 09:17:16.582 GMT+0200,163.323,163.276,0.0137,0.0217
21.09.2021 09:17:16.799 GMT+0200,163.35,163.305,0.0137,0.0217
21.09.2021 09:17:17.340 GMT+0200,163.319,163.269,0.0137,0.0217
21.09.2021 09:17:20.840 GMT+0200,163.353,163.303,0.0137,0.0217
21.09.2021 09:17:21.239 GMT+0200,163.31799999999998,163.27,0.0137,0.0217
21.09.2021 09:17:23.460 GMT+0200,163.35,163.305,0.0137,0.0217
21.09.2021 09:17:25.849 GMT+0200,163.338,163.286,0.0137,0.0217
21.09.2021 09:17:26.643 GMT+0200,163.353,163.303,0.0137,0.0217
21.09.2021 09:17:32.717 GMT+0200,163.321,163.276,0.0137,0.0217
21.09.2021 09:17:36.077 GMT+0200,163.34799999999998,163.305,0.0137,0.0217
21.09.2021 09:17:39.965 GMT+0200,163.322,163.273,0.0137,0.0217
21.09.2021 09:19:18.951 GMT+0200,163.285,163.245,0.0137,0.0217
21.09.2021 09:19:19.052 GMT+0200,163.32,163.27100000000002,0.0137,0.0217
21.09.2021 09:19:19.188 GMT+0200,163.285,163.245,0.0137,0.0217
21.09.2021 09:20:16.008 GMT+0200,163.258,163.208,0.0137,0.0217
21.09.2021 09:21:50.666 GMT+0200,163.291,163.24200000000002,0.0137,0.0217
21.09.2021 09:23:13.336 GMT+0200,163.258,163.208,0.0137,0.0217
21.09.2021 09:23:35.295 GMT+0200,163.287,163.24200000000002,0.0137,0.0217
21.09.2021 09:23:36.113 GMT+0200,163.256,163.20700000000002,0.0137,0.0217
21.09.2021 09:23:36.510 GMT+0200,163.29,163.238,0.0137,0.0217
21.09.2021 09:23:57.355 GMT+0200,163.256,163.208,0.0137,0.0217
21.09.2021 09:23:57.487 GMT+0200,163.289,163.239,0.0137,0.0217
21.09.2021 09:24:00.203 GMT+0200,163.259,163.21200000000002,0.0137,0.0217
21.09.2021 09:24:00.656 GMT+0200,163.287,163.239,0.0137,0.0217
21.09.2021 09:24:00.988 GMT+0200,163.254,163.211,0.0137,0.0217
21.09.2021 09:24:54.863 GMT+0200,163.28799999999998,163.245,0.0137,0.0217
21.09.2021 09:24:55.233 GMT+0200,163.274,163.224,0.0137,0.0217
21.09.2021 09:24:55.822 GMT+0200,163.289,163.238,0.0137,0.0217
21.09.2021 09:25:59.169 GMT+0200,163.321,163.276,0.0137,0.0217
21.09.2021 09:25:59.448 GMT+0200,163.28799999999998,163.239,0.0137,0.0217
21.09.2021 09:26:03.574 GMT+0200,163.32,163.274,0.0137,0.0217
21.09.2021 09:26:16.205 GMT+0200,163.29,163.245,0.0137,0.0217
21.09.2021 09:26:17.713 GMT+0200,163.32,163.274,0.0137,0.0217
21.09.2021 09:27:37.018 GMT+0200,163.355,163.308,0.0137,0.0217
21.09.2021 09:27:44.172 GMT+0200,163.323,163.27100000000002,0.0137,0.0217
21.09.2021 09:27:44.697 GMT+0200,163.35,163.30100000000002,0.0137,0.0217
21.09.2021 09:27:48.814 GMT+0200,163.32,163.27,0.0137,0.0217
21.09.2021 09:28:13.856 GMT+0200,163.34799999999998,163.306,0.0137,0.0217
21.09.2021 09:28:25.254 GMT+0200,163.322,163.27200000000002,0.0137,0.0217
21.09.2021 09:28:26.101 GMT+0200,163.35,163.306,0.0137,0.0217
21.09.2021 09:28:26.349 GMT+0200,163.323,163.27100000000002,0.0137,0.0217
21.09.2021 09:30:15.713 GMT+0200,163.35,163.30100000000002,0.0137,0.0217
21.09.2021 09:30:24.843 GMT+0200,163.32,163.269,0.0137,0.0217
21.09.2021 09:30:25.186 GMT+0200,163.354,163.308,0.0137,0.0217
21.09.2021 09:30:26.924 GMT+0200,163.323,163.27,0.0137,0.0217
21.09.2021 09:30:27.217 GMT+0200,163.352,163.304,0.0137,0.0217
21.09.2021 09:30:30.684 GMT+0200,163.322,163.276,0.0137,0.0217
21.09.2021 09:30:32.503 GMT+0200,163.353,163.303,0.0137,0.0217
21.09.2021 09:30:35.677 GMT+0200,163.321,163.27200000000002,0.0137,0.0217
21.09.2021 09:30:36.920 GMT+0200,163.352,163.306,0.0137,0.0217
21.09.2021 09:31:03.794 GMT+0200,163.32,163.27200000000002,0.0137,0.0217
21.09.2021 09:31:05.669 GMT+0200,163.34799999999998,163.308,0.0137,0.0217
21.09.2021 09:32:18.862 GMT+0200,163.381,163.33200000000002,0.0137,0.0217
21.09.2021 09:32:19.093 GMT+0200,163.352,163.303,0.0137,0.0217
21.09.2021 09:32:37.697 GMT+0200,163.321,163.273,0.0137,0.0217
21.09.2021 09:32:37.821 GMT+0200,163.35,163.30200000000002,0.0137,0.0217
21.09.2021 09:32:37.980 GMT+0200,163.31799999999998,163.27,0.0137,0.0217
21.09.2021 09:32:56.548 GMT+0200,163.292,163.24200000000002,0.0137,0.0217
21.09.2021 09:32:56.728 GMT+0200,163.323,163.269,0.0137,0.0217
21.09.2021 09:33:00.935 GMT+0200,163.291,163.239,0.0137,0.0217
21.09.2021 09:33:14.202 GMT+0200,163.259,163.208,0.0137,0.0217
21.09.2021 09:33:14.368 GMT+0200,163.29,163.243,0.0137,0.0217
21.09.2021 09:33:15.363 GMT+0200,163.26,163.21,0.0137,0.0217
21.09.2021 09:33:17.153 GMT+0200,163.29,163.241,0.0137,0.0217
21.09.2021 09:33:17.728 GMT+0200,163.256,163.214,0.0137,0.0217
21.09.2021 09:33:27.921 GMT+0200,163.29,163.245,0.0137,0.0217
21.09.2021 09:34:00.697 GMT+0200,163.27700000000002,163.228,0.0137,0.0217
21.09.2021 09:34:00.854 GMT+0200,163.254,163.20700000000002,0.0137,0.0217
21.09.2021 09:34:01.213 GMT+0200,163.291,163.241,0.0137,0.0217
21.09.2021 09:34:02.915 GMT+0200,163.259,163.208,0.0137,0.0217
21.09.2021 09:34:52.645 GMT+0200,163.225,163.179,0.0137,0.0217
21.09.2021 09:34:52.924 GMT+0200,163.259,163.211,0.0137,0.0217
21.09.2021 09:35:01.556 GMT+0200,163.28799999999998,163.24200000000002,0.0137,0.0217
21.09.2021 09:35:52.062 GMT+0200,163.319,163.276,0.0137,0.0217
21.09.2021 09:37:46.469 GMT+0200,163.291,163.245,0.0137,0.0217
21.09.2021 09:38:09.327 GMT+0200,163.323,163.276,0.0137,0.0217
21.09.2021 09:38:14.356 GMT+0200,163.287,163.245,0.0137,0.0217
21.09.2021 09:38:28.741 GMT+0200,163.323,163.269,0.0137,0.0217
21.09.2021 09:38:29.773 GMT+0200,163.289,163.245,0.0137,0.0217
21.09.2021 09:39:01.694 GMT+0200,163.31799999999998,163.27100000000002,0.0137,0.0217
21.09.2021 09:39:06.318 GMT+0200,163.285,163.245,0.0137,0.0217
21.09.2021 09:40:16.436 GMT+0200,163.257,163.209,0.0137,0.0217
21.09.2021 09:40:19.175 GMT+0200,163.291,163.24,0.0137,0.0217
21.09.2021 09:40:28.078 GMT+0200,163.259,163.21,0.0137,0.0217
21.09.2021 09:40:28.402 GMT+0200,163.287,163.245,0.0137,0.0217
21.09.2021 09:40:28.682 GMT+0200,163.256,163.21,0.0137,0.0217
21.09.2021 09:40:28.999 GMT+0200,163.28799999999998,163.24200000000002,0.0137,0.0217
21.09.2021 09:40:29.294 GMT+0200,163.257,163.21,0.0137,0.0217
21.09.2021 09:40:31.383 GMT+0200,163.289,163.239,0.0137,0.0217
21.09.2021 09:41:22.986 GMT+0200,163.254,163.209,0.0137,0.0217
21.09.2021 09:41:23.875 GMT+0200,163.285,163.24200000000002,0.0137,0.0217
21.09.2021 09:41:24.149 GMT+0200,163.261,163.209,0.0137,0.0217
21.09.2021 09:41:39.433 GMT+0200,163.287,163.24200000000002,0.0137,0.0217
21.09.2021 09:41:39.661 GMT+0200,163.258,163.20700000000002,0.0137,0.0217
21.09.2021 09:41:57.538 GMT+0200,163.289,163.24,0.0137,0.0217
21.09.2021 09:42:04.388 GMT+0200,163.261,163.21,0.0137,0.0217
21.09.2021 09:42:05.594 GMT+0200,163.285,163.243,0.0137,0.0217
21.09.2021 09:42:07.612 GMT+0200,163.259,163.209,0.0137,0.0217
21.09.2021 09:42:07.754 GMT+0200,163.287,163.245,0.0137,0.0217
21.09.2021 09:42:09.844 GMT+0200,163.256,163.211,0.0137,0.0217
21.09.2021 09:43:02.235 GMT+0200,163.22299999999998,163.179,0.0137,0.0217
21.09.2021 09:43:02.515 GMT+0200,163.256,163.214,0.0137,0.0217
21.09.2021 09:43:02.913 GMT+0200,163.23,163.17600000000002,0.0137,0.0217
21.09.2021 09:43:03.174 GMT+0200,163.254,163.208,0.0137,0.0217
21.09.2021 09:43:06.630 GMT+0200,163.23,163.18,0.0137,0.0217
21.09.2021 09:43:06.864 GMT+0200,163.256,163.214,0.0137,0.0217
21.09.2021 09:44:29.717 GMT+0200,163.225,163.179,0.0137,0.0217
21.09.2021 09:44:42.363 GMT+0200,163.198,163.145,0.0137,0.0217
21.09.2021 09:44:42.539 GMT+0200,163.226,163.178,0.0137,0.0217
21.09.2021 09:44:48.616 GMT+0200,163.191,163.144,0.0137,0.0217
21.09.2021 09:44:48.717 GMT+0200,163.22299999999998,163.183,0.0137,0.0217
21.09.2021 09:45:45.753 GMT+0200,163.195,163.14700000000002,0.0137,0.0217
21.09.2021 09:45:45.921 GMT+0200,163.228,163.18,0.0137,0.0217
21.09.2021 09:46:35.631 GMT+0200,163.257,163.20700000000002,0.0137,0.0217
21.09.2021 09:46:35.929 GMT+0200,163.228,163.179,0.0137,0.0217
21.09.2021 09:46:51.842 GMT+0200,163.256,163.211,0.0137,0.0217
21.09.2021 09:48:07.917 GMT+0200,163.285,163.245,0.0137,0.0217
21.09.2021 09:48:08.197 GMT+0200,163.257,163.214,0.0137,0.0217
21.09.2021 09:48:09.391 GMT+0200,163.289,163.243,0.0137,0.0217
21.09.2021 09:48:10.077 GMT+0200,163.258,163.21200000000002,0.0137,0.0217
21.09.2021 09:48:10.178 GMT+0200,163.291,163.243,0.0137,0.0217
21.09.2021 09:48:16.002 GMT+0200,163.257,163.208,0.0137,0.0217
21.09.2021 09:48:20.652 GMT+0200,163.287,163.243,0.0137,0.0217
21.09.2021 09:48:21.119 GMT+0200,163.254,163.209,0.0137,0.0217
21.09.2021 09:48:28.051 GMT+0200,163.27,163.227,0.0137,0.0217
21.09.2021 09:48:30.221 GMT+0200,163.292,163.24,0.0137,0.0217
21.09.2021 09:48:38.790 GMT+0200,163.276,163.23,0.0137,0.0217
21.09.2021 09:48:38.943 GMT+0200,163.285,163.245,0.0137,0.0217
21.09.2021 09:48:40.745 GMT+0200,163.26,163.20700000000002,0.0137,0.0217
21.09.2021 09:48:42.165 GMT+0200,163.276,163.224,0.0137,0.0217
21.09.2021 09:48:42.316 GMT+0200,163.291,163.241,0.0137,0.0217
21.09.2021 09:48:42.702 GMT+0200,163.259,163.209,0.0137,0.0217
21.09.2021 09:48:46.969 GMT+0200,163.291,163.245,0.0137,0.0217
21.09.2021 09:48:48.183 GMT+0200,163.256,163.214,0.0137,0.0217
21.09.2021 09:48:53.169 GMT+0200,163.291,163.243,0.0137,0.0217
21.09.2021 09:49:00.416 GMT+0200,163.261,163.21,0.0137,0.0217
21.09.2021 09:49:05.103 GMT+0200,163.285,163.24200000000002,0.0137,0.0217
21.09.2021 09:50:16.493 GMT+0200,163.256,163.21200000000002,0.0137,0.0217
21.09.2021 09:50:32.267 GMT+0200,163.292,163.24200000000002,0.0137,0.0217
21.09.2021 09:50:39.358 GMT+0200,163.254,163.20700000000002,0.0137,0.0217
21.09.2021 09:50:48.719 GMT+0200,163.292,163.241,0.0137,0.0217
21.09.2021 09:50:54.053 GMT+0200,163.261,163.20700000000002,0.0137,0.0217
21.09.2021 09:51:18.991 GMT+0200,163.292,163.24200000000002,0.0137,0.0217
21.09.2021 09:53:53.590 GMT+0200,163.323,163.274,0.0137,0.0217
21.09.2021 09:54:02.537 GMT+0200,163.305,163.259,0.0137,0.0217
21.09.2021 09:54:02.697 GMT+0200,163.29,163.24200000000002,0.0137,0.0217
21.09.2021 09:54:17.138 GMT+0200,163.259,163.211,0.0137,0.0217
21.09.2021 09:54:36.727 GMT+0200,163.289,163.24200000000002,0.0137,0.0217
21.09.2021 09:55:45.171 GMT+0200,163.256,163.214,0.0137,0.0217
21.09.2021 09:56:43.097 GMT+0200,163.291,163.238,0.0137,0.0217
21.09.2021 09:56:47.520 GMT+0200,163.27200000000002,163.22299999999998,0.0137,0.0217
21.09.2021 09:56:47.800 GMT+0200,163.258,163.21,0.0137,0.0217
21.09.2021 09:57:14.850 GMT+0200,163.227,163.18,0.0137,0.0217
21.09.2021 09:57:14.951 GMT+0200,163.257,163.21,0.0137,0.0217
21.09.2021 09:59:24.890 GMT+0200,163.28799999999998,163.245,0.0137,0.0217
21.09.2021 09:59:28.342 GMT+0200,163.261,163.21,0.0137,0.0217
21.09.2021 09:59:35.665 GMT+0200,163.285,163.24200000000002,0.0137,0.0217
21.09.2021 09:59:35.768 GMT+0200,163.26,163.214,0.0137,0.0217
21.09.2021 09:59:37.526 GMT+0200,163.27200000000002,163.224,0.0137,0.0217
21.09.2021 09:59:37.676 GMT+0200,163.289,163.241,0.0137,0.0217
21.09.2021 09:59:38.320 GMT+0200,163.26,163.21200000000002,0.0137,0.0217
21.09.2021 09:59:47.100 GMT+0200,163.28799999999998,163.245,0.0137,0.0217
21.09.2021 09:59:47.362 GMT+0200,163.26,163.208,0.0137,0.0217
21.09.2021 10:00:10.628 GMT+0200,163.287,163.238,0.0137,0.0217
21.09.2021 10:00:36.483 GMT+0200,163.256,163.21,0.0137,0.0217
21.09.2021 10:00:39.517 GMT+0200,163.226,163.17700000000002,0.0137,0.0217
21.09.2021 10:00:39.721 GMT+0200,163.254,163.208,0.0137,0.0217
21.09.2021 10:00:40.650 GMT+0200,163.228,163.17700000000002,0.0137,0.0217
21.09.2021 10:00:40.859 GMT+0200,163.26,163.214,0.0137,0.0217
21.09.2021 10:00:56.554 GMT+0200,163.28799999999998,163.24,0.0137,0.0217
21.09.2021 10:01:24.639 GMT+0200,163.31799999999998,163.276,0.0137,0.0217
21.09.2021 10:03:50.864 GMT+0200,163.287,163.241,0.0137,0.0217
21.09.2021 10:03:51.016 GMT+0200,163.319,163.276,0.0137,0.0217
21.09.2021 10:04:00.658 GMT+0200,163.306,163.259,0.0137,0.0217
21.09.2021 10:04:00.858 GMT+0200,163.292,163.24200000000002,0.0137,0.0217
21.09.2021 10:04:14.074 GMT+0200,163.319,163.27,0.0137,0.0217
21.09.2021 10:06:01.804 GMT+0200,163.353,163.304,0.0137,0.0217
21.09.2021 10:06:03.468 GMT+0200,163.322,163.276,0.0137,0.0217
21.09.2021 10:06:25.903 GMT+0200,163.35,163.304,0.0137,0.0217
21.09.2021 10:06:26.681 GMT+0200,163.321,163.276,0.0137,0.0217
21.09.2021 10:06:31.446 GMT+0200,163.355,163.305,0.0137,0.0217
21.09.2021 10:06:31.795 GMT+0200,163.321,163.27100000000002,0.0137,0.0217
21.09.2021 10:06:34.077 GMT+0200,163.351,163.306,0.0137,0.0217
21.09.2021 10:06:51.980 GMT+0200,163.33700000000002,163.292,0.0137,0.0217
21.09.2021 10:06:52.107 GMT+0200,163.319,163.276,0.0137,0.0217
21.09.2021 10:06:56.601 GMT+0200,163.354,163.308,0.0137,0.0217
21.09.2021 10:06:57.775 GMT+0200,163.334,163.287,0.0137,0.0217
21.09.2021 10:06:57.921 GMT+0200,163.316,163.274,0.0137,0.0217
21.09.2021 10:07:00.279 GMT+0200,163.34799999999998,163.304,0.0137,0.0217
21.09.2021 10:07:00.511 GMT+0200,163.319,163.276,0.0137,0.0217
21.09.2021 10:07:07.280 GMT+0200,163.355,163.303,0.0137,0.0217
21.09.2021 10:07:07.444 GMT+0200,163.31799999999998,163.276,0.0137,0.0217
21.09.2021 10:07:14.191 GMT+0200,163.351,163.306,0.0137,0.0217
21.09.2021 10:07:24.003 GMT+0200,163.322,163.27200000000002,0.0137,0.0217
21.09.2021 10:08:00.337 GMT+0200,163.351,163.305,0.0137,0.0217
21.09.2021 10:08:29.951 GMT+0200,163.36700000000002,163.321,0.0137,0.0217
21.09.2021 10:08:30.052 GMT+0200,163.384,163.335,0.0137,0.0217
21.09.2021 10:08:42.773 GMT+0200,163.36700000000002,163.32,0.0137,0.0217
21.09.2021 10:08:42.886 GMT+0200,163.353,163.308,0.0137,0.0217
21.09.2021 10:08:45.071 GMT+0200,163.381,163.334,0.0137,0.0217
21.09.2021 10:08:45.214 GMT+0200,163.36700000000002,163.32,0.0137,0.0217
21.09.2021 10:08:46.516 GMT+0200,163.384,163.33700000000002,0.0137,0.0217
21.09.2021 10:08:48.101 GMT+0200,163.351,163.308,0.0137,0.0217
21.09.2021 10:08:48.571 GMT+0200,163.384,163.33700000000002,0.0137,0.0217
21.09.2021 10:08:48.777 GMT+0200,163.355,163.308,0.0137,0.0217
21.09.2021 10:09:27.599 GMT+0200,163.316,163.27,0.0137,0.0217
21.09.2021 10:09:52.538 GMT+0200,163.33200000000002,163.287,0.0137,0.0217
21.09.2021 10:09:55.430 GMT+0200,163.355,163.306,0.0137,0.0217
21.09.2021 10:10:01.277 GMT+0200,163.31799999999998,163.269,0.0137,0.0217
21.09.2021 10:10:01.896 GMT+0200,163.334,163.292,0.0137,0.0217
21.09.2021 10:10:02.295 GMT+0200,163.352,163.303,0.0137,0.0217
21.09.2021 10:10:02.725 GMT+0200,163.316,163.276,0.0137,0.0217
21.09.2021 10:10:04.425 GMT+0200,163.336,163.289,0.0137,0.0217
21.09.2021 10:10:04.546 GMT+0200,163.35,163.306,0.0137,0.0217
21.09.2021 10:10:08.649 GMT+0200,163.339,163.28799999999998,0.0137,0.0217
21.09.2021 10:10:08.880 GMT+0200,163.316,163.269,0.0137,0.0217
21.09.2021 10:10:09.303 GMT+0200,163.34799999999998,163.304,0.0137,0.0217
21.09.2021 10:10:17.135 GMT+0200,163.323,163.269,0.0137,0.0217
21.09.2021 10:10:18.313 GMT+0200,163.351,163.30100000000002,0.0137,0.0217
21.09.2021 10:10:36.067 GMT+0200,163.322,163.274,0.0137,0.0217
21.09.2021 10:10:39.185 GMT+0200,163.35,163.305,0.0137,0.0217
21.09.2021 10:10:40.871 GMT+0200,163.319,163.269,0.0137,0.0217
21.09.2021 10:10:59.362 GMT+0200,163.351,163.304,0.0137,0.0217
21.09.2021 10:11:04.174 GMT+0200,163.323,163.27200000000002,0.0137,0.0217
21.09.2021 10:11:04.703 GMT+0200,163.34799999999998,163.303,0.0137,0.0217
21.09.2021 10:11:04.816 GMT+0200,163.319,163.27,0.0137,0.0217
21.09.2021 10:11:04.935 GMT+0200,163.351,163.304,0.0137,0.0217
21.09.2021 10:11:20.393 GMT+0200,163.319,163.273,0.0137,0.0217
21.09.2021 10:12:24.759 GMT+0200,163.353,163.303,0.0137,0.0217
21.09.2021 10:13:05.523 GMT+0200,163.31799999999998,163.269,0.0137,0.0217
21.09.2021 10:13:21.717 GMT+0200,163.29,163.239,0.0137,0.0217
21.09.2021 10:13:48.461 GMT+0200,163.303,163.255,0.0137,0.0217
21.09.2021 10:13:48.574 GMT+0200,163.28799999999998,163.239,0.0137,0.0217
21.09.2021 10:14:47.600 GMT+0200,163.259,163.208,0.0137,0.0217
21.09.2021 10:14:47.701 GMT+0200,163.285,163.241,0.0137,0.0217
21.09.2021 10:14:49.163 GMT+0200,163.261,163.21200000000002,0.0137,0.0217
21.09.2021 10:14:49.326 GMT+0200,163.291,163.241,0.0137,0.0217
21.09.2021 10:14:52.967 GMT+0200,163.261,163.209,0.0137,0.0217
21.09.2021 10:15:26.220 GMT+0200,163.29,163.239,0.0137,0.0217
21.09.2021 10:16:11.948 GMT+0200,163.259,163.209,0.0137,0.0217
21.09.2021 10:17:37.004 GMT+0200,163.226,163.179,0.0137,0.0217
21.09.2021 10:18:04.892 GMT+0200,163.259,163.209,0.0137,0.0217
21.09.2021 10:18:08.146 GMT+0200,163.22299999999998,163.178,0.0137,0.0217
21.09.2021 10:18:17.810 GMT+0200,163.256,163.208,0.0137,0.0217
21.09.2021 10:18:18.722 GMT+0200,163.23,163.179,0.0137,0.0217
21.09.2021 10:18:18.825 GMT+0200,163.257,163.211,0.0137,0.0217
21.09.2021 10:18:27.694 GMT+0200,163.226,163.183,0.0137,0.0217
21.09.2021 10:20:49.173 GMT+0200,163.256,163.20700000000002,0.0137,0.0217
21.09.2021 10:20:54.836 GMT+0200,163.28799999999998,163.24,0.0137,0.0217
21.09.2021 10:21:28.815 GMT+0200,163.31799999999998,163.276,0.0137,0.0217
21.09.2021 10:21:37.480 GMT+0200,163.354,163.304,0.0137,0.0217
21.09.2021 10:23:04.991 GMT+0200,163.32,163.276,0.0137,0.0217
21.09.2021 10:23:05.092 GMT+0200,163.35,163.305,0.0137,0.0217
21.09.2021 10:24:14.938 GMT+0200,163.379,163.33700000000002,0.0137,0.0217
21.09.2021 10:24:38.935 GMT+0200,163.355,163.305,0.0137,0.0217
21.09.2021 10:26:30.330 GMT+0200,163.382,163.33700000000002,0.0137,0.0217
21.09.2021 10:26:56.950 GMT+0200,163.34799999999998,163.30100000000002,0.0137,0.0217
21.09.2021 10:26:57.530 GMT+0200,163.386,163.334,0.0137,0.0217
21.09.2021 10:27:17.271 GMT+0200,163.35,163.30100000000002,0.0137,0.0217
21.09.2021 10:27:25.687 GMT+0200,163.366,163.321,0.0137,0.0217
21.09.2021 10:27:25.800 GMT+0200,163.382,163.339,0.0137,0.0217
21.09.2021 10:27:41.046 GMT+0200,163.35,163.304,0.0137,0.0217
21.09.2021 10:28:41.213 GMT+0200,163.386,163.336,0.0137,0.0217
21.09.2021 10:28:41.383 GMT+0200,163.354,163.304,0.0137,0.0217
21.09.2021 10:28:51.410 GMT+0200,163.384,163.334,0.0137,0.0217
21.09.2021 10:28:51.688 GMT+0200,163.35,163.304,0.0137,0.0217
21.09.2021 10:28:52.397 GMT+0200,163.381,163.33700000000002,0.0137,0.0217
21.09.2021 10:29:02.349 GMT+0200,163.351,163.308,0.0137,0.0217
21.09.2021 10:30:57.971 GMT+0200,163.316,163.27200000000002,0.0137,0.0217
21.09.2021 10:30:58.119 GMT+0200,163.353,163.304,0.0137,0.0217
21.09.2021 10:31:29.133 GMT+0200,163.363,163.31799999999998,0.0137,0.0217
21.09.2021 10:31:29.242 GMT+0200,163.381,163.33700000000002,0.0137,0.0217
21.09.2021 10:31:31.918 GMT+0200,163.355,163.303,0.0137,0.0217
21.09.2021 10:32:37.813 GMT+0200,163.384,163.33700000000002,0.0137,0.0217
21.09.2021 10:32:38.035 GMT+0200,163.353,163.308,0.0137,0.0217
21.09.2021 10:33:00.339 GMT+0200,163.321,163.27100000000002,0.0137,0.0217
21.09.2021 10:34:29.935 GMT+0200,163.292,163.24,0.0137,0.0217
21.09.2021 10:34:32.958 GMT+0200,163.316,163.269,0.0137,0.0217
21.09.2021 10:34:38.167 GMT+0200,163.285,163.24,0.0137,0.0217
21.09.2021 10:34:38.336 GMT+0200,163.31799999999998,163.273,0.0137,0.0217
21.09.2021 10:34:38.996 GMT+0200,163.287,163.245,0.0137,0.0217
21.09.2021 10:34:42.566 GMT+0200,163.323,163.269,0.0137,0.0217
21.09.2021 10:34:48.510 GMT+0200,163.292,163.238,0.0137,0.0217
21.09.2021 10:34:49.890 GMT+0200,163.304,163.254,0.0137,0.0217
21.09.2021 10:34:50.088 GMT+0200,163.28799999999998,163.24200000000002,0.0137,0.0217
21.09.2021 10:35:04.412 GMT+0200,163.305,163.259,0.0137,0.0217
21.09.2021 10:35:04.638 GMT+0200,163.29,163.238,0.0137,0.0217
21.09.2021 10:35:07.590 GMT+0200,163.319,163.27200000000002,0.0137,0.0217
21.09.2021 10:35:15.785 GMT+0200,163.287,163.241,0.0137,0.0217
21.09.2021 10:35:54.264 GMT+0200,163.321,163.276,0.0137,0.0217
21.09.2021 10:36:04.826 GMT+0200,163.289,163.24,0.0137,0.0217
21.09.2021 10:36:16.935 GMT+0200,163.316,163.27100000000002,0.0137,0.0217
21.09.2021 10:36:39.623 GMT+0200,163.354,163.30200000000002,0.0137,0.0217
21.09.2021 10:36:39.770 GMT+0200,163.319,163.269,0.0137,0.0217
21.09.2021 10:36:40.584 GMT+0200,163.355,163.304,0.0137,0.0217
21.09.2021 10:36:41.526 GMT+0200,163.316,163.269,0.0137,0.0217
21.09.2021 10:36:41.692 GMT+0200,163.352,163.303,0.0137,0.0217
21.09.2021 10:36:41.818 GMT+0200,163.33200000000002,163.28799999999998,0.0137,0.0217
21.09.2021 10:36:42.251 GMT+0200,163.31799999999998,163.27100000000002,0.0137,0.0217
21.09.2021 10:36:43.014 GMT+0200,163.353,163.30200000000002,0.0137,0.0217
21.09.2021 10:36:45.597 GMT+0200,163.316,163.269,0.0137,0.0217
21.09.2021 10:36:47.128 GMT+0200,163.354,163.304,0.0137,0.0217
21.09.2021 10:36:50.064 GMT+0200,163.336,163.292,0.0137,0.0217
21.09.2021 10:36:50.178 GMT+0200,163.321,163.27200000000002,0.0137,0.0217
21.09.2021 10:37:12.426 GMT+0200,163.352,163.30100000000002,0.0137,0.0217
21.09.2021 10:37:12.618 GMT+0200,163.31799999999998,163.27,0.0137,0.0217
21.09.2021 10:37:15.232 GMT+0200,163.29,163.245,0.0137,0.0217
21.09.2021 10:37:15.427 GMT+0200,163.32,163.274,0.0137,0.0217
21.09.2021 10:37:20.229 GMT+0200,163.291,163.239,0.0137,0.0217
21.09.2021 10:39:00.892 GMT+0200,163.256,163.21200000000002,0.0137,0.0217
21.09.2021 10:39:01.067 GMT+0200,163.29,163.238,0.0137,0.0217
21.09.2021 10:41:54.371 GMT+0200,163.32,163.269,0.0137,0.0217
21.09.2021 10:42:02.713 GMT+0200,163.308,163.261,0.0137,0.0217
21.09.2021 10:42:02.919 GMT+0200,163.292,163.241,0.0137,0.0217
21.09.2021 10:42:04.122 GMT+0200,163.316,163.269,0.0137,0.0217
21.09.2021 10:42:06.826 GMT+0200,163.28799999999998,163.238,0.0137,0.0217
21.09.2021 10:42:06.928 GMT+0200,163.32,163.27200000000002,0.0137,0.0217
21.09.2021 10:42:07.308 GMT+0200,163.29,163.24,0.0137,0.0217
21.09.2021 10:42:07.799 GMT+0200,163.321,163.276,0.0137,0.0217
21.09.2021 10:42:08.339 GMT+0200,163.287,163.238,0.0137,0.0217
21.09.2021 10:42:08.449 GMT+0200,163.322,163.27,0.0137,0.0217
21.09.2021 10:42:12.126 GMT+0200,163.285,163.243,0.0137,0.0217
21.09.2021 10:42:12.528 GMT+0200,163.321,163.27,0.0137,0.0217
21.09.2021 10:42:39.035 GMT+0200,163.285,163.241,0.0137,0.0217
21.09.2021 10:42:45.772 GMT+0200,163.322,163.273,0.0137,0.0217
21.09.2021 10:44:20.657 GMT+0200,163.355,163.30100000000002,0.0137,0.0217
21.09.2021 10:44:24.002 GMT+0200,163.319,163.274,0.0137,0.0217
21.09.2021 10:44:31.469 GMT+0200,163.354,163.30100000000002,0.0137,0.0217
21.09.2021 10:44:46.428 GMT+0200,163.338,163.28799999999998,0.0137,0.0217
21.09.2021 10:44:46.685 GMT+0200,163.351,163.303,0.0137,0.0217
21.09.2021 10:45:04.464 GMT+0200,163.319,163.274,0.0137,0.0217
21.09.2021 10:45:45.957 GMT+0200,163.351,163.305,0.0137,0.0217
21.09.2021 10:46:21.149 GMT+0200,163.31799999999998,163.273,0.0137,0.0217
21.09.2021 10:46:31.931 GMT+0200,163.34799999999998,163.306,0.0137,0.0217
21.09.2021 10:46:32.118 GMT+0200,163.321,163.27,0.0137,0.0217
21.09.2021 10:46:33.971 GMT+0200,163.35,163.30200000000002,0.0137,0.0217
21.09.2021 10:46:34.308 GMT+0200,163.316,163.273,0.0137,0.0217
21.09.2021 10:47:38.766 GMT+0200,163.291,163.24,0.0137,0.0217
21.09.2021 10:47:39.071 GMT+0200,163.322,163.274,0.0137,0.0217
21.09.2021 10:47:40.200 GMT+0200,163.28799999999998,163.239,0.0137,0.0217
21.09.2021 10:47:41.038 GMT+0200,163.321,163.269,0.0137,0.0217
21.09.2021 10:48:27.959 GMT+0200,163.35,163.308,0.0137,0.0217
21.09.2021 10:48:28.247 GMT+0200,163.316,163.273,0.0137,0.0217
21.09.2021 10:50:19.144 GMT+0200,163.353,163.303,0.0137,0.0217
21.09.2021 10:50:20.356 GMT+0200,163.316,163.27200000000002,0.0137,0.0217
21.09.2021 10:50:28.814 GMT+0200,163.352,163.308,0.0137,0.0217
21.09.2021 10:50:30.043 GMT+0200,163.33200000000002,163.292,0.0137,0.0217
21.09.2021 10:50:30.423 GMT+0200,163.321,163.27,0.0137,0.0217
21.09.2021 10:51:16.766 GMT+0200,163.353,163.308,0.0137,0.0217
21.09.2021 10:51:16.911 GMT+0200,163.31799999999998,163.276,0.0137,0.0217
21.09.2021 10:51:21.706 GMT+0200,163.355,163.305,0.0137,0.0217
21.09.2021 10:51:21.862 GMT+0200,163.321,163.274,0.0137,0.0217
21.09.2021 10:52:06.939 GMT+0200,163.351,163.306,0.0137,0.0217
21.09.2021 10:52:09.018 GMT+0200,163.385,163.333,0.0137,0.0217
21.09.2021 10:52:19.108 GMT+0200,163.352,163.30200000000002,0.0137,0.0217
21.09.2021 10:52:19.295 GMT+0200,163.379,163.336,0.0137,0.0217
21.09.2021 10:52:28.384 GMT+0200,163.354,163.308,0.0137,0.0217
21.09.2021 10:52:32.944 GMT+0200,163.384,163.334,0.0137,0.0217
21.09.2021 10:52:33.115 GMT+0200,163.351,163.305,0.0137,0.0217
21.09.2021 10:52:38.778 GMT+0200,163.379,163.334,0.0137,0.0217
21.09.2021 10:54:15.411 GMT+0200,163.34799999999998,163.30100000000002,0.0137,0.0217
21.09.2021 10:54:15.573 GMT+0200,163.383,163.339,0.0137,0.0217
21.09.2021 10:54:15.775 GMT+0200,163.352,163.308,0.0137,0.0217
21.09.2021 10:54:15.880 GMT+0200,163.363,163.321,0.0137,0.0217
21.09.2021 10:54:16.261 GMT+0200,163.353,163.30100000000002,0.0137,0.0217
21.09.2021 10:54:26.110 GMT+0200,163.382,163.333,0.0137,0.0217
21.09.2021 10:54:30.752 GMT+0200,163.35,163.306,0.0137,0.0217
21.09.2021 10:54:36.880 GMT+0200,163.386,163.336,0.0137,0.0217
21.09.2021 10:54:37.774 GMT+0200,163.35,163.30200000000002,0.0137,0.0217
21.09.2021 10:54:41.785 GMT+0200,163.382,163.33700000000002,0.0137,0.0217
21.09.2021 10:54:42.928 GMT+0200,163.355,163.304,0.0137,0.0217
21.09.2021 10:54:51.147 GMT+0200,163.379,163.339,0.0137,0.0217
21.09.2021 10:55:06.830 GMT+0200,163.351,163.305,0.0137,0.0217
21.09.2021 10:55:34.914 GMT+0200,163.379,163.33200000000002,0.0137,0.0217
21.09.2021 10:55:50.386 GMT+0200,163.351,163.304,0.0137,0.0217
21.09.2021 10:55:50.512 GMT+0200,163.386,163.336,0.0137,0.0217
21.09.2021 10:57:47.904 GMT+0200,163.412,163.363,0.0137,0.0217
21.09.2021 10:58:05.329 GMT+0200,163.382,163.334,0.0137,0.0217
21.09.2021 11:00:25.762 GMT+0200,163.353,163.30100000000002,0.0137,0.0217
21.09.2021 11:00:29.022 GMT+0200,163.32,163.276,0.0137,0.0217
21.09.2021 11:00:30.149 GMT+0200,163.352,163.308,0.0137,0.0217
21.09.2021 11:00:30.250 GMT+0200,163.32,163.276,0.0137,0.0217
21.09.2021 11:00:30.512 GMT+0200,163.352,163.303,0.0137,0.0217
21.09.2021 11:00:31.329 GMT+0200,163.31799999999998,163.276,0.0137,0.0217
21.09.2021 11:00:32.702 GMT+0200,163.354,163.305,0.0137,0.0217
21.09.2021 11:03:08.031 GMT+0200,163.386,163.334,0.0137,0.0217
21.09.2021 11:03:31.644 GMT+0200,163.35,163.30100000000002,0.0137,0.0217
21.09.2021 11:03:36.709 GMT+0200,163.382,163.33700000000002,0.0137,0.0217
21.09.2021 11:03:36.989 GMT+0200,163.352,163.303,0.0137,0.0217
21.09.2021 11:03:37.562 GMT+0200,163.383,163.334,0.0137,0.0217
21.09.2021 11:03:37.663 GMT+0200,163.354,163.305,0.0137,0.0217
21.09.2021 11:03:38.564 GMT+0200,163.365,163.321,0.0137,0.0217
21.09.2021 11:03:38.668 GMT+0200,163.379,163.334,0.0137,0.0217
21.09.2021 11:03:45.900 GMT+0200,163.34799999999998,163.30200000000002,0.0137,0.0217
21.09.2021 11:05:02.171 GMT+0200,163.379,163.333,0.0137,0.0217
21.09.2021 11:05:02.877 GMT+0200,163.35,163.308,0.0137,0.0217
21.09.2021 11:05:03.254 GMT+0200,163.379,163.339,0.0137,0.0217
21.09.2021 11:05:03.402 GMT+0200,163.352,163.308,0.0137,0.0217
21.09.2021 11:05:17.054 GMT+0200,163.382,163.33200000000002,0.0137,0.0217
21.09.2021 11:05:18.084 GMT+0200,163.355,163.303,0.0137,0.0217
21.09.2021 11:05:39.124 GMT+0200,163.379,163.33700000000002,0.0137,0.0217
21.09.2021 11:05:42.204 GMT+0200,163.34799999999998,163.30100000000002,0.0137,0.0217
21.09.2021 11:05:42.757 GMT+0200,163.382,163.33200000000002,0.0137,0.0217
21.09.2021 11:05:56.654 GMT+0200,163.352,163.303,0.0137,0.0217
21.09.2021 11:07:30.306 GMT+0200,163.382,163.33700000000002,0.0137,0.0217
21.09.2021 11:07:42.577 GMT+0200,163.351,163.304,0.0137,0.0217
21.09.2021 11:07:53.724 GMT+0200,163.381,163.33700000000002,0.0137,0.0217
21.09.2021 11:07:54.084 GMT+0200,163.352,163.305,0.0137,0.0217
21.09.2021 11:08:00.501 GMT+0200,163.383,163.33200000000002,0.0137,0.0217
21.09.2021 11:08:02.766 GMT+0200,163.351,163.308,0.0137,0.0217
21.09.2021 11:08:39.891 GMT+0200,163.384,163.333,0.0137,0.0217
21.09.2021 11:09:28.158 GMT+0200,163.352,163.308,0.0137,0.0217
21.09.2021 11:11:21.052 GMT+0200,163.384,163.339,0.0137,0.0217
21.09.2021 11:11:23.136 GMT+0200,163.355,163.304,0.0137,0.0217
21.09.2021 11:13:21.818 GMT+0200,163.316,163.276,0.0137,0.0217
21.09.2021 11:13:59.180 GMT+0200,163.304,163.256,0.0137,0.0217
21.09.2021 11:13:59.303 GMT+0200,163.322,163.274,0.0137,0.0217
21.09.2021 11:14:00.963 GMT+0200,163.285,163.238,0.0137,0.0217
21.09.2021 11:14:01.251 GMT+0200,163.32,163.27,0.0137,0.0217
21.09.2021 11:14:01.420 GMT+0200,163.28799999999998,163.245,0.0137,0.0217
21.09.2021 11:14:16.867 GMT+0200,163.322,163.27200000000002,0.0137,0.0217
21.09.2021 11:14:17.786 GMT+0200,163.29,163.241,0.0137,0.0217
21.09.2021 11:14:19.425 GMT+0200,163.31799999999998,163.276,0.0137,0.0217
21.09.2021 11:14:22.588 GMT+0200,163.29,163.24200000000002,0.0137,0.0217
21.09.2021 11:14:22.799 GMT+0200,163.319,163.273,0.0137,0.0217
21.09.2021 11:14:25.315 GMT+0200,163.287,163.241,0.0137,0.0217
21.09.2021 11:14:26.814 GMT+0200,163.32,163.273,0.0137,0.0217
21.09.2021 11:14:28.210 GMT+0200,163.287,163.238,0.0137,0.0217
21.09.2021 11:14:29.715 GMT+0200,163.32,163.27,0.0137,0.0217
21.09.2021 11:14:30.274 GMT+0200,163.291,163.239,0.0137,0.0217
21.09.2021 11:14:31.374 GMT+0200,163.316,163.269,0.0137,0.0217
21.09.2021 11:14:34.483 GMT+0200,163.29,163.24200000000002,0.0137,0.0217
21.09.2021 11:14:55.024 GMT+0200,163.32,163.273,0.0137,0.0217
21.09.2021 11:17:45.019 GMT+0200,163.289,163.241,0.0137,0.0217
21.09.2021 11:17:45.299 GMT+0200,163.319,163.27100000000002,0.0137,0.0217
21.09.2021 11:17:57.675 GMT+0200,163.289,163.243,0.0137,0.0217
21.09.2021 11:17:57.843 GMT+0200,163.31799999999998,163.273,0.0137,0.0217
21.09.2021 11:17:57.950 GMT+0200,163.287,163.241,0.0137,0.0217
21.09.2021 11:17:58.173 GMT+0200,163.316,163.274,0.0137,0.0217
21.09.2021 11:17:58.303 GMT+0200,163.285,163.241,0.0137,0.0217
21.09.2021 11:17:58.502 GMT+0200,163.323,163.274,0.0137,0.0217
21.09.2021 11:17:58.832 GMT+0200,163.291,163.238,0.0137,0.0217
21.09.2021 11:18:00.908 GMT+0200,163.31799999999998,163.273,0.0137,0.0217
21.09.2021 11:18:07.362 GMT+0200,163.292,163.24,0.0137,0.0217
21.09.2021 11:18:07.584 GMT+0200,163.31799999999998,163.27100000000002,0.0137,0.0217
21.09.2021 11:18:07.756 GMT+0200,163.28799999999998,163.24200000000002,0.0137,0.0217
21.09.2021 11:18:10.105 GMT+0200,163.32,163.27,0.0137,0.0217
21.09.2021 11:18:20.711 GMT+0200,163.285,163.245,0.0137,0.0217
21.09.2021 11:18:22.825 GMT+0200,163.319,163.27100000000002,0.0137,0.0217
21.09.2021 11:18:34.993 GMT+0200,163.292,163.241,0.0137,0.0217
21.09.2021 11:18:41.269 GMT+0200,163.323,163.274,0.0137,0.0217
21.09.2021 11:21:02.361 GMT+0200,163.355,163.304,0.0137,0.0217
21.09.2021 11:21:02.566 GMT+0200,163.31799999999998,163.274,0.0137,0.0217
21.09.2021 11:21:31.527 GMT+0200,163.35,163.308,0.0137,0.0217
21.09.2021 11:21:31.751 GMT+0200,163.316,163.27,0.0137,0.0217
21.09.2021 11:21:32.605 GMT+0200,163.354,163.306,0.0137,0.0217
21.09.2021 11:22:17.579 GMT+0200,163.382,163.339,0.0137,0.0217
21.09.2021 11:24:47.460 GMT+0200,163.412,163.366,0.0136,0.0219
21.09.2021 11:24:47.600 GMT+0200,163.379,163.333,0.0136,0.0219
21.09.2021 11:26:40.037 GMT+0200,163.414,163.363,0.0136,0.0219
21.09.2021 11:26:40.178 GMT+0200,163.382,163.333,0.0136,0.0219
21.09.2021 11:26:47.112 GMT+0200,163.415,163.363,0.0136,0.0219
21.09.2021 11:26:47.705 GMT+0200,163.383,163.334,0.0136,0.0219
21.09.2021 11:28:19.287 GMT+0200,163.34799999999998,163.30100000000002,0.0136,0.0219
21.09.2021 11:28:20.714 GMT+0200,163.385,163.339,0.0136,0.0219
21.09.2021 11:28:20.817 GMT+0200,163.354,163.305,0.0136,0.0219
21.09.2021 11:28:21.147 GMT+0200,163.379,163.336,0.0136,0.0219
21.09.2021 11:28:29.377 GMT+0200,163.35,163.308,0.0136,0.0219
21.09.2021 11:28:29.729 GMT+0200,163.383,163.334,0.0136,0.0219
21.09.2021 11:28:29.854 GMT+0200,163.353,163.304,0.0136,0.0219
21.09.2021 11:28:30.020 GMT+0200,163.379,163.336,0.0136,0.0219
21.09.2021 11:28:30.388 GMT+0200,163.355,163.308,0.0136,0.0219
21.09.2021 11:28:50.976 GMT+0200,163.379,163.336,0.0136,0.0219
21.09.2021 11:28:51.086 GMT+0200,163.351,163.304,0.0136,0.0219
21.09.2021 11:29:03.863 GMT+0200,163.385,163.33700000000002,0.0136,0.0219
21.09.2021 11:30:09.801 GMT+0200,163.354,163.30200000000002,0.0136,0.0219
21.09.2021 11:30:10.045 GMT+0200,163.383,163.33200000000002,0.0136,0.0219
21.09.2021 11:30:10.411 GMT+0200,163.351,163.30100000000002,0.0136,0.0219
21.09.2021 11:31:54.803 GMT+0200,163.382,163.335,0.0136,0.0219
21.09.2021 11:32:01.089 GMT+0200,163.35,163.303,0.0136,0.0219
21.09.2021 11:32:10.152 GMT+0200,163.381,163.334,0.0136,0.0219
21.09.2021 11:32:12.796 GMT+0200,163.354,163.306,0.0136,0.0219
21.09.2021 11:36:06.319 GMT+0200,163.385,163.33700000000002,0.0136,0.0219
21.09.2021 11:36:06.599 GMT+0200,163.353,163.30100000000002,0.0136,0.0219
21.09.2021 11:37:40.062 GMT+0200,163.382,163.33700000000002,0.0136,0.0219
21.09.2021 11:37:40.857 GMT+0200,163.354,163.305,0.0136,0.0219
21.09.2021 11:39:09.209 GMT+0200,163.382,163.33700000000002,0.0136,0.0219
21.09.2021 11:39:09.483 GMT+0200,163.351,163.30100000000002,0.0136,0.0219
21.09.2021 11:39:10.285 GMT+0200,163.381,163.334,0.0136,0.0219
21.09.2021 11:39:10.390 GMT+0200,163.351,163.306,0.0136,0.0219
21.09.2021 11:39:10.854 GMT+0200,163.381,163.334,0.0136,0.0219
21.09.2021 11:39:42.118 GMT+0200,163.355,163.305,0.0136,0.0219
21.09.2021 11:41:25.389 GMT+0200,163.321,163.27100000000002,0.0136,0.0219
21.09.2021 11:43:31.004 GMT+0200,163.35,163.304,0.0136,0.0219
21.09.2021 11:43:31.145 GMT+0200,163.321,163.276,0.0136,0.0219
21.09.2021 11:44:55.939 GMT+0200,163.354,163.303,0.0136,0.0219
21.09.2021 11:44:56.088 GMT+0200,163.323,163.27200000000002,0.0136,0.0219
21.09.2021 11:45:01.091 GMT+0200,163.353,163.308,0.0136,0.0219
21.09.2021 11:45:01.314 GMT+0200,163.32,163.274,0.0136,0.0219
21.09.2021 11:45:43.722 GMT+0200,163.352,163.305,0.0136,0.0219
21.09.2021 11:46:29.259 GMT+0200,163.386,163.335,0.0136,0.0219
21.09.2021 11:46:31.539 GMT+0200,163.34799999999998,163.30100000000002,0.0136,0.0219
21.09.2021 11:46:32.273 GMT+0200,163.379,163.339,0.0136,0.0219
21.09.2021 11:46:32.479 GMT+0200,163.34799999999998,163.304,0.0136,0.0219
21.09.2021 11:46:36.170 GMT+0200,163.379,163.334,0.0136,0.0219
21.09.2021 11:46:38.858 GMT+0200,163.352,163.305,0.0136,0.0219
21.09.2021 11:46:39.922 GMT+0200,163.381,163.335,0.0136,0.0219
21.09.2021 11:46:49.640 GMT+0200,163.353,163.30100000000002,0.0136,0.0219
21.09.2021 11:47:01.066 GMT+0200,163.386,163.33200000000002,0.0136,0.0219
21.09.2021 11:47:24.959 GMT+0200,163.351,163.30200000000002,0.0136,0.0219
21.09.2021 11:47:28.407 GMT+0200,163.379,163.336,0.0136,0.0219
21.09.2021 11:47:33.629 GMT+0200,163.355,163.304,0.0136,0.0219
21.09.2021 11:47:33.877 GMT+0200,163.384,163.334,0.0136,0.0219
21.09.2021 11:47:41.248 GMT+0200,163.353,163.305,0.0136,0.0219
21.09.2021 11:47:41.522 GMT+0200,163.37,163.323,0.0136,0.0219
21.09.2021 11:47:42.190 GMT+0200,163.34799999999998,163.303,0.0136,0.0219
21.09.2021 11:47:42.648 GMT+0200,163.385,163.333,0.0136,0.0219
21.09.2021 11:47:46.803 GMT+0200,163.352,163.30200000000002,0.0136,0.0219
21.09.2021 11:47:49.263 GMT+0200,163.382,163.33700000000002,0.0136,0.0219
21.09.2021 11:48:09.495 GMT+0200,163.353,163.304,0.0136,0.0219
21.09.2021 11:48:10.574 GMT+0200,163.384,163.336,0.0136,0.0219
21.09.2021 11:48:18.303 GMT+0200,163.34799999999998,163.306,0.0136,0.0219
21.09.2021 11:48:56.132 GMT+0200,163.379,163.33200000000002,0.0136,0.0219
21.09.2021 11:49:09.589 GMT+0200,163.35,163.30200000000002,0.0136,0.0219
21.09.2021 11:49:14.005 GMT+0200,163.386,163.33700000000002,0.0136,0.0219
21.09.2021 11:50:20.917 GMT+0200,163.417,163.363,0.0136,0.0219
21.09.2021 11:50:21.250 GMT+0200,163.385,163.33700000000002,0.0136,0.0219
21.09.2021 11:51:39.051 GMT+0200,163.355,163.306,0.0136,0.0219
21.09.2021 11:51:47.456 GMT+0200,163.379,163.334,0.0136,0.0219
21.09.2021 11:51:47.736 GMT+0200,163.36700000000002,163.316,0.0136,0.0219
21.09.2021 11:51:47.881 GMT+0200,163.382,163.33700000000002,0.0136,0.0219
21.09.2021 11:51:48.178 GMT+0200,163.353,163.304,0.0136,0.0219
21.09.2021 11:53:20.791 GMT+0200,163.383,163.33200000000002,0.0136,0.0219
21.09.2021 11:53:20.962 GMT+0200,163.37,163.321,0.0136,0.0219
21.09.2021 11:53:25.336 GMT+0200,163.34799999999998,163.305,0.0136,0.0219
21.09.2021 11:54:08.428 GMT+0200,163.383,163.339,0.0136,0.0219
21.09.2021 11:54:09.110 GMT+0200,163.353,163.303,0.0136,0.0219
21.09.2021 11:55:07.331 GMT+0200,163.379,163.33700000000002,0.0136,0.0219
21.09.2021 11:55:07.673 GMT+0200,163.354,163.303,0.0136,0.0219
21.09.2021 11:59:38.335 GMT+0200,163.323,163.276,0.0136,0.0219
21.09.2021 11:59:38.455 GMT+0200,163.34799999999998,163.303,0.0136,0.0219
21.09.2021 11:59:38.785 GMT+0200,163.319,163.274,0.0136,0.0219
21.09.2021 11:59:39.825 GMT+0200,163.353,163.30200000000002,0.0136,0.0219
21.09.2021 11:59:45.385 GMT+0200,163.316,163.27,0.0136,0.0219
21.09.2021 11:59:48.474 GMT+0200,163.352,163.304,0.0136,0.0219
21.09.2021 11:59:48.799 GMT+0200,163.322,163.276,0.0136,0.0219
21.09.2021 11:59:57.871 GMT+0200,163.34799999999998,163.303,0.0136,0.0219
21.09.2021 11:59:58.087 GMT+0200,163.323,163.27100000000002,0.0136,0.0219
21.09.2021 12:00:00.951 GMT+0200,163.355,163.30100000000002,0.0136,0.0219
21.09.2021 12:00:01.154 GMT+0200,163.32,163.269,0.0136,0.0219
21.09.2021 12:01:14.689 GMT+0200,163.352,163.30100000000002,0.0136,0.0219
21.09.2021 12:02:09.698 GMT+0200,163.316,163.276,0.0136,0.0219
21.09.2021 12:02:11.529 GMT+0200,163.34799999999998,163.303,0.0136,0.0219
21.09.2021 12:02:25.612 GMT+0200,163.323,163.27,0.0136,0.0219
21.09.2021 12:02:26.812 GMT+0200,163.351,163.304,0.0136,0.0219
21.09.2021 12:03:12.833 GMT+0200,163.385,163.33200000000002,0.0136,0.0219
21.09.2021 12:03:13.087 GMT+0200,163.368,163.31799999999998,0.0136,0.0219
21.09.2021 12:03:14.253 GMT+0200,163.383,163.336,0.0136,0.0219
21.09.2021 12:03:14.395 GMT+0200,163.354,163.306,0.0136,0.0219
21.09.2021 12:03:14.537 GMT+0200,163.386,163.33200000000002,0.0136,0.0219
21.09.2021 12:03:20.922 GMT+0200,163.353,163.305,0.0136,0.0219
21.09.2021 12:03:21.989 GMT+0200,163.383,163.33700000000002,0.0136,0.0219
21.09.2021 12:03:22.517 GMT+0200,163.35,163.303,0.0136,0.0219
21.09.2021 12:03:22.642 GMT+0200,163.382,163.333,0.0136,0.0219
21.09.2021 12:03:24.379 GMT+0200,163.352,163.306,0.0136,0.0219
21.09.2021 12:03:24.535 GMT+0200,163.386,163.336,0.0136,0.0219
21.09.2021 12:03:24.956 GMT+0200,163.353,163.308,0.0136,0.0219
21.09.2021 12:03:26.483 GMT+0200,163.385,163.33700000000002,0.0136,0.0219
21.09.2021 12:03:56.862 GMT+0200,163.352,163.305,0.0136,0.0219
21.09.2021 12:04:10.251 GMT+0200,163.379,163.336,0.0136,0.0219
21.09.2021 12:04:11.543 GMT+0200,163.354,163.30100000000002,0.0136,0.0219
21.09.2021 12:04:23.078 GMT+0200,163.385,163.334,0.0136,0.0219
21.09.2021 12:04:23.239 GMT+0200,163.369,163.32,0.0136,0.0219
21.09.2021 12:04:23.390 GMT+0200,163.386,163.334,0.0136,0.0219
21.09.2021 12:05:13.095 GMT+0200,163.355,163.30100000000002,0.0136,0.0219
21.09.2021 12:05:13.615 GMT+0200,163.379,163.334,0.0136,0.0219
21.09.2021 12:05:14.747 GMT+0200,163.355,163.308,0.0136,0.0219
21.09.2021 12:05:15.164 GMT+0200,163.381,163.33700000000002,0.0136,0.0219
21.09.2021 12:06:16.214 GMT+0200,163.35,163.306,0.0136,0.0219
21.09.2021 12:06:16.368 GMT+0200,163.383,163.33200000000002,0.0136,0.0219
21.09.2021 12:06:16.569 GMT+0200,163.351,163.306,0.0136,0.0219
21.09.2021 12:06:25.039 GMT+0200,163.385,163.33700000000002,0.0136,0.0219
21.09.2021 12:06:25.588 GMT+0200,163.353,163.30200000000002,0.0136,0.0219
21.09.2021 12:08:37.257 GMT+0200,163.385,163.33200000000002,0.0136,0.0219
21.09.2021 12:09:01.202 GMT+0200,163.34799999999998,163.308,0.0136,0.0219
21.09.2021 12:09:04.171 GMT+0200,163.382,163.33700000000002,0.0136,0.0219
21.09.2021 12:09:04.278 GMT+0200,163.351,163.306,0.0136,0.0219
21.09.2021 12:09:06.025 GMT+0200,163.381,163.33700000000002,0.0136,0.0219
21.09.2021 12:09:18.391 GMT+0200,163.352,163.30100000000002,0.0136,0.0219
21.09.2021 12:09:34.127 GMT+0200,163.382,163.336,0.0136,0.0219
21.09.2021 12:09:47.317 GMT+0200,163.34799999999998,163.30100000000002,0.0136,0.0219
21.09.2021 12:12:12.976 GMT+0200,163.381,163.335,0.0136,0.0219
21.09.2021 12:13:38.719 GMT+0200,163.416,163.365,0.0136,0.0219
21.09.2021 12:14:45.664 GMT+0200,163.445,163.401,0.0136,0.0219
21.09.2021 12:14:45.938 GMT+0200,163.412,163.363,0.0136,0.0219
21.09.2021 12:14:46.118 GMT+0200,163.447,163.399,0.0136,0.0219
21.09.2021 12:15:05.549 GMT+0200,163.41,163.366,0.0136,0.0219
21.09.2021 12:15:20.652 GMT+0200,163.445,163.395,0.0136,0.0219
21.09.2021 12:15:32.006 GMT+0200,163.415,163.37,0.0136,0.0219
21.09.2021 12:15:59.361 GMT+0200,163.448,163.39700000000002,0.0136,0.0219
21.09.2021 12:15:59.806 GMT+0200,163.433,163.386,0.0136,0.0219
21.09.2021 12:15:59.955 GMT+0200,163.44299999999998,163.401,0.0136,0.0219
21.09.2021 12:16:01.115 GMT+0200,163.415,163.363,0.0136,0.0219
21.09.2021 12:16:01.366 GMT+0200,163.441,163.401,0.0136,0.0219
21.09.2021 12:16:02.495 GMT+0200,163.415,163.36700000000002,0.0136,0.0219
21.09.2021 12:16:03.429 GMT+0200,163.445,163.399,0.0136,0.0219
21.09.2021 12:16:12.289 GMT+0200,163.41,163.364,0.0136,0.0219
21.09.2021 12:16:14.808 GMT+0200,163.445,163.398,0.0136,0.0219
21.09.2021 12:17:12.910 GMT+0200,163.41299999999998,163.363,0.0136,0.0219
21.09.2021 12:17:13.181 GMT+0200,163.441,163.39700000000002,0.0136,0.0219
21.09.2021 12:18:46.364 GMT+0200,163.47299999999998,163.431,0.0136,0.0219
21.09.2021 12:19:55.033 GMT+0200,163.444,163.39700000000002,0.0136,0.0219
21.09.2021 12:22:05.325 GMT+0200,163.41299999999998,163.364,0.0136,0.0219
