Local time,Ask,Bid,AskVolume,BidVolume
30.10.2019 00:00:05.872 GMT+0100,3037.43,3036.9690000000005,0.0004,0.0004
30.10.2019 00:00:05.922 GMT+0100,3037.43,3036.77,0.0004,0.0024
30.10.2019 00:00:06.279 GMT+0100,3037.43,3036.869,0,0.0022
30.10.2019 00:00:06.330 GMT+0100,3037.53,3036.87,0.0004,0.0004
30.10.2019 00:00:07.310 GMT+0100,3037.43,3036.87,0.0004,0.0004
30.10.2019 00:00:07.361 GMT+0100,3037.43,3036.77,0.0009,0.0027
30.10.2019 00:00:45.769 GMT+0100,3037.63,3036.9700000000003,0.0004,0.0024
30.10.2019 00:01:22.366 GMT+0100,3037.431,3036.9700000000003,0.0004,0.0001
30.10.2019 00:01:22.416 GMT+0100,3037.43,3036.77,0.0004,0.0005
30.10.2019 00:01:55.121 GMT+0100,3037.43,3036.9700000000003,0.0004,0.0022
30.10.2019 00:01:55.171 GMT+0100,3037.63,3036.9700000000003,0.0032,0.0028
30.10.2019 00:01:55.461 GMT+0100,3037.53,3036.9700000000003,0.0004,0.0005
30.10.2019 00:01:55.511 GMT+0100,3037.53,3036.87,0.0009,0.0027
30.10.2019 00:01:59.035 GMT+0100,3037.53,3036.9700000000003,0.0004,0.0022
30.10.2019 00:01:59.086 GMT+0100,3037.63,3036.9700000000003,0.0009,0.0027
30.10.2019 00:02:28.093 GMT+0100,3037.63,3037.27,0.0004,0.0022
30.10.2019 00:02:28.144 GMT+0100,3037.93,3037.27,0.0004,0.0024
30.10.2019 00:02:30.709 GMT+0100,3037.631,3037.27,0.0004,0.0001
30.10.2019 00:02:30.760 GMT+0100,3037.63,3036.9700000000003,0.0004,0.0005
30.10.2019 00:02:49.965 GMT+0100,3037.63,3037.27,0.0004,0.0022
30.10.2019 00:02:50.015 GMT+0100,3037.93,3037.27,0.0032,0.0028
30.10.2019 00:03:05.490 GMT+0100,3037.63,3037.27,0.0004,0.0005
30.10.2019 00:03:05.541 GMT+0100,3037.63,3036.9700000000003,0.0004,0.0024
30.10.2019 00:06:02.520 GMT+0100,3037.43,3036.9690000000005,0.0004,0.0004
30.10.2019 00:06:02.570 GMT+0100,3037.43,3036.77,0.0004,0.0022
30.10.2019 00:07:33.562 GMT+0100,3037.431,3036.869,0.0004,0.0022
30.10.2019 00:07:33.613 GMT+0100,3037.53,3036.87,0.0004,0.0005
30.10.2019 00:07:34.332 GMT+0100,3037.63,3036.9700000000003,0.0004,0.0005
30.10.2019 00:08:37.822 GMT+0100,3037.93,3037.27,0.0004,0.0022
30.10.2019 00:09:46.305 GMT+0100,3037.931,3037.4690000000005,0.0004,0.0022
30.10.2019 00:09:46.356 GMT+0100,3038.13,3037.4700000000003,0.0004,0.0005
30.10.2019 00:09:48.432 GMT+0100,3037.93,3037.4700000000003,0.0004,0.0005
30.10.2019 00:09:48.483 GMT+0100,3037.93,3037.27,0.0004,0.0022
30.10.2019 00:09:57.244 GMT+0100,3037.931,3037.4690000000005,0.0004,0.0022
30.10.2019 00:09:57.294 GMT+0100,3038.13,3037.4700000000003,0.0004,0.0005
30.10.2019 00:09:58.885 GMT+0100,3037.93,3037.4700000000003,0.0004,0.0005
30.10.2019 00:09:58.935 GMT+0100,3037.93,3037.27,0.0004,0.0024
30.10.2019 00:10:01.434 GMT+0100,3037.93,3037.4700000000003,0,0.0022
30.10.2019 00:10:01.484 GMT+0100,3038.13,3037.4700000000003,0.0004,0.0024
30.10.2019 00:10:01.789 GMT+0100,3037.931,3037.4700000000003,0.0004,0.0001
30.10.2019 00:10:01.840 GMT+0100,3037.931,3037.2690000000002,0.0032,0.0028
30.10.2019 00:10:02.079 GMT+0100,3038.03,3037.37,0.0004,0.0005
30.10.2019 00:10:03.994 GMT+0100,3037.93,3037.37,0.0004,0.0005
30.10.2019 00:10:04.044 GMT+0100,3037.93,3037.27,0.0032,0.0028
30.10.2019 00:10:12.342 GMT+0100,3038.031,3037.369,0.0032,0.0028
30.10.2019 00:10:18.502 GMT+0100,3037.93,3037.369,0.0004,0.0005
30.10.2019 00:10:18.552 GMT+0100,3037.93,3037.27,0.0004,0.0024
30.10.2019 00:10:18.662 GMT+0100,3037.93,3037.4690000000005,0,0.0022
30.10.2019 00:10:18.713 GMT+0100,3038.131,3037.4690000000005,0.0032,0.0028
30.10.2019 00:11:21.981 GMT+0100,3037.93,3037.4690000000005,0.0004,0.0004
30.10.2019 00:11:22.031 GMT+0100,3037.93,3037.27,0.0004,0.0022
30.10.2019 00:11:24.312 GMT+0100,3037.931,3037.4690000000005,0.0004,0.0022
30.10.2019 00:11:24.363 GMT+0100,3038.13,3037.4700000000003,0,0.0001
30.10.2019 00:11:28.055 GMT+0100,3037.93,3037.27,0.0004,0.0004
30.10.2019 00:12:24.738 GMT+0100,3037.93,3037.4690000000005,0.0004,0.0022
30.10.2019 00:12:24.788 GMT+0100,3038.13,3037.4700000000003,0.0004,0.0005
30.10.2019 00:12:56.139 GMT+0100,3037.931,3037.4700000000003,0.0004,0.0005
30.10.2019 00:12:56.227 GMT+0100,3037.93,3037.27,0,0.0001
30.10.2019 00:13:56.229 GMT+0100,3037.931,3037.2690000000002,0.0027,0.0027
30.10.2019 00:14:41.658 GMT+0100,3037.931,3037.4700000000003,0.0004,0.0022
30.10.2019 00:14:41.709 GMT+0100,3038.13,3037.4700000000003,0.0009,0.0027
30.10.2019 00:14:54.997 GMT+0100,3037.93,3037.4700000000003,0.0004,0.0004
30.10.2019 00:14:55.047 GMT+0100,3037.93,3037.27,0.0004,0.0022
30.10.2019 00:15:34.106 GMT+0100,3038.131,3037.4690000000005,0.0032,0.0028
30.10.2019 00:18:49.248 GMT+0100,3037.93,3037.27,0.0004,0.0005
30.10.2019 00:19:45.268 GMT+0100,3037.93,3037.4700000000003,0.0004,0.0022
30.10.2019 00:19:45.318 GMT+0100,3038.13,3037.4700000000003,0.0009,0.0027
30.10.2019 00:19:47.235 GMT+0100,3037.93,3037.4700000000003,0.0004,0.0004
30.10.2019 00:19:47.286 GMT+0100,3037.93,3037.27,0.0004,0.0022
30.10.2019 00:20:02.570 GMT+0100,3037.931,3037.4700000000003,0.0004,0.0001
30.10.2019 00:20:02.620 GMT+0100,3038.13,3037.4700000000003,0,0.0001
30.10.2019 00:20:24.732 GMT+0100,3037.931,3037.4700000000003,0.0004,0.0001
30.10.2019 00:20:24.783 GMT+0100,3037.93,3037.27,0.0004,0.0004
30.10.2019 00:20:33.056 GMT+0100,3037.93,3037.4690000000005,0.0004,0.0022
30.10.2019 00:20:33.107 GMT+0100,3038.13,3037.4700000000003,0,0.0001
30.10.2019 00:20:49.735 GMT+0100,3038.03,3037.4700000000003,0.0004,0.0001
30.10.2019 00:20:49.785 GMT+0100,3038.03,3037.37,0.0004,0.0022
30.10.2019 00:21:19.312 GMT+0100,3037.93,3037.369,0.0004,0.0005
30.10.2019 00:21:19.363 GMT+0100,3037.93,3037.27,0.0004,0.0024
30.10.2019 00:21:25.007 GMT+0100,3037.93,3037.4690000000005,0,0.0022
30.10.2019 00:21:25.057 GMT+0100,3038.13,3037.4700000000003,0,0.0001
30.10.2019 00:22:25.322 GMT+0100,3038.131,3037.4690000000005,0.0027,0.0027
30.10.2019 00:22:32.802 GMT+0100,3037.63,3037.4690000000005,0.0004,0.0004
30.10.2019 00:22:32.853 GMT+0100,3037.63,3036.9700000000003,0.0004,0.0022
30.10.2019 00:22:36.230 GMT+0100,3037.631,3037.2690000000002,0.0004,0.0022
30.10.2019 00:22:36.280 GMT+0100,3037.93,3037.27,0,0.0001
30.10.2019 00:22:36.553 GMT+0100,3037.434,3037.27,0.0004,0.0001
30.10.2019 00:22:36.603 GMT+0100,3037.43,3036.77,0.0032,0.0028
30.10.2019 00:24:22.348 GMT+0100,3037.43,3037.27,0.0004,0.0022
30.10.2019 00:24:22.398 GMT+0100,3037.93,3037.27,0.0004,0.0024
30.10.2019 00:24:23.906 GMT+0100,3037.631,3037.27,0.0004,0.0001
30.10.2019 00:24:23.956 GMT+0100,3037.631,3036.9690000000005,0.0032,0.0028
30.10.2019 00:24:58.170 GMT+0100,3037.43,3036.9690000000005,0.0004,0.0005
30.10.2019 00:24:58.220 GMT+0100,3037.43,3036.77,0.0004,0.0024
30.10.2019 00:29:53.008 GMT+0100,3037.431,3036.9690000000005,0.0004,0.0022
30.10.2019 00:29:53.058 GMT+0100,3037.63,3036.9700000000003,0.0004,0.0004
30.10.2019 00:29:53.525 GMT+0100,3037.43,3036.9700000000003,0.0004,0.0004
30.10.2019 00:29:53.575 GMT+0100,3037.43,3036.77,0.0009,0.0027
30.10.2019 00:29:54.931 GMT+0100,3037.43,3036.9690000000005,0.0004,0.0022
30.10.2019 00:29:54.982 GMT+0100,3037.63,3036.9700000000003,0.0004,0.0005
30.10.2019 00:29:57.542 GMT+0100,3037.43,3036.77,0,0.0001
30.10.2019 00:29:59.435 GMT+0100,3037.43,3036.9700000000003,0,0.0022
30.10.2019 00:29:59.486 GMT+0100,3037.63,3036.9700000000003,0.0032,0.0028
30.10.2019 00:30:01.015 GMT+0100,3037.431,3036.9700000000003,0.0004,0.0005
30.10.2019 00:30:01.065 GMT+0100,3037.431,3036.7690000000002,0.0032,0.0028
30.10.2019 00:30:01.517 GMT+0100,3037.431,3036.9690000000005,0.0004,0.0022
30.10.2019 00:30:01.568 GMT+0100,3037.63,3036.9700000000003,0.0004,0.0005
30.10.2019 00:30:02.658 GMT+0100,3037.431,3036.9700000000003,0.0004,0.0005
30.10.2019 00:30:02.709 GMT+0100,3037.43,3036.77,0.0004,0.0005
30.10.2019 00:30:02.867 GMT+0100,3037.63,3036.9700000000003,0.0004,0.0004
30.10.2019 00:30:03.197 GMT+0100,3037.53,3036.87,0.0032,0.0028
30.10.2019 00:30:05.093 GMT+0100,3037.43,3036.87,0.0004,0.0005
30.10.2019 00:30:05.143 GMT+0100,3037.43,3036.77,0.0004,0.0024
30.10.2019 00:30:06.178 GMT+0100,3037.43,3036.9690000000005,0,0.0022
30.10.2019 00:30:06.228 GMT+0100,3037.631,3036.9690000000005,0.0032,0.0028
30.10.2019 00:30:08.906 GMT+0100,3037.431,3036.9690000000005,0.0004,0.0005
30.10.2019 00:30:08.957 GMT+0100,3037.431,3036.7690000000002,0.0032,0.0028
30.10.2019 00:30:20.488 GMT+0100,3037.13,3036.7690000000002,0.0004,0.0005
30.10.2019 00:30:20.538 GMT+0100,3037.13,3036.4700000000003,0.0004,0.0024
30.10.2019 00:33:01.020 GMT+0100,3036.93,3036.4690000000005,0.0004,0.0004
30.10.2019 00:33:01.071 GMT+0100,3036.93,3036.27,0.0032,0.0028
30.10.2019 00:34:28.512 GMT+0100,3036.13,3035.4700000000003,0.0032,0.0028
30.10.2019 00:34:28.794 GMT+0100,3036.63,3035.9700000000003,0.0004,0.0022
30.10.2019 00:34:37.274 GMT+0100,3036.631,3035.9690000000005,0.0032,0.0005
30.10.2019 00:34:37.325 GMT+0100,3035.93,3035.27,0.0004,0.0022
30.10.2019 00:34:37.375 GMT+0100,3036.431,3035.7690000000002,0.0032,0.0028
30.10.2019 00:34:37.491 GMT+0100,3036.431,3035.87,0.0004,0.0004
30.10.2019 00:34:37.542 GMT+0100,3036.53,3035.87,0.0009,0.0027
30.10.2019 00:34:37.645 GMT+0100,3036.431,3035.87,0.0004,0.0004
30.10.2019 00:34:37.696 GMT+0100,3036.43,3035.77,0.0004,0.0004
30.10.2019 00:34:40.444 GMT+0100,3036.43,3035.87,0.0004,0.0022
30.10.2019 00:34:40.495 GMT+0100,3036.53,3035.87,0.0032,0.0028
30.10.2019 00:34:41.107 GMT+0100,3036.53,3035.9690000000005,0.0004,0.0022
30.10.2019 00:34:41.158 GMT+0100,3036.63,3035.9700000000003,0.0004,0.0005
30.10.2019 00:36:26.285 GMT+0100,3036.63,3036.07,0.0004,0.0022
30.10.2019 00:36:26.336 GMT+0100,3036.73,3036.07,0.0004,0.0022
30.10.2019 00:36:27.703 GMT+0100,3036.7309999999998,3036.2690000000002,0.0004,0.0022
30.10.2019 00:36:27.753 GMT+0100,3036.93,3036.27,0.0004,0.0004
30.10.2019 00:38:02.902 GMT+0100,3036.93,3036.4690000000005,0.0004,0.0022
30.10.2019 00:38:02.953 GMT+0100,3037.13,3036.4700000000003,0.0004,0.0004
30.10.2019 00:38:03.065 GMT+0100,3037.13,3036.7690000000002,0.0004,0.0022
30.10.2019 00:38:03.115 GMT+0100,3037.431,3036.7690000000002,0.0032,0.0028
30.10.2019 00:39:38.044 GMT+0100,3037.131,3036.7690000000002,0.0004,0.0004
30.10.2019 00:39:38.094 GMT+0100,3037.13,3036.4700000000003,0.0004,0.0005
30.10.2019 00:40:08.861 GMT+0100,3037.13,3036.7690000000002,0.0004,0.0022
30.10.2019 00:40:08.911 GMT+0100,3037.43,3036.77,0.0004,0.0005
30.10.2019 00:40:19.097 GMT+0100,3037.131,3036.77,0.0004,0.0005
30.10.2019 00:40:19.147 GMT+0100,3037.13,3036.4700000000003,0,0.0001
30.10.2019 00:40:28.436 GMT+0100,3037.13,3036.77,0,0.0022
30.10.2019 00:40:28.487 GMT+0100,3037.43,3036.77,0.0004,0.0022
30.10.2019 00:40:29.989 GMT+0100,3037.131,3036.7690000000002,0.0004,0.0005
30.10.2019 00:40:30.039 GMT+0100,3037.131,3036.4690000000005,0.0032,0.0028
30.10.2019 00:40:40.119 GMT+0100,3037.131,3036.7690000000002,0.0004,0.0022
30.10.2019 00:40:40.170 GMT+0100,3037.431,3036.7690000000002,0.0032,0.0028
30.10.2019 00:40:55.527 GMT+0100,3037.13,3036.7690000000002,0.0004,0.0005
30.10.2019 00:40:55.585 GMT+0100,3037.13,3036.4700000000003,0.0009,0.0027
30.10.2019 00:41:06.974 GMT+0100,3037.13,3036.77,0.0004,0.0022
30.10.2019 00:41:07.024 GMT+0100,3037.43,3036.77,0.0004,0.0022
30.10.2019 00:42:27.109 GMT+0100,3037.43,3036.9700000000003,0.0004,0.0005
30.10.2019 00:42:27.159 GMT+0100,3037.63,3036.9700000000003,0.0032,0.0028
30.10.2019 00:42:27.260 GMT+0100,3037.53,3036.87,0.0009,0.0027
30.10.2019 00:42:28.672 GMT+0100,3037.53,3036.9700000000003,0.0004,0.0022
30.10.2019 00:42:28.723 GMT+0100,3037.63,3036.9700000000003,0.0004,0.0024
30.10.2019 00:42:34.156 GMT+0100,3037.43,3036.77,0.0004,0.0022
30.10.2019 00:42:38.310 GMT+0100,3037.43,3036.9700000000003,0.0004,0.0001
30.10.2019 00:42:38.360 GMT+0100,3037.63,3036.9700000000003,0,0.0001
30.10.2019 00:43:38.591 GMT+0100,3037.631,3036.9690000000005,0.0027,0.0027
30.10.2019 00:45:06.700 GMT+0100,3037.631,3037.2690000000002,0.0004,0.0022
30.10.2019 00:45:06.750 GMT+0100,3037.931,3037.2690000000002,0.0032,0.0028
30.10.2019 00:45:12.137 GMT+0100,3037.7309999999998,3037.2690000000002,0.0004,0.0004
30.10.2019 00:45:12.187 GMT+0100,3037.73,3037.07,0.0004,0.0004
30.10.2019 00:45:14.488 GMT+0100,3037.63,3037.07,0.0004,0.0004
30.10.2019 00:45:14.538 GMT+0100,3037.63,3036.9700000000003,0.0004,0.0024
30.10.2019 00:46:08.518 GMT+0100,3037.431,3036.9700000000003,0.0004,0.0001
30.10.2019 00:46:08.569 GMT+0100,3037.431,3036.7690000000002,0.0032,0.0028
30.10.2019 00:46:23.057 GMT+0100,3037.431,3036.9700000000003,0.0004,0.0022
30.10.2019 00:46:23.108 GMT+0100,3037.63,3036.9700000000003,0.0004,0.0022
30.10.2019 00:46:59.274 GMT+0100,3037.63,3037.27,0.0004,0.0001
30.10.2019 00:46:59.324 GMT+0100,3037.93,3037.27,0.0032,0.0028
30.10.2019 00:47:02.528 GMT+0100,3037.631,3037.27,0.0004,0.0005
30.10.2019 00:47:02.578 GMT+0100,3037.63,3036.9700000000003,0.0004,0.0005
30.10.2019 00:47:15.227 GMT+0100,3037.93,3037.27,0,0.0001
30.10.2019 00:47:16.473 GMT+0100,3037.63,3037.27,0.0004,0.0001
30.10.2019 00:47:16.524 GMT+0100,3037.63,3036.9700000000003,0.0004,0.0022
30.10.2019 00:47:17.210 GMT+0100,3037.93,3037.27,0.0032,0.0028
30.10.2019 00:47:18.328 GMT+0100,3037.631,3037.27,0.0004,0.0005
30.10.2019 00:47:18.378 GMT+0100,3037.63,3036.9700000000003,0.0004,0.0004
30.10.2019 00:47:24.587 GMT+0100,3037.63,3037.27,0.0004,0.0022
30.10.2019 00:47:24.637 GMT+0100,3037.93,3037.27,0.0004,0.0022
30.10.2019 00:47:26.452 GMT+0100,3037.63,3036.9700000000003,0.0032,0.0028
30.10.2019 00:47:31.986 GMT+0100,3037.63,3037.2690000000002,0.0004,0.0022
30.10.2019 00:47:32.036 GMT+0100,3037.93,3037.27,0,0.0001
30.10.2019 00:47:34.379 GMT+0100,3037.63,3036.9700000000003,0.0032,0.0028
30.10.2019 00:48:22.412 GMT+0100,3037.63,3037.2690000000002,0.0004,0.0022
30.10.2019 00:48:22.462 GMT+0100,3037.93,3037.27,0.0004,0.0004
30.10.2019 00:48:55.614 GMT+0100,3037.63,3037.27,0.0004,0.0004
30.10.2019 00:48:55.665 GMT+0100,3037.63,3036.9700000000003,0.0032,0.0028
30.10.2019 00:49:06.223 GMT+0100,3037.431,3036.9700000000003,0.0004,0.0005
30.10.2019 00:49:06.273 GMT+0100,3037.43,3036.77,0.0004,0.0004
30.10.2019 00:49:08.751 GMT+0100,3037.43,3036.9690000000005,0.0004,0.0022
30.10.2019 00:49:08.801 GMT+0100,3037.63,3036.9700000000003,0.0004,0.0004
30.10.2019 00:49:34.474 GMT+0100,3037.43,3036.9700000000003,0.0004,0.0004
30.10.2019 00:49:34.525 GMT+0100,3037.43,3036.77,0.0004,0.0024
30.10.2019 00:49:39.586 GMT+0100,3037.43,3036.9690000000005,0,0.0022
30.10.2019 00:49:39.636 GMT+0100,3037.63,3036.9700000000003,0,0.0001
30.10.2019 00:50:39.764 GMT+0100,3037.631,3036.9690000000005,0.0027,0.0027
30.10.2019 00:51:36.792 GMT+0100,3037.431,3036.9690000000005,0.0004,0.0004
30.10.2019 00:51:36.842 GMT+0100,3037.431,3036.7690000000002,0.0032,0.0028
30.10.2019 00:51:45.284 GMT+0100,3037.63,3036.9700000000003,0.0032,0.0028
30.10.2019 00:51:47.266 GMT+0100,3037.43,3036.77,0.0004,0.0005
30.10.2019 00:53:05.042 GMT+0100,3037.23,3036.57,0.0032,0.0028
30.10.2019 00:53:10.185 GMT+0100,3037.131,3036.57,0.0004,0.0005
30.10.2019 00:53:10.236 GMT+0100,3037.13,3036.4700000000003,0.0004,0.0004
30.10.2019 00:53:58.230 GMT+0100,3037.13,3036.77,0.0004,0.0022
30.10.2019 00:53:58.281 GMT+0100,3037.43,3036.77,0.0004,0.0022
30.10.2019 00:54:33.609 GMT+0100,3037.13,3036.7690000000002,0.0004,0.0005
30.10.2019 00:54:33.660 GMT+0100,3037.13,3036.4700000000003,0.0004,0.0022
30.10.2019 00:54:47.152 GMT+0100,3036.93,3036.4690000000005,0.0004,0.0005
30.10.2019 00:54:47.202 GMT+0100,3036.93,3036.27,0.0009,0.0027
30.10.2019 00:54:47.310 GMT+0100,3036.93,3036.369,0.0004,0.0022
30.10.2019 00:54:47.361 GMT+0100,3037.03,3036.37,0,0.0001
30.10.2019 00:54:47.989 GMT+0100,3037.03,3036.4700000000003,0,0.0022
30.10.2019 00:54:48.040 GMT+0100,3037.13,3036.4700000000003,0.0004,0.0022
30.10.2019 00:55:25.465 GMT+0100,3037.131,3036.7690000000002,0.0004,0.0022
30.10.2019 00:55:25.515 GMT+0100,3037.43,3036.77,0.0004,0.0005
30.10.2019 00:56:32.738 GMT+0100,3037.63,3036.9700000000003,0.0004,0.0022
30.10.2019 00:57:06.283 GMT+0100,3037.43,3036.9690000000005,0.0004,0.0005
30.10.2019 00:57:06.334 GMT+0100,3037.43,3036.77,0.0032,0.0028
30.10.2019 00:57:08.626 GMT+0100,3037.43,3036.87,0.0004,0.0022
30.10.2019 00:57:08.676 GMT+0100,3037.53,3036.87,0.0009,0.0027
30.10.2019 00:57:13.247 GMT+0100,3037.431,3036.87,0.0004,0.0004
30.10.2019 00:57:13.298 GMT+0100,3037.43,3036.77,0.0004,0.0004
30.10.2019 00:57:13.786 GMT+0100,3037.43,3036.869,0.0004,0.0022
30.10.2019 00:57:13.836 GMT+0100,3037.53,3036.87,0,0.0001
30.10.2019 00:57:19.532 GMT+0100,3037.53,3036.9700000000003,0,0.0022
30.10.2019 00:57:19.583 GMT+0100,3037.63,3036.9700000000003,0.0032,0.0028
30.10.2019 00:58:17.288 GMT+0100,3037.63,3037.27,0.0004,0.0022
30.10.2019 00:58:17.338 GMT+0100,3037.93,3037.27,0.0004,0.0022
30.10.2019 00:58:31.551 GMT+0100,3037.73,3037.2690000000002,0.0004,0.0005
30.10.2019 00:58:31.601 GMT+0100,3037.73,3037.07,0.0032,0.0028
30.10.2019 00:58:35.503 GMT+0100,3037.73,3037.2690000000002,0.0004,0.0022
30.10.2019 00:58:35.554 GMT+0100,3037.931,3037.2690000000002,0.0032,0.0028
30.10.2019 00:59:55.492 GMT+0100,3037.631,3037.2690000000002,0.0004,0.0004
30.10.2019 00:59:55.543 GMT+0100,3037.63,3036.9700000000003,0,0.0001
30.10.2019 00:59:55.819 GMT+0100,3037.63,3037.2690000000002,0,0.0022
30.10.2019 00:59:55.869 GMT+0100,3037.931,3037.2690000000002,0.0032,0.0028
30.10.2019 01:00:02.972 GMT+0100,3038.13,3037.4700000000003,0.0009,0.0027
30.10.2019 01:00:06.625 GMT+0100,3038.431,3037.7690000000002,0.0032,0.0028
30.10.2019 01:00:18.666 GMT+0100,3038.131,3037.7690000000002,0.0004,0.0005
30.10.2019 01:00:18.716 GMT+0100,3038.13,3037.4700000000003,0.0004,0.0004
30.10.2019 01:00:24.708 GMT+0100,3037.93,3037.4700000000003,0.0004,0.0004
30.10.2019 01:00:24.766 GMT+0100,3037.93,3037.27,0.0004,0.0022
30.10.2019 01:00:24.869 GMT+0100,3037.931,3037.4690000000005,0.0004,0.0022
30.10.2019 01:00:24.919 GMT+0100,3038.13,3037.4700000000003,0.0004,0.0004
30.10.2019 01:00:52.985 GMT+0100,3037.93,3037.4700000000003,0.0004,0.0004
30.10.2019 01:00:53.035 GMT+0100,3037.93,3037.27,0.0032,0.0028
30.10.2019 01:01:16.996 GMT+0100,3037.93,3037.4690000000005,0.0004,0.0022
30.10.2019 01:01:17.046 GMT+0100,3038.13,3037.4700000000003,0.0004,0.0005
30.10.2019 01:01:18.068 GMT+0100,3037.93,3037.4700000000003,0.0004,0.0005
30.10.2019 01:01:18.118 GMT+0100,3037.93,3037.27,0.0032,0.0028
30.10.2019 01:01:37.207 GMT+0100,3038.13,3037.4700000000003,0.0004,0.0022
30.10.2019 01:01:40.887 GMT+0100,3037.93,3037.4690000000005,0.0004,0.0005
30.10.2019 01:01:40.937 GMT+0100,3037.93,3037.27,0.0004,0.0024
30.10.2019 01:01:43.526 GMT+0100,3038.13,3037.4700000000003,0.0032,0.0028
30.10.2019 01:01:43.936 GMT+0100,3037.931,3037.4700000000003,0.0004,0.0005
30.10.2019 01:01:43.986 GMT+0100,3037.93,3037.27,0.0004,0.0005
30.10.2019 01:01:51.071 GMT+0100,3038.13,3037.4700000000003,0.0009,0.0027
30.10.2019 01:02:19.247 GMT+0100,3038.131,3037.5690000000004,0,0.0027
30.10.2019 01:02:19.298 GMT+0100,3038.2309999999998,3037.5690000000004,0.0032,0.0028
30.10.2019 01:02:19.374 GMT+0100,3038.2309999999998,3037.77,0.0004,0.0022
30.10.2019 01:02:19.425 GMT+0100,3038.43,3037.77,0.0004,0.0024
30.10.2019 01:02:47.881 GMT+0100,3038.63,3037.9700000000003,0.0004,0.0005
30.10.2019 01:02:48.349 GMT+0100,3038.43,3037.9700000000003,0.0004,0.0005
30.10.2019 01:02:48.400 GMT+0100,3038.43,3037.77,0.0032,0.0028
30.10.2019 01:02:48.540 GMT+0100,3038.63,3037.9700000000003,0.0004,0.0022
30.10.2019 01:02:51.654 GMT+0100,3038.43,3037.9690000000005,0.0004,0.0005
30.10.2019 01:02:51.705 GMT+0100,3038.43,3037.77,0.0032,0.0028
30.10.2019 01:02:51.844 GMT+0100,3038.631,3037.9690000000005,0.0032,0.0028
30.10.2019 01:02:52.173 GMT+0100,3038.43,3037.77,0.0004,0.0024
30.10.2019 01:02:52.968 GMT+0100,3038.43,3037.9690000000005,0,0.0022
30.10.2019 01:02:53.018 GMT+0100,3038.63,3037.9700000000003,0,0.0001
30.10.2019 01:03:09.201 GMT+0100,3038.43,3037.9700000000003,0.0004,0.0001
30.10.2019 01:03:09.252 GMT+0100,3038.43,3037.77,0.0004,0.0022
30.10.2019 01:03:09.820 GMT+0100,3038.431,3037.9690000000005,0.0004,0.0022
30.10.2019 01:03:09.871 GMT+0100,3038.631,3037.9690000000005,0.0032,0.0028
30.10.2019 01:03:11.266 GMT+0100,3038.43,3037.9690000000005,0.0004,0.0005
30.10.2019 01:03:11.317 GMT+0100,3038.43,3037.77,0.0004,0.0024
30.10.2019 01:03:12.153 GMT+0100,3038.43,3037.9690000000005,0,0.0022
30.10.2019 01:03:12.204 GMT+0100,3038.63,3037.9700000000003,0,0.0001
30.10.2019 01:03:14.219 GMT+0100,3038.43,3037.9700000000003,0.0004,0.0001
30.10.2019 01:03:14.269 GMT+0100,3038.43,3037.77,0.0004,0.0024
30.10.2019 01:03:29.322 GMT+0100,3038.43,3037.9700000000003,0,0.0022
30.10.2019 01:03:29.372 GMT+0100,3038.63,3037.9700000000003,0.0004,0.0024
30.10.2019 01:03:29.963 GMT+0100,3038.43,3037.9700000000003,0.0004,0.0001
30.10.2019 01:03:30.013 GMT+0100,3038.43,3037.77,0.0004,0.0022
30.10.2019 01:03:31.704 GMT+0100,3038.431,3037.9700000000003,0.0004,0.0022
30.10.2019 01:03:31.755 GMT+0100,3038.63,3037.9700000000003,0.0004,0.0022
30.10.2019 01:03:34.084 GMT+0100,3038.43,3037.9690000000005,0.0004,0.0005
30.10.2019 01:03:34.134 GMT+0100,3038.43,3037.77,0.0009,0.0027
30.10.2019 01:03:57.479 GMT+0100,3038.43,3037.9700000000003,0.0004,0.0022
30.10.2019 01:03:57.529 GMT+0100,3038.63,3037.9700000000003,0.0009,0.0027
30.10.2019 01:04:03.873 GMT+0100,3038.43,3037.9700000000003,0.0004,0.0004
30.10.2019 01:04:03.923 GMT+0100,3038.43,3037.77,0.0004,0.0022
30.10.2019 01:04:04.612 GMT+0100,3038.431,3037.9690000000005,0.0004,0.0022
30.10.2019 01:04:04.662 GMT+0100,3038.63,3037.9700000000003,0.0004,0.0004
30.10.2019 01:04:23.345 GMT+0100,3038.43,3037.9700000000003,0.0004,0.0004
30.10.2019 01:04:23.395 GMT+0100,3038.43,3037.77,0.0032,0.0028
30.10.2019 01:04:55.241 GMT+0100,3038.23,3037.57,0.0004,0.0024
30.10.2019 01:04:56.022 GMT+0100,3038.131,3037.57,0.0004,0.0001
30.10.2019 01:04:56.073 GMT+0100,3038.13,3037.4700000000003,0.0004,0.0004
30.10.2019 01:04:57.379 GMT+0100,3038.13,3037.77,0.0004,0.0022
30.10.2019 01:04:57.430 GMT+0100,3038.43,3037.77,0.0032,0.0028
30.10.2019 01:04:59.551 GMT+0100,3038.131,3037.77,0.0004,0.0005
30.10.2019 01:04:59.601 GMT+0100,3038.13,3037.4700000000003,0.0004,0.0004
30.10.2019 01:05:03.052 GMT+0100,3038.13,3037.77,0.0004,0.0022
30.10.2019 01:05:03.102 GMT+0100,3038.43,3037.77,0.0009,0.0027
30.10.2019 01:05:15.867 GMT+0100,3038.43,3037.9690000000005,0.0004,0.0022
30.10.2019 01:05:15.917 GMT+0100,3038.631,3037.9690000000005,0.0032,0.0028
30.10.2019 01:06:08.292 GMT+0100,3038.43,3037.9690000000005,0.0004,0.0005
30.10.2019 01:06:08.343 GMT+0100,3038.43,3037.77,0.0032,0.0028
30.10.2019 01:06:12.359 GMT+0100,3038.43,3037.9700000000003,0.0004,0.0022
30.10.2019 01:06:12.410 GMT+0100,3038.63,3037.9700000000003,0.0004,0.0022
30.10.2019 01:06:13.336 GMT+0100,3038.43,3037.77,0.0004,0.0004
30.10.2019 01:06:18.020 GMT+0100,3038.43,3037.869,0.0004,0.0022
30.10.2019 01:06:18.070 GMT+0100,3038.53,3037.87,0,0.0001
30.10.2019 01:06:18.638 GMT+0100,3038.43,3037.87,0.0004,0.0001
30.10.2019 01:06:18.690 GMT+0100,3038.43,3037.77,0.0009,0.0027
30.10.2019 01:06:47.807 GMT+0100,3038.43,3037.9690000000005,0.0004,0.0022
30.10.2019 01:06:47.857 GMT+0100,3038.63,3037.9700000000003,0.0004,0.0004
30.10.2019 01:06:47.933 GMT+0100,3038.431,3037.9700000000003,0.0004,0.0004
30.10.2019 01:06:47.984 GMT+0100,3038.43,3037.77,0,0.0001
30.10.2019 01:06:48.251 GMT+0100,3038.43,3037.9690000000005,0,0.0004
30.10.2019 01:06:48.302 GMT+0100,3038.63,3037.9700000000003,0.0004,0.0022
30.10.2019 01:06:49.880 GMT+0100,3038.43,3037.9690000000005,0.0004,0.0005
30.10.2019 01:06:49.931 GMT+0100,3038.43,3037.77,0.0004,0.0024
30.10.2019 01:07:01.448 GMT+0100,3038.43,3037.87,0,0.0022
30.10.2019 01:07:01.498 GMT+0100,3038.53,3037.87,0.0004,0.0024
30.10.2019 01:07:02.534 GMT+0100,3038.431,3037.87,0.0004,0.0001
30.10.2019 01:07:02.584 GMT+0100,3038.431,3037.7690000000002,0.0032,0.0028
30.10.2019 01:07:11.812 GMT+0100,3038.431,3037.9690000000005,0.0004,0.0022
30.10.2019 01:07:11.863 GMT+0100,3038.63,3037.9700000000003,0,0.0001
30.10.2019 01:07:31.324 GMT+0100,3038.53,3037.9700000000003,0.0004,0.0001
30.10.2019 01:07:31.374 GMT+0100,3038.53,3037.87,0.0004,0.0024
30.10.2019 01:07:32.601 GMT+0100,3038.43,3037.87,0.0004,0.0001
30.10.2019 01:07:32.652 GMT+0100,3038.43,3037.77,0.0032,0.0028
30.10.2019 01:07:40.791 GMT+0100,3038.43,3037.9690000000005,0.0004,0.0022
30.10.2019 01:07:40.842 GMT+0100,3038.631,3037.9690000000005,0.0032,0.0028
30.10.2019 01:07:40.959 GMT+0100,3038.43,3037.77,0.0004,0.0024
30.10.2019 01:07:55.822 GMT+0100,3038.13,3037.4700000000003,0.0004,0.0024
30.10.2019 01:08:18.699 GMT+0100,3038.13,3037.77,0,0.0022
30.10.2019 01:08:18.749 GMT+0100,3038.43,3037.77,0.0009,0.0027
30.10.2019 01:08:19.066 GMT+0100,3038.13,3037.77,0.0004,0.0022
30.10.2019 01:08:19.116 GMT+0100,3038.13,3037.4700000000003,0.0004,0.0004
30.10.2019 01:08:22.439 GMT+0100,3038.13,3037.77,0.0004,0.0022
30.10.2019 01:08:22.489 GMT+0100,3038.43,3037.77,0.0032,0.0028
30.10.2019 01:08:25.247 GMT+0100,3038.13,3037.4700000000003,0.0009,0.0027
30.10.2019 01:08:29.642 GMT+0100,3038.13,3037.77,0.0004,0.0022
30.10.2019 01:08:29.692 GMT+0100,3038.43,3037.77,0.0032,0.0028
30.10.2019 01:08:38.863 GMT+0100,3038.13,3037.77,0.0004,0.0005
30.10.2019 01:08:38.913 GMT+0100,3038.13,3037.4700000000003,0.0009,0.0027
30.10.2019 01:09:10.560 GMT+0100,3038.13,3037.5690000000004,0.0009,0.0001
30.10.2019 01:09:10.626 GMT+0100,3038.2309999999998,3037.5690000000004,0.0032,0.0028
30.10.2019 01:09:10.720 GMT+0100,3038.2309999999998,3037.77,0.0004,0.0022
30.10.2019 01:09:10.771 GMT+0100,3038.43,3037.77,0.0004,0.0022
30.10.2019 01:09:18.443 GMT+0100,3038.131,3037.7690000000002,0.0004,0.0005
30.10.2019 01:09:18.493 GMT+0100,3038.13,3037.4700000000003,0,0.0001
30.10.2019 01:09:22.048 GMT+0100,3038.13,3037.5690000000004,0,0.0022
30.10.2019 01:09:22.098 GMT+0100,3038.23,3037.57,0.0004,0.0004
30.10.2019 01:09:22.375 GMT+0100,3038.13,3037.4700000000003,0.0004,0.0024
30.10.2019 01:10:05.171 GMT+0100,3037.931,3037.4700000000003,0.0004,0.0001
30.10.2019 01:10:05.221 GMT+0100,3037.931,3037.2690000000002,0.0032,0.0028
30.10.2019 01:10:20.243 GMT+0100,3037.931,3037.37,0.0004,0.0022
30.10.2019 01:10:20.294 GMT+0100,3038.03,3037.37,0.0009,0.0027
30.10.2019 01:10:23.250 GMT+0100,3037.931,3037.37,0.0004,0.0004
30.10.2019 01:10:23.301 GMT+0100,3037.93,3037.27,0.0004,0.0004
30.10.2019 01:10:24.465 GMT+0100,3037.93,3037.4700000000003,0.0004,0.0022
30.10.2019 01:10:24.516 GMT+0100,3038.13,3037.4700000000003,0.0004,0.0022
30.10.2019 01:10:28.657 GMT+0100,3037.93,3037.4690000000005,0.0004,0.0005
30.10.2019 01:10:28.707 GMT+0100,3037.93,3037.27,0.0004,0.0022
30.10.2019 01:11:18.799 GMT+0100,3037.7309999999998,3037.0690000000004,0.0032,0.0028
30.10.2019 01:11:20.926 GMT+0100,3037.63,3037.0690000000004,0.0004,0.0005
30.10.2019 01:11:20.976 GMT+0100,3037.63,3036.9700000000003,0.0009,0.0027
30.10.2019 01:11:26.063 GMT+0100,3037.63,3037.07,0.0004,0.0022
30.10.2019 01:11:26.114 GMT+0100,3037.73,3037.07,0.0032,0.0028
30.10.2019 01:11:26.721 GMT+0100,3037.63,3036.9700000000003,0.0004,0.0004
30.10.2019 01:11:26.835 GMT+0100,3037.63,3037.07,0.0004,0.0022
30.10.2019 01:11:26.886 GMT+0100,3037.73,3037.07,0.0032,0.0028
30.10.2019 01:11:28.053 GMT+0100,3037.73,3037.2690000000002,0.0004,0.0022
30.10.2019 01:11:28.103 GMT+0100,3037.93,3037.27,0.0004,0.0005
30.10.2019 01:11:30.399 GMT+0100,3037.63,3036.9700000000003,0.0004,0.0022
30.10.2019 01:11:50.966 GMT+0100,3037.431,3036.9690000000005,0.0004,0.0005
30.10.2019 01:11:51.017 GMT+0100,3037.43,3036.77,0.0004,0.0004
30.10.2019 01:11:54.316 GMT+0100,3037.431,3036.9700000000003,0.0004,0.0001
30.10.2019 01:11:54.366 GMT+0100,3037.63,3036.9700000000003,0.0004,0.0024
30.10.2019 01:11:54.496 GMT+0100,3037.43,3036.77,0,0.0001
30.10.2019 01:12:01.001 GMT+0100,3037.43,3036.9700000000003,0,0.0022
30.10.2019 01:12:01.051 GMT+0100,3037.63,3036.9700000000003,0.0009,0.0027
30.10.2019 01:12:03.413 GMT+0100,3037.431,3036.9700000000003,0.0004,0.0004
30.10.2019 01:12:03.463 GMT+0100,3037.43,3036.77,0.0004,0.0005
30.10.2019 01:12:12.234 GMT+0100,3037.43,3036.9700000000003,0.0004,0.0022
30.10.2019 01:12:12.285 GMT+0100,3037.63,3036.9700000000003,0.0009,0.0027
30.10.2019 01:12:13.598 GMT+0100,3037.431,3036.9700000000003,0.0004,0.0004
30.10.2019 01:12:13.648 GMT+0100,3037.43,3036.77,0,0.0001
30.10.2019 01:12:16.964 GMT+0100,3037.43,3036.9700000000003,0,0.0022
30.10.2019 01:12:17.014 GMT+0100,3037.63,3036.9700000000003,0.0009,0.0027
30.10.2019 01:12:17.517 GMT+0100,3037.431,3036.9700000000003,0.0004,0.0004
30.10.2019 01:12:17.567 GMT+0100,3037.43,3036.77,0.0004,0.0005
30.10.2019 01:12:25.218 GMT+0100,3037.23,3036.77,0.0004,0.0005
30.10.2019 01:12:25.268 GMT+0100,3037.23,3036.57,0.0032,0.0028
30.10.2019 01:12:26.971 GMT+0100,3037.23,3036.77,0.0004,0.0022
30.10.2019 01:12:27.022 GMT+0100,3037.43,3036.77,0.0009,0.0027
30.10.2019 01:12:27.136 GMT+0100,3037.23,3036.77,0,0.0027
30.10.2019 01:12:27.186 GMT+0100,3037.23,3036.57,0.0032,0.0028
30.10.2019 01:12:28.462 GMT+0100,3037.23,3036.7690000000002,0.0004,0.0022
30.10.2019 01:12:28.513 GMT+0100,3037.431,3036.7690000000002,0.0032,0.0028
30.10.2019 01:12:30.391 GMT+0100,3037.13,3036.7690000000002,0.0004,0.0005
30.10.2019 01:12:30.441 GMT+0100,3037.13,3036.4700000000003,0.0009,0.0027
30.10.2019 01:12:37.829 GMT+0100,3037.43,3036.77,0.0004,0.0004
30.10.2019 01:12:38.447 GMT+0100,3037.131,3036.77,0.0004,0.0004
30.10.2019 01:12:38.497 GMT+0100,3037.13,3036.4700000000003,0,0.0001
30.10.2019 01:12:49.432 GMT+0100,3037.13,3036.7690000000002,0,0.0022
30.10.2019 01:12:49.482 GMT+0100,3037.43,3036.77,0,0.0001
30.10.2019 01:12:55.083 GMT+0100,3037.131,3036.4690000000005,0.0032,0.0028
30.10.2019 01:13:06.080 GMT+0100,3037.131,3036.77,0.0004,0.0005
30.10.2019 01:13:06.131 GMT+0100,3037.43,3036.77,0.0004,0.0005
30.10.2019 01:13:07.542 GMT+0100,3037.131,3036.77,0,0.0004
30.10.2019 01:13:07.593 GMT+0100,3037.131,3036.4690000000005,0.0032,0.0028
30.10.2019 01:13:09.799 GMT+0100,3037.131,3036.57,0.0004,0.0022
30.10.2019 01:13:09.850 GMT+0100,3037.23,3036.57,0.0032,0.0028
30.10.2019 01:13:10.602 GMT+0100,3037.43,3036.77,0.0004,0.0005
30.10.2019 01:13:32.463 GMT+0100,3037.13,3036.4700000000003,0.0004,0.0024
30.10.2019 01:13:43.830 GMT+0100,3036.93,3036.4700000000003,0.0004,0.0001
30.10.2019 01:13:43.880 GMT+0100,3036.93,3036.27,0.0009,0.0027
30.10.2019 01:13:59.770 GMT+0100,3036.7309999999998,3036.27,0,0.0027
30.10.2019 01:13:59.821 GMT+0100,3036.73,3036.07,0.0004,0.0004
30.10.2019 01:14:00.470 GMT+0100,3036.73,3036.2690000000002,0.0004,0.0022
30.10.2019 01:14:00.521 GMT+0100,3036.93,3036.27,0,0.0001
30.10.2019 01:14:02.321 GMT+0100,3036.631,3036.27,0.0004,0.0001
30.10.2019 01:14:02.372 GMT+0100,3036.63,3035.9700000000003,0.0004,0.0004
30.10.2019 01:14:04.671 GMT+0100,3036.63,3036.2690000000002,0.0004,0.0022
30.10.2019 01:14:04.721 GMT+0100,3036.93,3036.27,0.0004,0.0005
30.10.2019 01:15:04.053 GMT+0100,3036.93,3036.4700000000003,0.0004,0.0022
30.10.2019 01:15:04.104 GMT+0100,3037.13,3036.4700000000003,0.0004,0.0024
30.10.2019 01:15:19.281 GMT+0100,3037.13,3036.5690000000004,0,0.0022
30.10.2019 01:15:19.332 GMT+0100,3037.23,3036.57,0.0004,0.0004
30.10.2019 01:15:19.973 GMT+0100,3037.13,3036.57,0.0004,0.0004
30.10.2019 01:15:20.023 GMT+0100,3037.13,3036.4700000000003,0.0032,0.0028
30.10.2019 01:15:21.544 GMT+0100,3037.13,3036.5690000000004,0.0004,0.0022
30.10.2019 01:15:21.594 GMT+0100,3037.2309999999998,3036.5690000000004,0.0032,0.0028
30.10.2019 01:15:22.837 GMT+0100,3037.431,3036.7690000000002,0.0032,0.0028
30.10.2019 01:15:23.369 GMT+0100,3037.23,3036.7690000000002,0.0004,0.0005
30.10.2019 01:15:23.420 GMT+0100,3037.23,3036.57,0.0009,0.0027
30.10.2019 01:15:24.560 GMT+0100,3037.13,3036.57,0.0004,0.0004
30.10.2019 01:15:24.610 GMT+0100,3037.13,3036.4700000000003,0.0004,0.0024
30.10.2019 01:15:28.983 GMT+0100,3037.13,3036.77,0,0.0022
30.10.2019 01:15:29.034 GMT+0100,3037.43,3036.77,0.0032,0.0028
30.10.2019 01:15:29.365 GMT+0100,3037.2309999999998,3036.77,0.0004,0.0005
30.10.2019 01:15:29.416 GMT+0100,3037.23,3036.57,0.0004,0.0005
30.10.2019 01:15:29.955 GMT+0100,3037.131,3036.57,0.0004,0.0005
30.10.2019 01:15:30.006 GMT+0100,3037.131,3036.4690000000005,0.0032,0.0028
30.10.2019 01:15:45.998 GMT+0100,3036.6340000000005,3036.4690000000005,0.0004,0.0005
30.10.2019 01:15:46.048 GMT+0100,3036.63,3035.9700000000003,0.0004,0.0024
30.10.2019 01:15:55.910 GMT+0100,3036.63,3036.2690000000002,0,0.0022
30.10.2019 01:15:55.960 GMT+0100,3036.931,3036.2690000000002,0.0032,0.0028
30.10.2019 01:15:56.073 GMT+0100,3036.73,3036.2690000000002,0.0004,0.0005
30.10.2019 01:15:56.123 GMT+0100,3036.73,3036.07,0.0004,0.0022
30.10.2019 01:15:56.260 GMT+0100,3036.73,3036.2690000000002,0.0004,0.0005
30.10.2019 01:15:56.311 GMT+0100,3036.93,3036.27,0.0004,0.0022
30.10.2019 01:16:02.083 GMT+0100,3036.63,3036.2690000000002,0.0004,0.0005
30.10.2019 01:16:02.133 GMT+0100,3036.63,3035.9700000000003,0.0004,0.0024
30.10.2019 01:16:25.966 GMT+0100,3036.431,3035.9700000000003,0.0004,0.0001
30.10.2019 01:16:26.016 GMT+0100,3036.43,3035.77,0.0004,0.0004
30.10.2019 01:16:31.899 GMT+0100,3036.13,3035.77,0.0004,0.0004
30.10.2019 01:16:31.949 GMT+0100,3036.13,3035.4700000000003,0.0009,0.0027
30.10.2019 01:16:32.058 GMT+0100,3035.93,3035.4700000000003,0.0004,0.0004
30.10.2019 01:16:32.138 GMT+0100,3035.93,3035.27,0.0032,0.0028
30.10.2019 01:16:40.634 GMT+0100,3035.93,3035.4700000000003,0,0.0027
30.10.2019 01:16:40.684 GMT+0100,3036.13,3035.4700000000003,0.0032,0.0028
30.10.2019 01:16:40.792 GMT+0100,3035.93,3035.4700000000003,0.0004,0.0005
30.10.2019 01:16:40.842 GMT+0100,3035.93,3035.27,0.0032,0.0028
30.10.2019 01:16:48.858 GMT+0100,3035.93,3035.4700000000003,0.0004,0.0022
30.10.2019 01:16:48.909 GMT+0100,3036.13,3035.4700000000003,0.0004,0.0024
30.10.2019 01:17:02.518 GMT+0100,3036.03,3035.4700000000003,0.0004,0.0001
30.10.2019 01:17:02.568 GMT+0100,3036.03,3035.37,0.0004,0.0022
30.10.2019 01:17:02.711 GMT+0100,3036.13,3035.4700000000003,0.0004,0.0004
30.10.2019 01:17:05.607 GMT+0100,3035.931,3035.4700000000003,0.0004,0.0004
30.10.2019 01:17:05.658 GMT+0100,3035.93,3035.27,0,0.0001
30.10.2019 01:17:08.072 GMT+0100,3035.93,3035.4700000000003,0,0.0022
30.10.2019 01:17:08.173 GMT+0100,3036.13,3035.4700000000003,0.0004,0.0022
30.10.2019 01:17:08.398 GMT+0100,3035.93,3035.4690000000005,0.0004,0.0005
30.10.2019 01:17:08.448 GMT+0100,3035.93,3035.27,0.0032,0.0028
30.10.2019 01:17:19.268 GMT+0100,3035.631,3035.27,0.0004,0.0005
30.10.2019 01:17:19.318 GMT+0100,3035.63,3034.9700000000003,0,0.0001
30.10.2019 01:17:34.603 GMT+0100,3035.63,3035.27,0,0.0022
30.10.2019 01:17:34.674 GMT+0100,3035.93,3035.27,0.0032,0.0028
30.10.2019 01:17:37.860 GMT+0100,3035.93,3035.369,0.0004,0.0022
30.10.2019 01:17:37.910 GMT+0100,3036.03,3035.37,0,0.0001
30.10.2019 01:17:38.024 GMT+0100,3036.03,3035.4690000000005,0,0.0022
30.10.2019 01:17:38.074 GMT+0100,3036.13,3035.4700000000003,0.0004,0.0005
30.10.2019 01:17:42.603 GMT+0100,3036.13,3035.7690000000002,0.0004,0.0022
30.10.2019 01:17:42.654 GMT+0100,3036.431,3035.7690000000002,0.0032,0.0028
30.10.2019 01:17:42.781 GMT+0100,3036.13,3035.4700000000003,0.0004,0.0004
30.10.2019 01:17:43.651 GMT+0100,3036.13,3035.5690000000004,0.0004,0.0022
30.10.2019 01:17:43.701 GMT+0100,3036.23,3035.57,0.0004,0.0005
30.10.2019 01:17:45.422 GMT+0100,3036.13,3035.4700000000003,0.0004,0.0024
30.10.2019 01:17:47.403 GMT+0100,3036.43,3035.77,0.0004,0.0004
30.10.2019 01:17:50.788 GMT+0100,3036.131,3035.77,0.0004,0.0004
30.10.2019 01:17:50.838 GMT+0100,3036.13,3035.4700000000003,0.0004,0.0004
30.10.2019 01:18:18.899 GMT+0100,3036.13,3035.7690000000002,0.0004,0.0022
30.10.2019 01:18:18.949 GMT+0100,3036.43,3035.77,0.0004,0.0004
30.10.2019 01:18:19.382 GMT+0100,3036.13,3035.77,0.0004,0.0004
30.10.2019 01:18:19.432 GMT+0100,3036.13,3035.4700000000003,0.0004,0.0024
30.10.2019 01:18:21.849 GMT+0100,3036.13,3035.77,0,0.0022
30.10.2019 01:18:21.899 GMT+0100,3036.43,3035.77,0.0004,0.0024
30.10.2019 01:18:48.988 GMT+0100,3036.43,3035.9700000000003,0,0.0022
30.10.2019 01:18:49.038 GMT+0100,3036.63,3035.9700000000003,0.0004,0.0022
30.10.2019 01:18:51.012 GMT+0100,3036.531,3035.9690000000005,0.0004,0.0005
30.10.2019 01:18:51.063 GMT+0100,3036.53,3035.87,0.0004,0.0004
30.10.2019 01:18:54.839 GMT+0100,3036.53,3035.9690000000005,0.0004,0.0022
30.10.2019 01:18:54.889 GMT+0100,3036.63,3035.9700000000003,0.0004,0.0004
30.10.2019 01:18:58.821 GMT+0100,3036.43,3035.9700000000003,0.0004,0.0004
30.10.2019 01:18:58.872 GMT+0100,3036.43,3035.77,0.0032,0.0028
30.10.2019 01:18:59.241 GMT+0100,3036.43,3035.9690000000005,0.0004,0.0022
30.10.2019 01:18:59.291 GMT+0100,3036.631,3035.9690000000005,0.0032,0.0028
30.10.2019 01:19:05.663 GMT+0100,3036.531,3035.9690000000005,0.0004,0.0005
30.10.2019 01:19:05.714 GMT+0100,3036.53,3035.87,0.0004,0.0004
30.10.2019 01:19:05.820 GMT+0100,3036.53,3035.9700000000003,0.0004,0.0022
30.10.2019 01:19:05.870 GMT+0100,3036.63,3035.9700000000003,0.0004,0.0022
30.10.2019 01:19:07.281 GMT+0100,3036.431,3035.9690000000005,0.0004,0.0005
30.10.2019 01:19:07.332 GMT+0100,3036.431,3035.7690000000002,0.0032,0.0028
30.10.2019 01:19:08.155 GMT+0100,3036.431,3035.9690000000005,0.0004,0.0022
30.10.2019 01:19:08.205 GMT+0100,3036.631,3035.9690000000005,0.0032,0.0028
30.10.2019 01:19:26.228 GMT+0100,3036.631,3036.27,0.0004,0.0022
30.10.2019 01:19:26.278 GMT+0100,3036.93,3036.27,0.0004,0.0024
30.10.2019 01:19:38.629 GMT+0100,3036.631,3036.27,0.0004,0.0001
30.10.2019 01:19:38.680 GMT+0100,3036.631,3035.9690000000005,0.0032,0.0028
30.10.2019 01:20:09.552 GMT+0100,3036.631,3036.2690000000002,0.0004,0.0022
30.10.2019 01:20:09.602 GMT+0100,3036.93,3036.27,0,0.0001
30.10.2019 01:20:20.553 GMT+0100,3036.7309999999998,3036.27,0.0004,0.0001
30.10.2019 01:20:20.603 GMT+0100,3036.7309999999998,3036.0690000000004,0.0032,0.0028
30.10.2019 01:20:20.757 GMT+0100,3036.93,3036.27,0.0009,0.0027
30.10.2019 01:20:25.344 GMT+0100,3036.63,3036.27,0.0004,0.0004
30.10.2019 01:20:25.395 GMT+0100,3036.63,3035.9700000000003,0.0009,0.0027
30.10.2019 01:20:25.505 GMT+0100,3036.63,3036.07,0.0004,0.0022
30.10.2019 01:20:25.556 GMT+0100,3036.73,3036.07,0.0004,0.0024
30.10.2019 01:20:26.208 GMT+0100,3036.73,3036.2690000000002,0,0.0022
30.10.2019 01:20:26.259 GMT+0100,3036.93,3036.27,0.0004,0.0005
30.10.2019 01:20:26.385 GMT+0100,3036.73,3036.07,0.0004,0.0024
30.10.2019 01:20:26.642 GMT+0100,3036.73,3036.2690000000002,0,0.0022
30.10.2019 01:20:26.693 GMT+0100,3036.93,3036.27,0.0004,0.0004
30.10.2019 01:20:26.811 GMT+0100,3036.73,3036.27,0.0004,0.0004
30.10.2019 01:20:26.861 GMT+0100,3036.73,3036.07,0.0032,0.0028
30.10.2019 01:20:27.093 GMT+0100,3036.631,3036.07,0,0.0027
30.10.2019 01:20:27.144 GMT+0100,3036.631,3035.9690000000005,0.0032,0.0028
30.10.2019 01:20:27.408 GMT+0100,3036.631,3036.2690000000002,0.0004,0.0022
30.10.2019 01:20:27.458 GMT+0100,3036.931,3036.2690000000002,0.0032,0.0028
30.10.2019 01:20:43.897 GMT+0100,3036.73,3036.07,0.0004,0.0024
30.10.2019 01:20:44.711 GMT+0100,3036.631,3036.07,0.0004,0.0001
30.10.2019 01:20:44.762 GMT+0100,3036.63,3035.9700000000003,0.0004,0.0005
30.10.2019 01:20:47.011 GMT+0100,3036.63,3036.2690000000002,0.0004,0.0022
30.10.2019 01:20:47.061 GMT+0100,3036.931,3036.2690000000002,0.0032,0.0028
30.10.2019 01:20:47.370 GMT+0100,3036.631,3036.2690000000002,0.0004,0.0005
30.10.2019 01:20:47.421 GMT+0100,3036.631,3035.9690000000005,0.0032,0.0028
30.10.2019 01:20:48.857 GMT+0100,3036.93,3036.27,0.0004,0.0004
30.10.2019 01:20:50.838 GMT+0100,3036.73,3036.07,0.0009,0.0027
30.10.2019 01:20:51.371 GMT+0100,3036.73,3036.27,0.0004,0.0022
30.10.2019 01:20:51.421 GMT+0100,3036.93,3036.27,0.0004,0.0024
30.10.2019 01:20:51.532 GMT+0100,3036.7309999999998,3036.27,0.0004,0.0001
30.10.2019 01:20:51.583 GMT+0100,3036.73,3036.07,0.0004,0.0004
30.10.2019 01:20:52.040 GMT+0100,3036.73,3036.2690000000002,0.0004,0.0022
30.10.2019 01:20:52.091 GMT+0100,3036.93,3036.27,0,0.0001
30.10.2019 01:20:52.567 GMT+0100,3036.631,3036.27,0.0004,0.0001
30.10.2019 01:20:52.617 GMT+0100,3036.631,3035.9690000000005,0.0032,0.0028
30.10.2019 01:20:54.236 GMT+0100,3036.631,3036.2690000000002,0.0004,0.0022
30.10.2019 01:20:54.286 GMT+0100,3036.931,3036.2690000000002,0.0032,0.0028
30.10.2019 01:21:10.288 GMT+0100,3036.931,3036.4700000000003,0.0004,0.0022
30.10.2019 01:21:10.338 GMT+0100,3037.13,3036.4700000000003,0.0032,0.0028
30.10.2019 01:21:11.446 GMT+0100,3037.03,3036.4700000000003,0.0004,0.0005
30.10.2019 01:21:11.497 GMT+0100,3037.03,3036.37,0.0032,0.0028
30.10.2019 01:21:11.608 GMT+0100,3037.03,3036.4690000000005,0.0004,0.0022
30.10.2019 01:21:11.658 GMT+0100,3037.13,3036.4700000000003,0.0004,0.0004
30.10.2019 01:21:12.403 GMT+0100,3036.93,3036.27,0.0004,0.0024
30.10.2019 01:21:12.722 GMT+0100,3036.93,3036.37,0,0.0022
30.10.2019 01:21:12.772 GMT+0100,3037.03,3036.37,0.0032,0.0028
30.10.2019 01:21:13.160 GMT+0100,3037.03,3036.4690000000005,0.0004,0.0024
30.10.2019 01:21:13.210 GMT+0100,3037.13,3036.4700000000003,0.0004,0.0004
30.10.2019 01:21:13.351 GMT+0100,3037.03,3036.37,0,0.0001
30.10.2019 01:21:13.471 GMT+0100,3036.931,3036.37,0.0004,0.0001
30.10.2019 01:21:13.522 GMT+0100,3036.931,3036.2690000000002,0.0032,0.0028
30.10.2019 01:21:16.411 GMT+0100,3036.931,3036.4690000000005,0.0004,0.0022
30.10.2019 01:21:16.461 GMT+0100,3037.13,3036.4700000000003,0.0004,0.0005
30.10.2019 01:21:18.436 GMT+0100,3036.93,3036.4700000000003,0.0004,0.0005
30.10.2019 01:21:18.487 GMT+0100,3036.93,3036.27,0.0004,0.0024
30.10.2019 01:21:18.996 GMT+0100,3036.93,3036.4700000000003,0,0.0022
30.10.2019 01:21:19.047 GMT+0100,3037.13,3036.4700000000003,0.0004,0.0022
30.10.2019 01:21:19.157 GMT+0100,3036.93,3036.4690000000005,0.0004,0.0005
30.10.2019 01:21:19.208 GMT+0100,3036.93,3036.27,0.0032,0.0028
30.10.2019 01:21:19.973 GMT+0100,3036.93,3036.4690000000005,0.0004,0.0022
30.10.2019 01:21:20.023 GMT+0100,3037.13,3036.4700000000003,0,0.0001
30.10.2019 01:21:29.721 GMT+0100,3036.93,3036.4700000000003,0.0004,0.0001
30.10.2019 01:21:29.771 GMT+0100,3036.93,3036.27,0.0032,0.0028
30.10.2019 01:21:31.170 GMT+0100,3036.93,3036.369,0.0004,0.0022
30.10.2019 01:21:31.221 GMT+0100,3037.03,3036.37,0.0004,0.0004
30.10.2019 01:21:32.088 GMT+0100,3036.931,3036.37,0.0004,0.0004
30.10.2019 01:21:32.138 GMT+0100,3036.93,3036.27,0,0.0001
30.10.2019 01:21:33.864 GMT+0100,3036.93,3036.4690000000005,0,0.0022
30.10.2019 01:21:33.914 GMT+0100,3037.13,3036.4700000000003,0,0.0001
30.10.2019 01:21:34.026 GMT+0100,3037.031,3036.4700000000003,0.0004,0.0001
30.10.2019 01:21:34.076 GMT+0100,3037.031,3036.369,0.0032,0.0028
30.10.2019 01:21:34.314 GMT+0100,3037.031,3036.4700000000003,0.0004,0.0022
30.10.2019 01:21:34.365 GMT+0100,3037.13,3036.4700000000003,0.0032,0.0028
30.10.2019 01:21:37.494 GMT+0100,3037.03,3036.37,0.0032,0.0028
30.10.2019 01:21:38.089 GMT+0100,3036.931,3036.37,0.0004,0.0005
30.10.2019 01:21:38.139 GMT+0100,3036.931,3036.2690000000002,0.0032,0.0028
30.10.2019 01:21:38.249 GMT+0100,3036.931,3036.37,0.0004,0.0022
30.10.2019 01:21:38.299 GMT+0100,3037.03,3036.37,0.0004,0.0022
30.10.2019 01:21:49.167 GMT+0100,3036.93,3036.37,0.0004,0.0022
30.10.2019 01:21:49.268 GMT+0100,3036.93,3036.27,0.0032,0.0028
30.10.2019 01:21:50.067 GMT+0100,3037.13,3036.4700000000003,0,0.0001
30.10.2019 01:21:52.536 GMT+0100,3036.931,3036.4700000000003,0.0004,0.0001
30.10.2019 01:21:52.586 GMT+0100,3036.93,3036.27,0.0004,0.0005
30.10.2019 01:21:53.003 GMT+0100,3036.93,3036.37,0.0004,0.0022
30.10.2019 01:21:53.053 GMT+0100,3037.03,3036.37,0.0004,0.0024
30.10.2019 01:21:53.324 GMT+0100,3037.03,3036.4690000000005,0,0.0022
30.10.2019 01:21:53.374 GMT+0100,3037.13,3036.4700000000003,0,0.0001
30.10.2019 01:21:55.254 GMT+0100,3036.93,3036.4700000000003,0.0004,0.0001
30.10.2019 01:21:55.304 GMT+0100,3036.93,3036.27,0.0004,0.0024
30.10.2019 01:21:56.273 GMT+0100,3036.93,3036.4690000000005,0,0.0022
30.10.2019 01:21:56.324 GMT+0100,3037.13,3036.4700000000003,0,0.0001
30.10.2019 01:22:29.415 GMT+0100,3037.03,3036.4700000000003,0.0004,0.0001
30.10.2019 01:22:29.466 GMT+0100,3037.03,3036.37,0.0004,0.0004
30.10.2019 01:22:29.733 GMT+0100,3036.931,3036.37,0.0004,0.0004
30.10.2019 01:22:29.783 GMT+0100,3036.93,3036.27,0.0004,0.0004
30.10.2019 01:22:52.456 GMT+0100,3036.93,3036.4700000000003,0.0004,0.0022
30.10.2019 01:22:52.507 GMT+0100,3037.13,3036.4700000000003,0.0032,0.0028
30.10.2019 01:22:54.898 GMT+0100,3036.93,3036.4700000000003,0.0004,0.0005
30.10.2019 01:22:54.948 GMT+0100,3036.93,3036.27,0.0004,0.0022
30.10.2019 01:22:55.997 GMT+0100,3036.931,3036.4700000000003,0.0004,0.0022
30.10.2019 01:22:56.047 GMT+0100,3037.13,3036.4700000000003,0.0032,0.0028
30.10.2019 01:22:56.154 GMT+0100,3036.93,3036.4700000000003,0.0004,0.0005
30.10.2019 01:22:56.204 GMT+0100,3036.93,3036.27,0.0032,0.0028
30.10.2019 01:23:00.668 GMT+0100,3036.93,3036.4690000000005,0.0004,0.0022
30.10.2019 01:23:00.719 GMT+0100,3037.13,3036.4700000000003,0,0.0001
30.10.2019 01:23:03.464 GMT+0100,3036.931,3036.4700000000003,0.0004,0.0001
30.10.2019 01:23:03.515 GMT+0100,3036.93,3036.27,0.0004,0.0004
30.10.2019 01:23:05.006 GMT+0100,3036.93,3036.4690000000005,0.0004,0.0022
30.10.2019 01:23:05.056 GMT+0100,3037.13,3036.4700000000003,0.0004,0.0005
30.10.2019 01:23:05.167 GMT+0100,3037.03,3036.4700000000003,0.0004,0.0005
30.10.2019 01:23:05.218 GMT+0100,3037.03,3036.37,0.0004,0.0022
30.10.2019 01:23:05.344 GMT+0100,3037.031,3036.4700000000003,0.0004,0.0022
30.10.2019 01:23:05.395 GMT+0100,3037.13,3036.4700000000003,0.0032,0.0028
30.10.2019 01:23:06.047 GMT+0100,3037.03,3036.4700000000003,0.0004,0.0005
30.10.2019 01:23:06.097 GMT+0100,3037.03,3036.37,0.0032,0.0028
30.10.2019 01:23:06.594 GMT+0100,3036.931,3036.37,0.0004,0.0005
30.10.2019 01:23:06.645 GMT+0100,3036.93,3036.27,0.0004,0.0004
30.10.2019 01:24:04.971 GMT+0100,3036.7309999999998,3036.27,0.0004,0.0004
30.10.2019 01:24:05.021 GMT+0100,3036.73,3036.07,0,0.0001
30.10.2019 01:24:05.289 GMT+0100,3036.73,3036.2690000000002,0,0.0022
30.10.2019 01:24:05.376 GMT+0100,3036.931,3036.2690000000002,0.0032,0.0028
30.10.2019 01:24:09.553 GMT+0100,3036.63,3036.2690000000002,0.0004,0.0005
30.10.2019 01:24:09.603 GMT+0100,3036.63,3035.9700000000003,0.0004,0.0022
30.10.2019 01:24:09.728 GMT+0100,3036.73,3036.07,0.0004,0.0005
30.10.2019 01:24:11.047 GMT+0100,3036.63,3035.9700000000003,0.0004,0.0022
30.10.2019 01:25:03.487 GMT+0100,3036.431,3035.9690000000005,0.0004,0.0005
30.10.2019 01:25:03.537 GMT+0100,3036.431,3035.7690000000002,0.0032,0.0028
30.10.2019 01:25:15.589 GMT+0100,3036.431,3035.87,0.0004,0.0022
30.10.2019 01:25:15.639 GMT+0100,3036.53,3035.87,0.0032,0.0028
30.10.2019 01:25:15.958 GMT+0100,3036.53,3035.9700000000003,0.0004,0.0022
30.10.2019 01:25:16.008 GMT+0100,3036.63,3035.9700000000003,0.0004,0.0022
30.10.2019 01:25:27.173 GMT+0100,3036.43,3035.77,0.0009,0.0027
30.10.2019 01:25:36.664 GMT+0100,3036.43,3035.9700000000003,0.0004,0.0022
30.10.2019 01:25:36.715 GMT+0100,3036.63,3035.9700000000003,0.0004,0.0022
30.10.2019 01:25:36.988 GMT+0100,3036.43,3035.9690000000005,0.0004,0.0005
30.10.2019 01:25:37.038 GMT+0100,3036.43,3035.77,0.0032,0.0028
30.10.2019 01:25:37.149 GMT+0100,3036.43,3035.9700000000003,0.0004,0.0022
30.10.2019 01:25:37.200 GMT+0100,3036.63,3035.9700000000003,0.0009,0.0027
30.10.2019 01:25:38.644 GMT+0100,3036.531,3035.9700000000003,0.0004,0.0004
30.10.2019 01:25:38.694 GMT+0100,3036.53,3035.87,0,0.0001
30.10.2019 01:25:40.204 GMT+0100,3036.43,3035.87,0.0004,0.0001
30.10.2019 01:25:40.255 GMT+0100,3036.43,3035.77,0.0009,0.0027
30.10.2019 01:26:02.223 GMT+0100,3036.131,3035.77,0.0004,0.0022
30.10.2019 01:26:02.273 GMT+0100,3036.131,3035.4690000000005,0.0032,0.0028
30.10.2019 01:26:14.254 GMT+0100,3036.131,3035.7690000000002,0.0004,0.0022
30.10.2019 01:26:14.304 GMT+0100,3036.43,3035.77,0,0.0001
30.10.2019 01:26:30.428 GMT+0100,3036.43,3035.9690000000005,0,0.0022
30.10.2019 01:26:30.479 GMT+0100,3036.631,3035.9690000000005,0.0032,0.0028
30.10.2019 01:26:58.374 GMT+0100,3036.631,3036.2690000000002,0.0004,0.0022
30.10.2019 01:26:58.424 GMT+0100,3036.93,3036.27,0.0004,0.0004
30.10.2019 01:26:58.800 GMT+0100,3036.73,3036.07,0.0004,0.0024
30.10.2019 01:26:59.734 GMT+0100,3036.73,3036.27,0,0.0022
30.10.2019 01:26:59.785 GMT+0100,3036.93,3036.27,0.0032,0.0028
30.10.2019 01:27:00.057 GMT+0100,3036.631,3036.27,0.0004,0.0005
30.10.2019 01:27:00.108 GMT+0100,3036.63,3035.9700000000003,0,0.0001
30.10.2019 01:27:07.643 GMT+0100,3036.63,3036.2690000000002,0,0.0022
30.10.2019 01:27:07.694 GMT+0100,3036.931,3036.2690000000002,0.0032,0.0028
30.10.2019 01:27:15.146 GMT+0100,3036.73,3036.2690000000002,0.0004,0.0005
30.10.2019 01:27:15.196 GMT+0100,3036.73,3036.07,0.0004,0.0024
30.10.2019 01:27:15.306 GMT+0100,3036.73,3036.2690000000002,0,0.0022
30.10.2019 01:27:15.357 GMT+0100,3036.931,3036.2690000000002,0.0032,0.0028
30.10.2019 01:27:29.362 GMT+0100,3036.63,3036.2690000000002,0.0004,0.0005
30.10.2019 01:27:29.412 GMT+0100,3036.63,3035.9700000000003,0.0032,0.0028
30.10.2019 01:28:05.830 GMT+0100,3036.63,3036.0690000000004,0.0004,0.0022
30.10.2019 01:28:05.880 GMT+0100,3036.73,3036.07,0.0004,0.0005
30.10.2019 01:28:06.014 GMT+0100,3036.93,3036.27,0.0032,0.0028
30.10.2019 01:28:06.154 GMT+0100,3036.631,3036.27,0.0004,0.0005
30.10.2019 01:28:06.204 GMT+0100,3036.63,3035.9700000000003,0.0004,0.0005
30.10.2019 01:28:08.154 GMT+0100,3036.63,3036.27,0.0004,0.0022
30.10.2019 01:28:08.204 GMT+0100,3036.93,3036.27,0.0004,0.0022
30.10.2019 01:28:10.096 GMT+0100,3036.73,3036.2690000000002,0.0004,0.0005
30.10.2019 01:28:10.147 GMT+0100,3036.73,3036.07,0.0009,0.0027
30.10.2019 01:28:10.305 GMT+0100,3036.93,3036.27,0,0.0001
30.10.2019 01:28:12.069 GMT+0100,3036.63,3036.27,0.0004,0.0001
30.10.2019 01:28:12.120 GMT+0100,3036.63,3035.9700000000003,0.0004,0.0024
30.10.2019 01:28:14.927 GMT+0100,3036.73,3036.07,0,0.0001
30.10.2019 01:28:16.083 GMT+0100,3036.63,3036.07,0.0004,0.0001
30.10.2019 01:28:16.133 GMT+0100,3036.63,3035.9700000000003,0.0004,0.0022
30.10.2019 01:28:16.247 GMT+0100,3036.73,3036.07,0.0004,0.0004
30.10.2019 01:28:22.786 GMT+0100,3036.73,3036.27,0.0004,0.0001
30.10.2019 01:28:22.836 GMT+0100,3036.93,3036.27,0,0.0001
30.10.2019 01:28:31.417 GMT+0100,3036.63,3036.27,0.0004,0.0001
30.10.2019 01:28:31.467 GMT+0100,3036.63,3035.9700000000003,0.0032,0.0028
30.10.2019 01:28:38.633 GMT+0100,3036.63,3036.2690000000002,0.0004,0.0022
30.10.2019 01:28:38.683 GMT+0100,3036.93,3036.27,0.0004,0.0004
30.10.2019 01:28:39.483 GMT+0100,3036.63,3036.27,0.0004,0.0004
30.10.2019 01:28:39.533 GMT+0100,3036.63,3035.9700000000003,0.0009,0.0027
30.10.2019 01:28:41.908 GMT+0100,3036.63,3036.27,0.0004,0.0022
30.10.2019 01:28:41.958 GMT+0100,3036.93,3036.27,0.0004,0.0024
30.10.2019 01:28:44.028 GMT+0100,3036.631,3036.27,0.0004,0.0001
30.10.2019 01:28:44.078 GMT+0100,3036.63,3035.9700000000003,0.0004,0.0005
30.10.2019 01:28:45.130 GMT+0100,3036.63,3036.2690000000002,0.0004,0.0022
30.10.2019 01:28:45.180 GMT+0100,3036.93,3036.27,0.0004,0.0004
30.10.2019 01:28:53.432 GMT+0100,3036.63,3036.2690000000002,0.0004,0.0022
30.10.2019 01:28:53.483 GMT+0100,3036.63,3035.9700000000003,0.0032,0.0028
30.10.2019 01:29:01.333 GMT+0100,3036.63,3036.2690000000002,0.0004,0.0022
30.10.2019 01:29:01.383 GMT+0100,3036.931,3036.2690000000002,0.0032,0.0028
30.10.2019 01:29:12.720 GMT+0100,3036.7309999999998,3036.2690000000002,0.0004,0.0005
30.10.2019 01:29:12.770 GMT+0100,3036.7309999999998,3036.0690000000004,0.0032,0.0028
30.10.2019 01:29:13.351 GMT+0100,3036.7309999999998,3036.2690000000002,0.0004,0.0022
30.10.2019 01:29:13.401 GMT+0100,3036.93,3036.27,0.0004,0.0005
30.10.2019 01:29:13.514 GMT+0100,3036.7309999999998,3036.27,0.0004,0.0005
30.10.2019 01:29:13.565 GMT+0100,3036.73,3036.07,0,0.0001
30.10.2019 01:29:13.938 GMT+0100,3036.73,3036.2690000000002,0,0.0022
30.10.2019 01:29:13.988 GMT+0100,3036.93,3036.27,0.0004,0.0005
30.10.2019 01:29:29.407 GMT+0100,3036.93,3036.4690000000005,0.0004,0.0001
30.10.2019 01:29:29.458 GMT+0100,3037.131,3036.4690000000005,0.0032,0.0028
30.10.2019 01:29:29.565 GMT+0100,3036.931,3036.4690000000005,0.0004,0.0005
30.10.2019 01:29:29.616 GMT+0100,3036.93,3036.27,0,0.0001
30.10.2019 01:29:37.805 GMT+0100,3036.93,3036.4700000000003,0,0.0022
30.10.2019 01:29:37.856 GMT+0100,3037.13,3036.4700000000003,0.0009,0.0027
30.10.2019 01:29:55.784 GMT+0100,3037.13,3036.7690000000002,0.0004,0.0022
30.10.2019 01:29:55.834 GMT+0100,3037.43,3036.77,0.0004,0.0004
30.10.2019 01:29:56.748 GMT+0100,3037.131,3036.77,0.0004,0.0004
30.10.2019 01:29:56.798 GMT+0100,3037.13,3036.4700000000003,0,0.0001
30.10.2019 01:30:19.402 GMT+0100,3037.13,3036.77,0,0.0022
30.10.2019 01:30:19.452 GMT+0100,3037.43,3036.77,0.0004,0.0024
30.10.2019 01:30:30.576 GMT+0100,3037.131,3036.77,0.0004,0.0001
30.10.2019 01:30:30.626 GMT+0100,3037.13,3036.4700000000003,0.0004,0.0004
30.10.2019 01:30:37.751 GMT+0100,3037.13,3036.57,0.0004,0.0022
30.10.2019 01:30:37.802 GMT+0100,3037.23,3036.57,0.0032,0.0028
30.10.2019 01:30:39.034 GMT+0100,3037.23,3036.77,0.0004,0.0022
30.10.2019 01:30:39.085 GMT+0100,3037.43,3036.77,0.0032,0.0028
30.10.2019 01:30:39.833 GMT+0100,3037.13,3036.77,0.0004,0.0005
30.10.2019 01:30:39.884 GMT+0100,3037.13,3036.4700000000003,0.0009,0.0027
30.10.2019 01:31:04.735 GMT+0100,3037.031,3036.4700000000003,0.0004,0.0004
30.10.2019 01:31:04.786 GMT+0100,3037.03,3036.37,0,0.0001
30.10.2019 01:31:06.873 GMT+0100,3036.931,3036.37,0.0004,0.0001
30.10.2019 01:31:06.924 GMT+0100,3036.93,3036.27,0.0004,0.0005
30.10.2019 01:31:07.038 GMT+0100,3036.93,3036.4700000000003,0.0004,0.0024
30.10.2019 01:31:07.089 GMT+0100,3037.13,3036.4700000000003,0.0004,0.0024
30.10.2019 01:33:00.523 GMT+0100,3037.131,3036.77,0.0004,0.0022
30.10.2019 01:33:00.573 GMT+0100,3037.43,3036.77,0.0032,0.0028
30.10.2019 01:33:01.427 GMT+0100,3037.131,3036.77,0.0004,0.0005
30.10.2019 01:33:01.477 GMT+0100,3037.13,3036.4700000000003,0,0.0001
30.10.2019 01:33:31.351 GMT+0100,3037.13,3036.77,0,0.0022
30.10.2019 01:33:31.402 GMT+0100,3037.43,3036.77,0.0032,0.0028
30.10.2019 01:34:12.335 GMT+0100,3037.43,3036.9700000000003,0.0004,0.0022
30.10.2019 01:34:12.386 GMT+0100,3037.63,3036.9700000000003,0.0004,0.0024
30.10.2019 01:34:16.458 GMT+0100,3037.431,3036.9700000000003,0.0004,0.0001
30.10.2019 01:34:16.509 GMT+0100,3037.43,3036.77,0,0.0001
30.10.2019 01:34:41.838 GMT+0100,3037.43,3036.9700000000003,0,0.0022
30.10.2019 01:34:41.939 GMT+0100,3037.63,3036.9700000000003,0.0009,0.0027
30.10.2019 01:34:41.998 GMT+0100,3037.43,3036.9700000000003,0.0004,0.0004
30.10.2019 01:34:42.049 GMT+0100,3037.43,3036.77,0.0004,0.0024
30.10.2019 01:34:43.226 GMT+0100,3037.63,3036.9700000000003,0.0004,0.0024
30.10.2019 01:34:43.557 GMT+0100,3037.43,3036.77,0.0004,0.0024
30.10.2019 01:35:04.541 GMT+0100,3037.43,3036.9690000000005,0.0004,0.0001
30.10.2019 01:35:04.592 GMT+0100,3037.63,3036.9700000000003,0.0004,0.0022
30.10.2019 01:35:08.178 GMT+0100,3037.431,3036.9690000000005,0.0004,0.0005
30.10.2019 01:35:08.228 GMT+0100,3037.43,3036.77,0.0004,0.0004
30.10.2019 01:35:10.585 GMT+0100,3037.43,3036.9700000000003,0.0004,0.0022
30.10.2019 01:35:10.635 GMT+0100,3037.63,3036.9700000000003,0.0009,0.0027
30.10.2019 01:35:14.296 GMT+0100,3037.43,3036.77,0.0009,0.0027
30.10.2019 01:35:47.406 GMT+0100,3037.131,3036.77,0.0004,0.0004
30.10.2019 01:35:47.456 GMT+0100,3037.131,3036.4690000000005,0.0032,0.0028
30.10.2019 01:35:53.344 GMT+0100,3037.03,3036.4690000000005,0.0004,0.0005
30.10.2019 01:35:53.394 GMT+0100,3037.03,3036.37,0.0004,0.0022
30.10.2019 01:35:53.501 GMT+0100,3036.93,3036.369,0.0004,0.0005
30.10.2019 01:35:53.551 GMT+0100,3036.93,3036.27,0.0032,0.0028
30.10.2019 01:35:54.068 GMT+0100,3036.93,3036.4690000000005,0.0004,0.0022
30.10.2019 01:35:54.119 GMT+0100,3037.131,3036.4690000000005,0.0032,0.0028
30.10.2019 01:35:54.228 GMT+0100,3036.931,3036.4690000000005,0.0004,0.0005
30.10.2019 01:35:54.278 GMT+0100,3036.93,3036.27,0.0004,0.0004
30.10.2019 01:36:29.010 GMT+0100,3037.13,3036.4700000000003,0.0004,0.0022
30.10.2019 01:36:31.720 GMT+0100,3036.931,3036.4690000000005,0.0004,0.0005
30.10.2019 01:36:31.770 GMT+0100,3036.93,3036.27,0,0.0001
30.10.2019 01:36:32.886 GMT+0100,3036.93,3036.4700000000003,0,0.0022
30.10.2019 01:36:32.937 GMT+0100,3037.13,3036.4700000000003,0.0004,0.0024
30.10.2019 01:36:40.897 GMT+0100,3037.03,3036.37,0.0009,0.0027
30.10.2019 01:36:41.045 GMT+0100,3036.93,3036.37,0.0004,0.0004
30.10.2019 01:36:41.095 GMT+0100,3036.93,3036.27,0.0009,0.0027
30.10.2019 01:37:04.559 GMT+0100,3036.93,3036.369,0.0004,0.0022
30.10.2019 01:37:04.609 GMT+0100,3037.031,3036.369,0.0032,0.0028
30.10.2019 01:37:04.735 GMT+0100,3036.93,3036.27,0.0009,0.0027
30.10.2019 01:37:34.972 GMT+0100,3036.631,3036.27,0.0004,0.0004
30.10.2019 01:37:35.023 GMT+0100,3036.63,3035.9700000000003,0.0004,0.0005
30.10.2019 01:37:35.135 GMT+0100,3036.63,3036.2690000000002,0.0004,0.0022
30.10.2019 01:37:35.185 GMT+0100,3036.93,3036.27,0.0004,0.0004
30.10.2019 01:37:42.938 GMT+0100,3036.63,3036.27,0.0004,0.0004
30.10.2019 01:37:42.988 GMT+0100,3036.63,3035.9700000000003,0.0009,0.0027
30.10.2019 01:37:44.890 GMT+0100,3036.63,3036.27,0.0004,0.0022
30.10.2019 01:37:44.941 GMT+0100,3036.93,3036.27,0.0009,0.0027
30.10.2019 01:38:08.688 GMT+0100,3036.63,3036.27,0.0004,0.0004
30.10.2019 01:38:08.738 GMT+0100,3036.63,3035.9700000000003,0.0004,0.0022
30.10.2019 01:38:08.885 GMT+0100,3036.63,3036.27,0.0004,0.0001
30.10.2019 01:38:08.935 GMT+0100,3036.93,3036.27,0,0.0001
30.10.2019 01:38:42.634 GMT+0100,3036.631,3036.27,0.0004,0.0001
30.10.2019 01:38:42.684 GMT+0100,3036.63,3035.9700000000003,0.0004,0.0005
30.10.2019 01:39:01.412 GMT+0100,3036.1340000000005,3035.9700000000003,0.0004,0.0005
30.10.2019 01:39:01.463 GMT+0100,3036.13,3035.4700000000003,0,0.0001
30.10.2019 01:39:01.888 GMT+0100,3035.931,3035.4700000000003,0.0004,0.0001
30.10.2019 01:39:01.939 GMT+0100,3035.93,3035.27,0,0.0001
30.10.2019 01:39:02.048 GMT+0100,3035.93,3035.369,0,0.0022
30.10.2019 01:39:02.098 GMT+0100,3036.031,3035.369,0.0032,0.0028
30.10.2019 01:39:02.531 GMT+0100,3036.031,3035.4690000000005,0.0004,0.0022
30.10.2019 01:39:02.582 GMT+0100,3036.131,3035.4690000000005,0.0032,0.0028
30.10.2019 01:39:03.928 GMT+0100,3036.131,3035.57,0.0004,0.0022
30.10.2019 01:39:03.978 GMT+0100,3036.23,3035.57,0.0004,0.0022
30.10.2019 01:39:04.320 GMT+0100,3036.131,3035.4690000000005,0.0032,0.0028
30.10.2019 01:39:05.567 GMT+0100,3036.131,3035.77,0.0004,0.0022
30.10.2019 01:39:05.617 GMT+0100,3036.43,3035.77,0.0004,0.0024
30.10.2019 01:39:07.191 GMT+0100,3036.2309999999998,3035.77,0.0004,0.0001
30.10.2019 01:39:07.242 GMT+0100,3036.23,3035.57,0.0004,0.0004
30.10.2019 01:39:07.407 GMT+0100,3036.13,3035.57,0.0004,0.0004
30.10.2019 01:39:07.457 GMT+0100,3036.13,3035.4700000000003,0.0004,0.0024
30.10.2019 01:39:12.096 GMT+0100,3035.93,3035.4700000000003,0.0004,0.0001
30.10.2019 01:39:12.147 GMT+0100,3035.93,3035.27,0.0009,0.0027
30.10.2019 01:39:13.078 GMT+0100,3035.93,3035.4700000000003,0.0004,0.0022
30.10.2019 01:39:13.129 GMT+0100,3036.13,3035.4700000000003,0.0004,0.0022
30.10.2019 01:39:30.602 GMT+0100,3035.93,3035.4690000000005,0.0004,0.0005
30.10.2019 01:39:30.653 GMT+0100,3035.93,3035.27,0.0032,0.0028
30.10.2019 01:39:38.256 GMT+0100,3035.93,3035.4700000000003,0.0004,0.0022
30.10.2019 01:39:38.306 GMT+0100,3036.13,3035.4700000000003,0.0004,0.0022
30.10.2019 01:40:01.020 GMT+0100,3035.93,3035.4690000000005,0.0004,0.0005
30.10.2019 01:40:01.129 GMT+0100,3035.93,3035.27,0.0004,0.0024
30.10.2019 01:40:14.643 GMT+0100,3036.13,3035.4700000000003,0.0004,0.0004
30.10.2019 01:40:50.687 GMT+0100,3036.13,3035.7690000000002,0.0004,0.0022
30.10.2019 01:40:50.737 GMT+0100,3036.43,3035.77,0.0004,0.0004
30.10.2019 01:40:51.403 GMT+0100,3036.131,3035.77,0,0.0004
30.10.2019 01:40:51.457 GMT+0100,3036.13,3035.4700000000003,0.0004,0.0004
30.10.2019 01:40:51.519 GMT+0100,3036.13,3035.57,0.0004,0.0022
30.10.2019 01:40:51.569 GMT+0100,3036.23,3035.57,0.0009,0.0027
30.10.2019 01:40:53.208 GMT+0100,3036.131,3035.57,0.0004,0.0004
30.10.2019 01:40:53.259 GMT+0100,3036.13,3035.4700000000003,0,0.0001
30.10.2019 01:40:53.368 GMT+0100,3036.13,3035.77,0,0.0022
30.10.2019 01:40:53.419 GMT+0100,3036.43,3035.77,0.0004,0.0024
30.10.2019 01:40:59.781 GMT+0100,3036.131,3035.77,0.0004,0.0001
30.10.2019 01:40:59.831 GMT+0100,3036.13,3035.4700000000003,0,0.0001
30.10.2019 01:41:00.496 GMT+0100,3036.13,3035.7690000000002,0,0.0022
30.10.2019 01:41:00.547 GMT+0100,3036.43,3035.77,0,0.0001
30.10.2019 01:41:19.433 GMT+0100,3036.53,3035.87,0.0004,0.0024
30.10.2019 01:41:21.988 GMT+0100,3036.53,3035.9700000000003,0,0.0022
30.10.2019 01:41:22.038 GMT+0100,3036.63,3035.9700000000003,0.0009,0.0027
30.10.2019 01:41:23.112 GMT+0100,3036.53,3035.87,0.0004,0.0004
30.10.2019 01:41:24.188 GMT+0100,3036.431,3035.87,0.0004,0.0004
30.10.2019 01:41:24.238 GMT+0100,3036.43,3035.77,0,0.0001
30.10.2019 01:41:31.028 GMT+0100,3036.43,3035.9690000000005,0,0.0022
30.10.2019 01:41:31.079 GMT+0100,3036.63,3035.9700000000003,0.0004,0.0005
30.10.2019 01:41:40.758 GMT+0100,3036.63,3036.2690000000002,0.0004,0.0022
30.10.2019 01:41:40.808 GMT+0100,3036.93,3036.27,0.0004,0.0005
30.10.2019 01:41:59.933 GMT+0100,3036.63,3036.27,0.0004,0.0005
30.10.2019 01:41:59.983 GMT+0100,3036.63,3035.9700000000003,0.0004,0.0022
30.10.2019 01:42:02.242 GMT+0100,3036.93,3036.27,0.0004,0.0024
30.10.2019 01:42:03.925 GMT+0100,3036.7309999999998,3036.27,0.0004,0.0001
30.10.2019 01:42:03.976 GMT+0100,3036.73,3036.07,0.0004,0.0005
30.10.2019 01:42:04.378 GMT+0100,3036.631,3036.07,0,0.0004
30.10.2019 01:42:04.428 GMT+0100,3036.631,3035.9690000000005,0.0032,0.0028
30.10.2019 01:42:04.557 GMT+0100,3036.93,3036.27,0.0009,0.0027
30.10.2019 01:42:43.113 GMT+0100,3036.73,3036.27,0.0004,0.0004
30.10.2019 01:42:43.163 GMT+0100,3036.73,3036.07,0.0004,0.0024
30.10.2019 01:42:44.378 GMT+0100,3036.73,3036.27,0,0.0022
30.10.2019 01:42:44.429 GMT+0100,3036.93,3036.27,0.0004,0.0024
30.10.2019 01:42:48.245 GMT+0100,3036.7309999999998,3036.27,0.0004,0.0001
30.10.2019 01:42:48.296 GMT+0100,3036.73,3036.07,0.0004,0.0005
30.10.2019 01:42:49.068 GMT+0100,3036.73,3036.27,0.0004,0.0022
30.10.2019 01:42:49.119 GMT+0100,3036.93,3036.27,0.0004,0.0024
30.10.2019 01:42:56.331 GMT+0100,3036.93,3036.37,0,0.0022
30.10.2019 01:42:56.403 GMT+0100,3037.03,3036.37,0.0004,0.0024
30.10.2019 01:42:56.504 GMT+0100,3036.93,3036.27,0.0032,0.0028
30.10.2019 01:43:30.395 GMT+0100,3036.93,3036.4690000000005,0.0004,0.0022
30.10.2019 01:43:30.446 GMT+0100,3037.13,3036.4700000000003,0,0.0001
30.10.2019 01:43:35.960 GMT+0100,3036.931,3036.4700000000003,0.0004,0.0001
30.10.2019 01:43:36.010 GMT+0100,3036.93,3036.27,0,0.0001
30.10.2019 01:43:36.708 GMT+0100,3036.93,3036.4700000000003,0,0.0022
30.10.2019 01:43:36.758 GMT+0100,3037.13,3036.4700000000003,0.0004,0.0022
30.10.2019 01:43:38.480 GMT+0100,3036.931,3036.4690000000005,0.0004,0.0005
30.10.2019 01:43:38.530 GMT+0100,3036.93,3036.27,0,0.0001
30.10.2019 01:43:46.405 GMT+0100,3036.93,3036.4690000000005,0,0.0022
30.10.2019 01:43:46.455 GMT+0100,3037.13,3036.4700000000003,0,0.0001
30.10.2019 01:43:46.565 GMT+0100,3036.93,3036.4700000000003,0.0004,0.0001
30.10.2019 01:43:46.616 GMT+0100,3036.93,3036.27,0.0004,0.0024
30.10.2019 01:43:52.640 GMT+0100,3037.03,3036.37,0.0032,0.0028
30.10.2019 01:43:52.782 GMT+0100,3036.931,3036.37,0.0004,0.0005
30.10.2019 01:43:52.832 GMT+0100,3036.93,3036.27,0.0004,0.0004
30.10.2019 01:44:12.646 GMT+0100,3036.93,3036.37,0.0004,0.0022
30.10.2019 01:44:12.697 GMT+0100,3037.03,3036.37,0.0004,0.0024
30.10.2019 01:44:13.050 GMT+0100,3036.931,3036.37,0.0004,0.0001
30.10.2019 01:44:13.100 GMT+0100,3036.93,3036.27,0,0.0001
30.10.2019 01:44:15.766 GMT+0100,3037.13,3036.4700000000003,0.0004,0.0004
30.10.2019 01:44:17.097 GMT+0100,3036.931,3036.4700000000003,0.0004,0.0004
30.10.2019 01:44:17.148 GMT+0100,3036.93,3036.27,0,0.0001
30.10.2019 01:44:31.562 GMT+0100,3036.93,3036.4690000000005,0,0.0022
30.10.2019 01:44:31.613 GMT+0100,3037.13,3036.4700000000003,0.0004,0.0004
30.10.2019 01:44:33.300 GMT+0100,3036.931,3036.4700000000003,0.0004,0.0004
30.10.2019 01:44:33.351 GMT+0100,3036.93,3036.27,0.0004,0.0004
30.10.2019 01:44:41.388 GMT+0100,3036.631,3036.2690000000002,0.0004,0.0022
30.10.2019 01:44:41.438 GMT+0100,3036.631,3035.9690000000005,0.0032,0.0028
30.10.2019 01:44:43.691 GMT+0100,3036.631,3036.2690000000002,0.0004,0.0022
30.10.2019 01:44:43.741 GMT+0100,3036.93,3036.27,0.0004,0.0004
30.10.2019 01:44:44.642 GMT+0100,3036.63,3036.27,0.0004,0.0004
30.10.2019 01:44:44.693 GMT+0100,3036.63,3035.9700000000003,0.0004,0.0024
30.10.2019 01:45:24.867 GMT+0100,3036.43,3035.77,0.0004,0.0022
30.10.2019 01:45:45.339 GMT+0100,3036.13,3035.4700000000003,0,0.0001
30.10.2019 01:46:07.541 GMT+0100,3036.2309999999998,3035.5690000000004,0.0032,0.0028
30.10.2019 01:46:07.926 GMT+0100,3036.2309999999998,3035.77,0.0004,0.0022
30.10.2019 01:46:07.976 GMT+0100,3036.43,3035.77,0.0004,0.0024
30.10.2019 01:46:08.629 GMT+0100,3036.131,3035.4690000000005,0.0032,0.0028
30.10.2019 01:46:08.969 GMT+0100,3036.131,3035.7690000000002,0.0004,0.0022
30.10.2019 01:46:09.020 GMT+0100,3036.43,3035.77,0,0.0001
30.10.2019 01:46:13.183 GMT+0100,3036.13,3035.77,0.0004,0.0001
30.10.2019 01:46:13.234 GMT+0100,3036.13,3035.4700000000003,0.0004,0.0024
30.10.2019 01:46:19.472 GMT+0100,3036.13,3035.7690000000002,0,0.0022
30.10.2019 01:46:19.523 GMT+0100,3036.43,3035.77,0,0.0001
30.10.2019 01:46:22.996 GMT+0100,3036.13,3035.77,0.0004,0.0001
30.10.2019 01:46:23.047 GMT+0100,3036.13,3035.4700000000003,0.0032,0.0028
30.10.2019 01:46:24.220 GMT+0100,3036.13,3035.7690000000002,0.0004,0.0022
30.10.2019 01:46:24.270 GMT+0100,3036.43,3035.77,0,0.0001
30.10.2019 01:46:25.595 GMT+0100,3036.131,3035.77,0.0004,0.0001
30.10.2019 01:46:25.646 GMT+0100,3036.131,3035.4690000000005,0.0032,0.0028
30.10.2019 01:46:33.247 GMT+0100,3036.131,3035.77,0.0004,0.0022
30.10.2019 01:46:33.298 GMT+0100,3036.43,3035.77,0.0004,0.0024
30.10.2019 01:46:53.123 GMT+0100,3036.13,3035.77,0,0.0022
30.10.2019 01:46:53.174 GMT+0100,3036.13,3035.4700000000003,0.0004,0.0024
30.10.2019 01:46:58.144 GMT+0100,3036.03,3035.4700000000003,0.0004,0.0001
30.10.2019 01:46:58.195 GMT+0100,3036.03,3035.37,0.0004,0.0024
30.10.2019 01:46:58.324 GMT+0100,3035.93,3035.37,0.0004,0.0024
30.10.2019 01:46:58.398 GMT+0100,3035.93,3035.27,0.0009,0.0027
30.10.2019 01:47:11.301 GMT+0100,3035.93,3035.4700000000003,0.0004,0.0022
30.10.2019 01:47:11.352 GMT+0100,3036.13,3035.4700000000003,0.0004,0.0022
30.10.2019 01:47:11.629 GMT+0100,3035.931,3035.4690000000005,0.0004,0.0005
30.10.2019 01:47:11.679 GMT+0100,3035.931,3035.2690000000002,0.0032,0.0028
30.10.2019 01:47:13.957 GMT+0100,3035.931,3035.4690000000005,0.0004,0.0022
30.10.2019 01:47:14.007 GMT+0100,3036.131,3035.4690000000005,0.0032,0.0028
30.10.2019 01:47:14.449 GMT+0100,3035.93,3035.4690000000005,0.0004,0.0005
30.10.2019 01:47:14.500 GMT+0100,3035.93,3035.27,0.0009,0.0027
30.10.2019 01:47:17.353 GMT+0100,3036.13,3035.4700000000003,0.0004,0.0005
30.10.2019 01:47:19.071 GMT+0100,3035.931,3035.4700000000003,0.0004,0.0005
30.10.2019 01:47:19.166 GMT+0100,3035.93,3035.27,0.0004,0.0004
30.10.2019 01:47:37.818 GMT+0100,3036.13,3035.4700000000003,0.0009,0.0027
30.10.2019 01:49:11.110 GMT+0100,3036.13,3035.77,0.0004,0.0022
30.10.2019 01:49:11.161 GMT+0100,3036.43,3035.77,0.0004,0.0022
30.10.2019 01:49:21.945 GMT+0100,3036.13,3035.7690000000002,0.0004,0.0005
30.10.2019 01:49:21.996 GMT+0100,3036.13,3035.4700000000003,0.0004,0.0024
30.10.2019 01:49:30.423 GMT+0100,3036.13,3035.57,0,0.0022
30.10.2019 01:49:30.474 GMT+0100,3036.23,3035.57,0.0009,0.0027
30.10.2019 01:49:30.589 GMT+0100,3036.13,3035.57,0.0004,0.0004
30.10.2019 01:49:30.639 GMT+0100,3036.13,3035.4700000000003,0.0009,0.0027
30.10.2019 01:49:48.483 GMT+0100,3036.13,3035.7690000000002,0.0004,0.0022
30.10.2019 01:49:48.533 GMT+0100,3036.43,3035.77,0,0.0001
30.10.2019 01:50:10.371 GMT+0100,3036.63,3035.9700000000003,0.0004,0.0005
30.10.2019 01:53:31.008 GMT+0100,3036.53,3035.87,0.0004,0.0005
30.10.2019 01:53:31.736 GMT+0100,3036.53,3035.9700000000003,0.0004,0.0022
30.10.2019 01:53:31.786 GMT+0100,3036.63,3035.9700000000003,0.0009,0.0027
30.10.2019 01:53:33.649 GMT+0100,3036.43,3035.77,0.0004,0.0024
30.10.2019 01:53:43.447 GMT+0100,3036.43,3035.9700000000003,0,0.0022
30.10.2019 01:53:43.497 GMT+0100,3036.63,3035.9700000000003,0.0009,0.0027
30.10.2019 01:53:54.430 GMT+0100,3036.531,3035.9700000000003,0,0.0027
30.10.2019 01:53:54.480 GMT+0100,3036.531,3035.869,0.0032,0.0028
30.10.2019 01:53:55.903 GMT+0100,3036.431,3035.869,0.0004,0.0005
30.10.2019 01:53:55.954 GMT+0100,3036.431,3035.7690000000002,0.0032,0.0028
30.10.2019 01:53:56.064 GMT+0100,3036.431,3035.9700000000003,0.0004,0.0022
30.10.2019 01:53:56.114 GMT+0100,3036.63,3035.9700000000003,0.0032,0.0028
30.10.2019 01:53:58.039 GMT+0100,3036.53,3035.9700000000003,0.0004,0.0005
30.10.2019 01:53:58.089 GMT+0100,3036.53,3035.87,0.0004,0.0022
30.10.2019 01:53:59.291 GMT+0100,3036.43,3035.869,0.0004,0.0005
30.10.2019 01:53:59.341 GMT+0100,3036.43,3035.77,0.0032,0.0028
30.10.2019 01:54:30.494 GMT+0100,3036.131,3035.77,0.0004,0.0005
30.10.2019 01:54:30.595 GMT+0100,3036.13,3035.4700000000003,0.0004,0.0005
30.10.2019 01:54:36.159 GMT+0100,3036.131,3035.77,0.0004,0.0001
30.10.2019 01:54:36.210 GMT+0100,3036.43,3035.77,0,0.0001
30.10.2019 01:54:36.448 GMT+0100,3036.131,3035.77,0.0004,0.0001
30.10.2019 01:54:36.499 GMT+0100,3036.131,3035.4690000000005,0.0032,0.0028
30.10.2019 01:54:40.986 GMT+0100,3036.131,3035.7690000000002,0.0004,0.0022
30.10.2019 01:54:41.036 GMT+0100,3036.43,3035.77,0.0004,0.0005
30.10.2019 01:54:45.700 GMT+0100,3036.13,3035.77,0.0004,0.0005
30.10.2019 01:54:45.750 GMT+0100,3036.13,3035.4700000000003,0.0004,0.0022
30.10.2019 01:54:47.469 GMT+0100,3036.131,3035.5690000000004,0.0004,0.0022
30.10.2019 01:54:47.519 GMT+0100,3036.23,3035.57,0,0.0001
30.10.2019 01:54:48.625 GMT+0100,3036.13,3035.57,0.0004,0.0001
30.10.2019 01:54:48.676 GMT+0100,3036.13,3035.4700000000003,0.0032,0.0028
30.10.2019 01:54:50.773 GMT+0100,3036.13,3035.77,0.0004,0.0022
30.10.2019 01:54:50.823 GMT+0100,3036.43,3035.77,0.0032,0.0028
30.10.2019 01:54:50.934 GMT+0100,3036.131,3035.77,0.0004,0.0005
30.10.2019 01:54:50.985 GMT+0100,3036.13,3035.4700000000003,0.0004,0.0005
30.10.2019 01:54:51.423 GMT+0100,3036.13,3035.77,0.0004,0.0022
30.10.2019 01:54:51.473 GMT+0100,3036.43,3035.77,0.0009,0.0027
30.10.2019 01:54:53.608 GMT+0100,3036.131,3035.77,0.0004,0.0004
30.10.2019 01:54:53.659 GMT+0100,3036.13,3035.4700000000003,0.0004,0.0005
30.10.2019 01:54:54.326 GMT+0100,3036.13,3035.5690000000004,0.0004,0.0022
30.10.2019 01:54:54.376 GMT+0100,3036.23,3035.57,0,0.0001
30.10.2019 01:54:54.528 GMT+0100,3036.13,3035.4700000000003,0.0004,0.0022
30.10.2019 01:54:55.085 GMT+0100,3036.131,3035.7690000000002,0.0004,0.0022
30.10.2019 01:54:55.136 GMT+0100,3036.43,3035.77,0.0004,0.0005
30.10.2019 01:54:56.105 GMT+0100,3036.13,3035.77,0.0004,0.0005
30.10.2019 01:54:56.156 GMT+0100,3036.13,3035.4700000000003,0.0004,0.0024
30.10.2019 01:54:56.954 GMT+0100,3036.13,3035.7690000000002,0,0.0022
30.10.2019 01:54:57.004 GMT+0100,3036.43,3035.77,0,0.0001
30.10.2019 01:54:59.867 GMT+0100,3036.131,3035.77,0.0004,0.0001
30.10.2019 01:54:59.917 GMT+0100,3036.13,3035.4700000000003,0.0004,0.0004
30.10.2019 01:55:01.234 GMT+0100,3036.13,3035.77,0.0004,0.0022
30.10.2019 01:55:01.285 GMT+0100,3036.43,3035.77,0.0009,0.0027
30.10.2019 01:55:02.623 GMT+0100,3036.13,3035.77,0.0004,0.0004
30.10.2019 01:55:02.674 GMT+0100,3036.13,3035.4700000000003,0.0032,0.0028
30.10.2019 01:55:03.943 GMT+0100,3036.13,3035.77,0.0004,0.0022
30.10.2019 01:55:03.994 GMT+0100,3036.43,3035.77,0.0032,0.0028
30.10.2019 01:55:07.677 GMT+0100,3036.131,3035.77,0.0004,0.0005
30.10.2019 01:55:07.728 GMT+0100,3036.131,3035.4690000000005,0.0032,0.0028
30.10.2019 01:55:10.127 GMT+0100,3036.131,3035.77,0.0004,0.0022
30.10.2019 01:55:10.177 GMT+0100,3036.43,3035.77,0.0004,0.0022
30.10.2019 01:55:10.669 GMT+0100,3036.13,3035.7690000000002,0.0004,0.0005
30.10.2019 01:55:10.720 GMT+0100,3036.13,3035.4700000000003,0.0004,0.0022
30.10.2019 01:55:11.491 GMT+0100,3036.131,3035.77,0.0004,0.0022
30.10.2019 01:55:11.541 GMT+0100,3036.43,3035.77,0.0004,0.0024
30.10.2019 01:55:12.279 GMT+0100,3036.131,3035.77,0.0004,0.0001
30.10.2019 01:55:12.329 GMT+0100,3036.13,3035.4700000000003,0.0004,0.0005
30.10.2019 01:55:47.628 GMT+0100,3036.13,3035.77,0.0004,0.0022
30.10.2019 01:55:47.679 GMT+0100,3036.43,3035.77,0.0004,0.0024
30.10.2019 01:55:51.901 GMT+0100,3036.131,3035.77,0.0004,0.0001
30.10.2019 01:55:51.951 GMT+0100,3036.13,3035.4700000000003,0,0.0001
30.10.2019 01:56:28.545 GMT+0100,3036.13,3035.5690000000004,0,0.0022
30.10.2019 01:56:28.595 GMT+0100,3036.2309999999998,3035.5690000000004,0.0032,0.0028
30.10.2019 01:56:29.924 GMT+0100,3036.131,3035.5690000000004,0.0004,0.0005
30.10.2019 01:56:29.974 GMT+0100,3036.13,3035.4700000000003,0.0004,0.0004
30.10.2019 01:57:06.386 GMT+0100,3036.13,3035.7690000000002,0.0004,0.0022
30.10.2019 01:57:06.437 GMT+0100,3036.43,3035.77,0.0004,0.0004
30.10.2019 01:57:07.580 GMT+0100,3036.131,3035.77,0.0004,0.0004
30.10.2019 01:57:07.630 GMT+0100,3036.13,3035.4700000000003,0.0004,0.0005
30.10.2019 01:57:54.870 GMT+0100,3036.13,3035.7690000000002,0.0004,0.0022
30.10.2019 01:57:54.920 GMT+0100,3036.43,3035.77,0.0004,0.0004
30.10.2019 01:58:47.670 GMT+0100,3036.43,3035.9700000000003,0.0004,0.0022
30.10.2019 01:58:47.720 GMT+0100,3036.63,3035.9700000000003,0.0004,0.0022
30.10.2019 01:59:07.896 GMT+0100,3036.631,3036.2690000000002,0.0004,0.0022
30.10.2019 01:59:07.947 GMT+0100,3036.93,3036.27,0.0004,0.0005
30.10.2019 01:59:09.105 GMT+0100,3036.63,3035.9700000000003,0.0004,0.0005
30.10.2019 01:59:11.620 GMT+0100,3036.63,3036.0690000000004,0.0004,0.0022
30.10.2019 01:59:11.670 GMT+0100,3036.73,3036.07,0.0004,0.0004
30.10.2019 01:59:12.553 GMT+0100,3036.73,3036.2690000000002,0.0004,0.0022
30.10.2019 01:59:12.603 GMT+0100,3036.93,3036.27,0.0004,0.0004
30.10.2019 01:59:16.930 GMT+0100,3036.631,3036.27,0.0004,0.0004
30.10.2019 01:59:17.031 GMT+0100,3036.631,3035.9690000000005,0.0032,0.0028
30.10.2019 01:59:25.679 GMT+0100,3036.631,3036.07,0.0004,0.0022
30.10.2019 01:59:25.730 GMT+0100,3036.73,3036.07,0.0004,0.0022
30.10.2019 01:59:26.005 GMT+0100,3036.631,3036.0690000000004,0.0004,0.0005
30.10.2019 01:59:26.055 GMT+0100,3036.63,3035.9700000000003,0.0004,0.0005
30.10.2019 02:00:00.256 GMT+0100,3036.63,3036.2690000000002,0.0004,0.0022
30.10.2019 02:00:00.306 GMT+0100,3036.931,3036.2690000000002,0.0032,0.0028
30.10.2019 02:00:00.576 GMT+0100,3036.631,3036.2690000000002,0.0004,0.0005
30.10.2019 02:00:00.626 GMT+0100,3036.63,3035.9700000000003,0.0004,0.0004
30.10.2019 02:00:00.742 GMT+0100,3036.63,3036.27,0.0004,0.0022
30.10.2019 02:00:00.792 GMT+0100,3036.93,3036.27,0.0009,0.0027
30.10.2019 02:00:01.122 GMT+0100,3036.73,3036.07,0.0004,0.0024
30.10.2019 02:00:02.064 GMT+0100,3036.63,3035.9700000000003,0.0004,0.0024
30.10.2019 02:00:14.322 GMT+0100,3036.43,3035.9700000000003,0.0004,0.0001
30.10.2019 02:00:14.372 GMT+0100,3036.43,3035.77,0.0004,0.0022
30.10.2019 02:00:14.492 GMT+0100,3036.43,3035.9700000000003,0.0004,0.0001
30.10.2019 02:00:14.543 GMT+0100,3036.63,3035.9700000000003,0.0004,0.0024
30.10.2019 02:00:17.351 GMT+0100,3036.43,3035.9700000000003,0.0004,0.0001
30.10.2019 02:00:17.402 GMT+0100,3036.43,3035.77,0.0004,0.0022
30.10.2019 02:00:33.884 GMT+0100,3036.431,3035.9690000000005,0.0004,0.0022
30.10.2019 02:00:33.935 GMT+0100,3036.631,3035.9690000000005,0.0032,0.0028
30.10.2019 02:00:43.612 GMT+0100,3036.43,3035.9690000000005,0.0004,0.0005
30.10.2019 02:00:43.663 GMT+0100,3036.43,3035.77,0.0009,0.0027
30.10.2019 02:00:47.120 GMT+0100,3036.63,3035.9700000000003,0,0.0001
30.10.2019 02:00:54.171 GMT+0100,3035.93,3035.27,0.0004,0.0022
30.10.2019 02:00:55.651 GMT+0100,3035.93,3035.4700000000003,0.0004,0.0004
30.10.2019 02:00:55.701 GMT+0100,3036.13,3035.4700000000003,0.0004,0.0005
30.10.2019 02:04:13.554 GMT+0100,3036.13,3035.7690000000002,0.0004,0.0022
30.10.2019 02:04:13.605 GMT+0100,3036.43,3035.77,0.0004,0.0005
30.10.2019 02:04:26.178 GMT+0100,3035.934,3035.77,0.0004,0.0001
30.10.2019 02:04:26.279 GMT+0100,3035.93,3035.27,0.0004,0.0022
30.10.2019 02:04:26.331 GMT+0100,3035.631,3035.2690000000002,0.0004,0.0005
30.10.2019 02:04:26.382 GMT+0100,3035.63,3034.9700000000003,0.0004,0.0005
30.10.2019 02:05:08.489 GMT+0100,3035.63,3035.0690000000004,0.0004,0.0022
30.10.2019 02:05:08.540 GMT+0100,3035.73,3035.07,0.0004,0.0005
30.10.2019 02:05:08.651 GMT+0100,3035.73,3035.27,0.0004,0.0022
30.10.2019 02:05:08.701 GMT+0100,3035.93,3035.27,0.0009,0.0027
30.10.2019 02:06:14.824 GMT+0100,3035.93,3035.7690000000002,0.0004,0.0022
30.10.2019 02:06:14.874 GMT+0100,3036.431,3035.7690000000002,0.0032,0.0028
30.10.2019 02:06:15.307 GMT+0100,3036.431,3035.9700000000003,0.0004,0.0022
30.10.2019 02:06:15.357 GMT+0100,3036.63,3035.9700000000003,0.0032,0.0028
30.10.2019 02:07:04.183 GMT+0100,3036.63,3036.27,0.0004,0.0022
30.10.2019 02:07:04.234 GMT+0100,3036.93,3036.27,0.0004,0.0022
30.10.2019 02:07:48.685 GMT+0100,3036.631,3036.2690000000002,0.0004,0.0005
30.10.2019 02:07:48.735 GMT+0100,3036.63,3035.9700000000003,0.0004,0.0005
30.10.2019 02:08:14.759 GMT+0100,3036.63,3036.27,0.0004,0.0022
30.10.2019 02:08:14.820 GMT+0100,3036.93,3036.27,0.0004,0.0024
30.10.2019 02:10:53.297 GMT+0100,3036.931,3036.2690000000002,0.0027,0.0004
30.10.2019 02:10:53.348 GMT+0100,3036.131,3035.4690000000005,0.0055,0.0028
30.10.2019 02:10:53.470 GMT+0100,3036.131,3035.77,0.0004,0.0004
30.10.2019 02:10:53.521 GMT+0100,3036.43,3035.77,0.0009,0.0027
30.10.2019 02:11:07.917 GMT+0100,3035.934,3035.77,0,0.0027
30.10.2019 02:11:07.967 GMT+0100,3035.93,3035.27,0.0032,0.0028
30.10.2019 02:12:27.707 GMT+0100,3036.13,3035.4700000000003,0.0009,0.0027
30.10.2019 02:12:40.947 GMT+0100,3035.931,3035.4700000000003,0.0004,0.0022
30.10.2019 02:12:40.997 GMT+0100,3035.93,3035.27,0.0004,0.0022
30.10.2019 02:12:56.811 GMT+0100,3036.131,3035.4690000000005,0.0032,0.0028
30.10.2019 02:12:57.155 GMT+0100,3035.931,3035.4690000000005,0.0004,0.0005
30.10.2019 02:12:57.205 GMT+0100,3035.93,3035.27,0.0004,0.0004
30.10.2019 02:12:58.331 GMT+0100,3035.93,3035.4690000000005,0.0004,0.0022
30.10.2019 02:12:58.381 GMT+0100,3036.13,3035.4700000000003,0.0004,0.0004
30.10.2019 02:13:02.754 GMT+0100,3035.93,3035.4690000000005,0.0004,0.0022
30.10.2019 02:13:02.804 GMT+0100,3035.93,3035.27,0.0004,0.0004
30.10.2019 02:14:20.164 GMT+0100,3035.93,3035.37,0.0004,0.0001
30.10.2019 02:14:20.214 GMT+0100,3036.03,3035.37,0.0004,0.0005
30.10.2019 02:14:21.838 GMT+0100,3036.03,3035.4700000000003,0.0004,0.0022
30.10.2019 02:14:21.888 GMT+0100,3036.13,3035.4700000000003,0.0032,0.0028
30.10.2019 02:14:30.279 GMT+0100,3035.93,3035.4700000000003,0.0004,0.0005
30.10.2019 02:14:30.329 GMT+0100,3035.93,3035.27,0.0009,0.0027
30.10.2019 02:15:10.459 GMT+0100,3035.73,3035.07,0,0.0001
30.10.2019 02:15:10.655 GMT+0100,3035.63,3035.0690000000004,0.0004,0.0022
30.10.2019 02:15:10.705 GMT+0100,3035.63,3034.9700000000003,0.0009,0.0027
30.10.2019 02:15:17.992 GMT+0100,3035.63,3035.07,0.0004,0.0022
30.10.2019 02:15:18.042 GMT+0100,3035.73,3035.07,0.0009,0.0027
30.10.2019 02:15:21.387 GMT+0100,3035.63,3035.07,0.0004,0.0004
30.10.2019 02:15:21.437 GMT+0100,3035.63,3034.9700000000003,0.0004,0.0024
30.10.2019 02:15:24.256 GMT+0100,3035.63,3035.27,0,0.0022
30.10.2019 02:15:24.307 GMT+0100,3035.93,3035.27,0.0004,0.0022
30.10.2019 02:15:39.287 GMT+0100,3035.63,3034.9700000000003,0.0004,0.0022
30.10.2019 02:15:39.766 GMT+0100,3035.631,3035.27,0.0004,0.0022
30.10.2019 02:15:39.817 GMT+0100,3035.93,3035.27,0.0004,0.0022
30.10.2019 02:16:08.737 GMT+0100,3035.631,3035.2690000000002,0.0004,0.0005
30.10.2019 02:16:08.787 GMT+0100,3035.63,3034.9700000000003,0.0004,0.0005
30.10.2019 02:16:40.784 GMT+0100,3035.431,3034.9700000000003,0.0004,0.0005
30.10.2019 02:16:40.834 GMT+0100,3035.43,3034.77,0.0004,0.0004
30.10.2019 02:16:44.317 GMT+0100,3035.43,3034.9690000000005,0.0004,0.0022
30.10.2019 02:16:44.368 GMT+0100,3035.63,3034.9700000000003,0.0004,0.0005
30.10.2019 02:17:01.248 GMT+0100,3035.431,3034.9700000000003,0.0004,0.0005
30.10.2019 02:17:01.299 GMT+0100,3035.43,3034.77,0,0.0001
30.10.2019 02:17:06.604 GMT+0100,3035.43,3034.9690000000005,0,0.0022
30.10.2019 02:17:06.666 GMT+0100,3035.63,3034.9700000000003,0.0004,0.0004
30.10.2019 02:17:16.462 GMT+0100,3035.53,3034.9700000000003,0.0004,0.0004
30.10.2019 02:17:16.513 GMT+0100,3035.53,3034.87,0.0032,0.0028
30.10.2019 02:17:16.784 GMT+0100,3035.53,3034.9690000000005,0.0004,0.0022
30.10.2019 02:17:16.834 GMT+0100,3035.63,3034.9700000000003,0.0004,0.0005
30.10.2019 02:18:38.759 GMT+0100,3035.43,3034.9700000000003,0.0004,0.0004
30.10.2019 02:18:38.816 GMT+0100,3035.43,3034.77,0.0032,0.0028
30.10.2019 02:18:42.379 GMT+0100,3035.43,3034.9700000000003,0.0004,0.0022
30.10.2019 02:18:42.429 GMT+0100,3035.63,3034.9700000000003,0.0004,0.0022
30.10.2019 02:18:45.379 GMT+0100,3035.43,3034.9690000000005,0.0004,0.0005
30.10.2019 02:18:45.430 GMT+0100,3035.43,3034.77,0.0009,0.0027
30.10.2019 02:18:45.702 GMT+0100,3035.43,3034.9690000000005,0.0004,0.0022
30.10.2019 02:18:45.753 GMT+0100,3035.631,3034.9690000000005,0.0032,0.0028
30.10.2019 02:19:27.500 GMT+0100,3035.43,3034.77,0.0009,0.0027
30.10.2019 02:19:36.293 GMT+0100,3035.43,3034.9690000000005,0.0004,0.0022
30.10.2019 02:19:36.343 GMT+0100,3035.63,3034.9700000000003,0,0.0001
30.10.2019 02:20:01.478 GMT+0100,3035.63,3035.27,0,0.0022
30.10.2019 02:20:01.529 GMT+0100,3035.93,3035.27,0.0032,0.0028
30.10.2019 02:20:02.014 GMT+0100,3035.63,3035.27,0.0004,0.0022
30.10.2019 02:20:02.065 GMT+0100,3035.63,3034.9700000000003,0.0004,0.0004
30.10.2019 02:20:02.445 GMT+0100,3035.631,3035.2690000000002,0.0004,0.0004
30.10.2019 02:20:02.496 GMT+0100,3035.93,3035.27,0.0004,0.0024
30.10.2019 02:20:03.205 GMT+0100,3035.631,3034.9690000000005,0.0032,0.0028
30.10.2019 02:20:03.535 GMT+0100,3035.93,3035.27,0.0032,0.0028
30.10.2019 02:20:06.224 GMT+0100,3035.631,3035.27,0.0004,0.0005
30.10.2019 02:20:06.274 GMT+0100,3035.63,3034.9700000000003,0.0004,0.0004
30.10.2019 02:20:17.759 GMT+0100,3035.63,3035.2690000000002,0.0004,0.0022
30.10.2019 02:20:17.809 GMT+0100,3035.931,3035.2690000000002,0.0032,0.0028
30.10.2019 02:20:52.188 GMT+0100,3035.63,3035.2690000000002,0.0004,0.0005
30.10.2019 02:20:52.239 GMT+0100,3035.63,3034.9700000000003,0.0004,0.0022
30.10.2019 02:21:21.937 GMT+0100,3035.631,3035.2690000000002,0.0004,0.0022
30.10.2019 02:21:21.987 GMT+0100,3035.93,3035.27,0,0.0001
30.10.2019 02:21:23.266 GMT+0100,3035.63,3035.27,0.0004,0.0001
30.10.2019 02:21:23.316 GMT+0100,3035.63,3034.9700000000003,0.0032,0.0028
30.10.2019 02:21:24.644 GMT+0100,3035.63,3035.27,0,0.0022
30.10.2019 02:21:24.694 GMT+0100,3035.93,3035.27,0.0004,0.0022
30.10.2019 02:21:29.702 GMT+0100,3035.631,3035.2690000000002,0.0004,0.0005
30.10.2019 02:21:29.753 GMT+0100,3035.631,3034.9690000000005,0.0032,0.0028
30.10.2019 02:21:36.337 GMT+0100,3035.631,3035.27,0.0004,0.0022
30.10.2019 02:21:36.387 GMT+0100,3035.93,3035.27,0.0004,0.0024
30.10.2019 02:21:37.203 GMT+0100,3035.631,3035.27,0.0004,0.0001
30.10.2019 02:21:37.254 GMT+0100,3035.631,3034.9690000000005,0.0032,0.0028
30.10.2019 02:21:38.354 GMT+0100,3035.631,3035.2690000000002,0.0004,0.0022
30.10.2019 02:21:38.404 GMT+0100,3035.93,3035.27,0,0.0001
30.10.2019 02:21:41.113 GMT+0100,3035.63,3034.9700000000003,0.0032,0.0028
30.10.2019 02:22:14.396 GMT+0100,3035.63,3035.27,0.0004,0.0022
30.10.2019 02:22:14.447 GMT+0100,3035.93,3035.27,0.0009,0.0027
30.10.2019 02:22:27.074 GMT+0100,3035.63,3035.27,0.0004,0.0004
30.10.2019 02:22:27.125 GMT+0100,3035.63,3034.9700000000003,0.0004,0.0024
30.10.2019 02:23:03.236 GMT+0100,3035.93,3035.27,0.0032,0.0028
30.10.2019 02:24:05.487 GMT+0100,3035.631,3035.27,0.0004,0.0004
30.10.2019 02:24:05.538 GMT+0100,3035.631,3034.9690000000005,0.0032,0.0028
30.10.2019 02:24:35.710 GMT+0100,3035.631,3035.0690000000004,0.0004,0.0004
30.10.2019 02:24:35.761 GMT+0100,3035.73,3035.07,0.0004,0.0024
30.10.2019 02:24:36.027 GMT+0100,3035.73,3035.27,0,0.0022
30.10.2019 02:24:36.078 GMT+0100,3035.93,3035.27,0.0032,0.0028
30.10.2019 02:26:23.883 GMT+0100,3035.93,3035.4690000000005,0.0004,0.0022
30.10.2019 02:26:23.934 GMT+0100,3036.13,3035.4700000000003,0.0004,0.0005
30.10.2019 02:26:25.480 GMT+0100,3035.93,3035.4700000000003,0.0004,0.0005
30.10.2019 02:26:25.530 GMT+0100,3035.93,3035.27,0.0004,0.0022
30.10.2019 02:26:28.749 GMT+0100,3035.931,3035.4700000000003,0.0004,0.0022
30.10.2019 02:26:28.799 GMT+0100,3036.13,3035.4700000000003,0.0032,0.0028
30.10.2019 02:27:13.971 GMT+0100,3035.931,3035.4700000000003,0.0004,0.0005
30.10.2019 02:27:14.021 GMT+0100,3035.93,3035.27,0.0004,0.0005
30.10.2019 02:27:27.195 GMT+0100,3036.13,3035.4700000000003,0.0004,0.0004
30.10.2019 02:27:28.186 GMT+0100,3035.931,3035.4700000000003,0.0004,0.0004
30.10.2019 02:27:28.236 GMT+0100,3035.931,3035.2690000000002,0.0032,0.0028
30.10.2019 02:27:35.634 GMT+0100,3035.931,3035.4690000000005,0.0004,0.0022
30.10.2019 02:27:35.685 GMT+0100,3036.13,3035.4700000000003,0.0004,0.0004
30.10.2019 02:27:45.379 GMT+0100,3035.93,3035.4700000000003,0.0004,0.0004
30.10.2019 02:27:45.430 GMT+0100,3035.93,3035.27,0.0004,0.0024
30.10.2019 02:28:00.875 GMT+0100,3035.93,3035.4690000000005,0,0.0022
30.10.2019 02:28:00.925 GMT+0100,3036.131,3035.4690000000005,0.0032,0.0028
30.10.2019 02:28:02.923 GMT+0100,3035.93,3035.4690000000005,0.0004,0.0005
30.10.2019 02:28:02.973 GMT+0100,3035.93,3035.27,0.0004,0.0024
30.10.2019 02:28:50.570 GMT+0100,3035.93,3035.4690000000005,0,0.0022
30.10.2019 02:28:50.623 GMT+0100,3036.131,3035.4690000000005,0.0032,0.0028
30.10.2019 02:28:51.199 GMT+0100,3035.93,3035.4690000000005,0.0004,0.0005
30.10.2019 02:28:51.249 GMT+0100,3035.93,3035.27,0.0009,0.0027
30.10.2019 02:30:00.588 GMT+0100,3035.93,3035.4690000000005,0.0004,0.0022
30.10.2019 02:30:00.639 GMT+0100,3036.13,3035.4700000000003,0.0004,0.0004
30.10.2019 02:30:02.223 GMT+0100,3035.931,3035.4700000000003,0.0004,0.0004
30.10.2019 02:30:02.274 GMT+0100,3035.93,3035.27,0.0004,0.0005
30.10.2019 02:30:03.528 GMT+0100,3035.93,3035.4690000000005,0.0004,0.0022
30.10.2019 02:30:03.578 GMT+0100,3036.131,3035.4690000000005,0.0032,0.0028
30.10.2019 02:30:05.009 GMT+0100,3035.93,3035.4690000000005,0.0004,0.0005
30.10.2019 02:30:05.059 GMT+0100,3035.93,3035.27,0.0009,0.0027
30.10.2019 02:30:49.267 GMT+0100,3035.93,3035.4700000000003,0.0004,0.0022
30.10.2019 02:30:49.317 GMT+0100,3036.13,3035.4700000000003,0.0009,0.0027
30.10.2019 02:30:59.317 GMT+0100,3036.13,3035.77,0.0004,0.0022
30.10.2019 02:30:59.367 GMT+0100,3036.43,3035.77,0.0004,0.0022
30.10.2019 02:31:05.457 GMT+0100,3036.431,3035.9700000000003,0.0004,0.0022
30.10.2019 02:31:05.507 GMT+0100,3036.63,3035.9700000000003,0.0009,0.0027
30.10.2019 02:32:01.596 GMT+0100,3036.43,3035.9700000000003,0.0004,0.0022
30.10.2019 02:32:01.646 GMT+0100,3036.43,3035.77,0.0032,0.0028
30.10.2019 02:32:02.467 GMT+0100,3036.43,3035.9690000000005,0.0004,0.0022
30.10.2019 02:32:02.518 GMT+0100,3036.63,3035.9700000000003,0,0.0001
30.10.2019 02:32:06.062 GMT+0100,3036.53,3035.9700000000003,0.0004,0.0001
30.10.2019 02:32:06.114 GMT+0100,3036.53,3035.87,0.0004,0.0022
30.10.2019 02:32:08.682 GMT+0100,3036.43,3035.869,0.0004,0.0005
30.10.2019 02:32:08.733 GMT+0100,3036.43,3035.77,0.0004,0.0024
30.10.2019 02:32:13.840 GMT+0100,3036.13,3035.4700000000003,0.0004,0.0004
30.10.2019 02:32:20.442 GMT+0100,3036.03,3035.37,0.0004,0.0022
30.10.2019 02:32:20.914 GMT+0100,3035.931,3035.369,0.0004,0.0005
30.10.2019 02:32:20.965 GMT+0100,3035.93,3035.27,0,0.0001
30.10.2019 02:32:51.018 GMT+0100,3035.93,3035.4700000000003,0,0.0022
30.10.2019 02:32:51.069 GMT+0100,3036.13,3035.4700000000003,0.0032,0.0028
30.10.2019 02:32:58.504 GMT+0100,3036.13,3035.77,0.0009,0.0001
30.10.2019 02:32:58.555 GMT+0100,3036.43,3035.77,0,0.0001
30.10.2019 02:32:59.150 GMT+0100,3036.13,3035.77,0.0004,0.0001
30.10.2019 02:32:59.201 GMT+0100,3036.13,3035.4700000000003,0.0004,0.0024
30.10.2019 02:33:07.784 GMT+0100,3036.13,3035.7690000000002,0,0.0022
30.10.2019 02:33:07.834 GMT+0100,3036.431,3035.7690000000002,0.0032,0.0028
30.10.2019 02:33:07.945 GMT+0100,3036.23,3035.7690000000002,0.0004,0.0005
30.10.2019 02:33:07.995 GMT+0100,3036.23,3035.57,0.0004,0.0022
30.10.2019 02:33:08.819 GMT+0100,3036.23,3035.77,0.0004,0.0001
30.10.2019 02:33:08.869 GMT+0100,3036.43,3035.77,0,0.0001
30.10.2019 02:33:08.936 GMT+0100,3036.131,3035.77,0.0004,0.0001
30.10.2019 02:33:08.987 GMT+0100,3036.13,3035.4700000000003,0.0004,0.0005
30.10.2019 02:33:09.258 GMT+0100,3036.13,3035.77,0.0004,0.0022
30.10.2019 02:33:09.309 GMT+0100,3036.43,3035.77,0.0004,0.0024
30.10.2019 02:33:45.153 GMT+0100,3036.131,3035.77,0.0004,0.0001
30.10.2019 02:33:45.203 GMT+0100,3036.13,3035.4700000000003,0.0004,0.0005
30.10.2019 02:33:47.698 GMT+0100,3036.43,3035.77,0.0004,0.0004
30.10.2019 02:33:47.833 GMT+0100,3036.23,3035.77,0.0004,0.0004
30.10.2019 02:33:47.883 GMT+0100,3036.23,3035.57,0.0004,0.0022
30.10.2019 02:33:48.224 GMT+0100,3036.2309999999998,3035.7690000000002,0.0004,0.0022
30.10.2019 02:33:48.275 GMT+0100,3036.43,3035.77,0.0004,0.0005
30.10.2019 02:33:50.577 GMT+0100,3036.13,3035.77,0.0004,0.0005
30.10.2019 02:33:50.627 GMT+0100,3036.13,3035.4700000000003,0.0032,0.0028
30.10.2019 02:33:58.184 GMT+0100,3036.13,3035.77,0.0004,0.0022
30.10.2019 02:33:58.235 GMT+0100,3036.43,3035.77,0.0032,0.0028
30.10.2019 02:33:58.775 GMT+0100,3036.131,3035.77,0.0004,0.0005
30.10.2019 02:33:58.826 GMT+0100,3036.13,3035.4700000000003,0,0.0001
30.10.2019 02:34:46.938 GMT+0100,3035.93,3035.27,0,0.0001
30.10.2019 02:34:56.941 GMT+0100,3035.93,3035.4690000000005,0,0.0022
30.10.2019 02:34:56.991 GMT+0100,3036.13,3035.4700000000003,0,0.0001
30.10.2019 02:35:00.877 GMT+0100,3035.93,3035.27,0.0004,0.0004
30.10.2019 02:35:01.536 GMT+0100,3036.13,3035.4700000000003,0.0004,0.0004
30.10.2019 02:35:03.187 GMT+0100,3036.431,3035.7690000000002,0.0032,0.0028
30.10.2019 02:35:04.729 GMT+0100,3036.131,3035.7690000000002,0.0004,0.0005
30.10.2019 02:35:04.802 GMT+0100,3036.131,3035.4690000000005,0.0032,0.0028
30.10.2019 02:35:08.487 GMT+0100,3036.43,3035.77,0.0004,0.0024
30.10.2019 02:35:11.034 GMT+0100,3036.43,3035.87,0,0.0022
30.10.2019 02:35:11.085 GMT+0100,3036.53,3035.87,0.0004,0.0024
30.10.2019 02:35:11.193 GMT+0100,3036.431,3035.87,0.0004,0.0001
30.10.2019 02:35:11.243 GMT+0100,3036.431,3035.7690000000002,0.0032,0.0028
30.10.2019 02:36:02.444 GMT+0100,3036.13,3035.7690000000002,0.0004,0.0005
30.10.2019 02:36:02.536 GMT+0100,3036.13,3035.4700000000003,0.0032,0.0028
30.10.2019 02:36:21.161 GMT+0100,3035.93,3035.4700000000003,0.0004,0.0005
30.10.2019 02:36:21.212 GMT+0100,3035.93,3035.27,0.0009,0.0027
30.10.2019 02:36:23.197 GMT+0100,3035.63,3035.27,0.0004,0.0004
30.10.2019 02:36:23.247 GMT+0100,3035.63,3034.9700000000003,0.0009,0.0027
30.10.2019 02:36:25.007 GMT+0100,3035.63,3035.0690000000004,0.0004,0.0022
30.10.2019 02:36:25.057 GMT+0100,3035.7309999999998,3035.0690000000004,0.0032,0.0028
30.10.2019 02:36:25.167 GMT+0100,3035.7309999999998,3035.2690000000002,0.0004,0.0022
30.10.2019 02:36:25.218 GMT+0100,3035.93,3035.27,0.0004,0.0005
30.10.2019 02:36:26.024 GMT+0100,3035.631,3035.27,0.0004,0.0005
30.10.2019 02:36:26.075 GMT+0100,3035.631,3034.9690000000005,0.0032,0.0028
30.10.2019 02:36:45.698 GMT+0100,3035.631,3035.07,0.0004,0.0022
30.10.2019 02:36:45.748 GMT+0100,3035.73,3035.07,0.0004,0.0024
30.10.2019 02:36:45.857 GMT+0100,3035.63,3035.07,0.0004,0.0001
30.10.2019 02:36:45.907 GMT+0100,3035.63,3034.9700000000003,0.0009,0.0027
30.10.2019 02:36:49.290 GMT+0100,3035.931,3035.2690000000002,0.0032,0.0028
30.10.2019 02:36:51.075 GMT+0100,3035.63,3035.2690000000002,0.0004,0.0005
30.10.2019 02:36:51.125 GMT+0100,3035.63,3034.9700000000003,0.0004,0.0022
30.10.2019 02:36:51.270 GMT+0100,3035.73,3035.07,0,0.0001
30.10.2019 02:36:52.694 GMT+0100,3035.73,3035.27,0,0.0022
30.10.2019 02:36:52.744 GMT+0100,3035.93,3035.27,0.0004,0.0024
30.10.2019 02:36:55.890 GMT+0100,3035.63,3034.9700000000003,0.0032,0.0028
30.10.2019 02:36:57.261 GMT+0100,3035.63,3035.2690000000002,0.0004,0.0022
30.10.2019 02:36:57.312 GMT+0100,3035.93,3035.27,0.0004,0.0004
30.10.2019 02:36:57.959 GMT+0100,3035.73,3035.27,0.0004,0.0004
30.10.2019 02:36:58.009 GMT+0100,3035.73,3035.07,0.0004,0.0022
30.10.2019 02:36:58.614 GMT+0100,3035.63,3035.0690000000004,0.0004,0.0005
30.10.2019 02:36:58.693 GMT+0100,3035.63,3034.9700000000003,0.0032,0.0028
30.10.2019 02:36:59.563 GMT+0100,3035.63,3035.27,0.0004,0.0022
30.10.2019 02:36:59.661 GMT+0100,3035.93,3035.27,0.0032,0.0028
30.10.2019 02:37:00.304 GMT+0100,3035.631,3035.27,0.0004,0.0005
30.10.2019 02:37:00.354 GMT+0100,3035.63,3034.9700000000003,0.0004,0.0005
30.10.2019 02:37:01.274 GMT+0100,3035.63,3035.2690000000002,0.0004,0.0022
30.10.2019 02:37:01.324 GMT+0100,3035.93,3035.27,0,0.0001
30.10.2019 02:37:01.758 GMT+0100,3035.63,3035.27,0.0004,0.0001
30.10.2019 02:37:01.808 GMT+0100,3035.63,3034.9700000000003,0.0009,0.0027
30.10.2019 02:37:03.700 GMT+0100,3035.63,3035.2690000000002,0.0004,0.0022
30.10.2019 02:37:03.751 GMT+0100,3035.93,3035.27,0.0004,0.0004
30.10.2019 02:37:05.533 GMT+0100,3035.73,3035.27,0.0004,0.0004
30.10.2019 02:37:05.584 GMT+0100,3035.73,3035.07,0.0032,0.0028
30.10.2019 02:37:05.793 GMT+0100,3035.931,3035.2690000000002,0.0032,0.0028
30.10.2019 02:37:10.209 GMT+0100,3035.63,3035.2690000000002,0.0004,0.0005
30.10.2019 02:37:10.259 GMT+0100,3035.63,3034.9700000000003,0.0009,0.0027
30.10.2019 02:37:14.910 GMT+0100,3035.63,3035.2690000000002,0.0004,0.0022
30.10.2019 02:37:14.961 GMT+0100,3035.931,3035.2690000000002,0.0032,0.0028
30.10.2019 02:37:15.071 GMT+0100,3035.73,3035.2690000000002,0.0004,0.0005
30.10.2019 02:37:15.121 GMT+0100,3035.73,3035.07,0.0004,0.0024
30.10.2019 02:37:15.233 GMT+0100,3035.73,3035.27,0,0.0022
30.10.2019 02:37:15.283 GMT+0100,3035.93,3035.27,0.0032,0.0028
30.10.2019 02:37:15.394 GMT+0100,3035.63,3035.27,0.0004,0.0005
30.10.2019 02:37:15.444 GMT+0100,3035.63,3034.9700000000003,0.0004,0.0024
30.10.2019 02:37:16.449 GMT+0100,3035.63,3035.27,0,0.0022
30.10.2019 02:37:16.499 GMT+0100,3035.93,3035.27,0.0004,0.0022
30.10.2019 02:37:18.382 GMT+0100,3035.73,3035.2690000000002,0.0004,0.0005
30.10.2019 02:37:18.432 GMT+0100,3035.73,3035.07,0.0004,0.0024
30.10.2019 02:37:18.752 GMT+0100,3035.73,3035.2690000000002,0,0.0022
30.10.2019 02:37:18.802 GMT+0100,3035.93,3035.27,0,0.0001
30.10.2019 02:37:20.684 GMT+0100,3035.7309999999998,3035.27,0.0004,0.0001
30.10.2019 02:37:20.735 GMT+0100,3035.73,3035.07,0,0.0001
30.10.2019 02:37:20.867 GMT+0100,3035.73,3035.27,0,0.0022
30.10.2019 02:37:20.917 GMT+0100,3035.93,3035.27,0.0009,0.0027
30.10.2019 02:37:25.957 GMT+0100,3035.631,3035.27,0.0004,0.0004
30.10.2019 02:37:26.008 GMT+0100,3035.63,3034.9700000000003,0.0004,0.0004
30.10.2019 02:37:27.363 GMT+0100,3035.63,3035.2690000000002,0.0004,0.0022
30.10.2019 02:37:27.413 GMT+0100,3035.931,3035.2690000000002,0.0032,0.0028
30.10.2019 02:37:27.917 GMT+0100,3035.73,3035.07,0.0009,0.0027
30.10.2019 02:37:29.240 GMT+0100,3035.63,3034.9700000000003,0.0009,0.0027
30.10.2019 02:37:53.384 GMT+0100,3035.43,3034.9700000000003,0.0004,0.0004
30.10.2019 02:37:53.434 GMT+0100,3035.43,3034.77,0.0009,0.0027
30.10.2019 02:38:03.093 GMT+0100,3035.131,3034.77,0.0004,0.0004
30.10.2019 02:38:03.144 GMT+0100,3035.13,3034.4700000000003,0.0004,0.0005
30.10.2019 02:38:05.347 GMT+0100,3035.23,3034.57,0.0004,0.0022
30.10.2019 02:38:07.665 GMT+0100,3035.13,3034.5690000000004,0.0004,0.0005
30.10.2019 02:38:07.715 GMT+0100,3035.13,3034.4700000000003,0.0004,0.0022
30.10.2019 02:38:53.828 GMT+0100,3034.93,3034.4690000000005,0.0004,0.0005
30.10.2019 02:38:53.878 GMT+0100,3034.93,3034.27,0.0004,0.0024
30.10.2019 02:39:07.655 GMT+0100,3034.93,3034.37,0,0.0022
30.10.2019 02:39:07.705 GMT+0100,3035.03,3034.37,0.0004,0.0022
30.10.2019 02:39:07.817 GMT+0100,3035.031,3034.4700000000003,0.0004,0.0022
30.10.2019 02:39:07.868 GMT+0100,3035.13,3034.4700000000003,0.0004,0.0022
30.10.2019 02:39:13.797 GMT+0100,3034.931,3034.4690000000005,0.0009,0.0001
30.10.2019 02:39:13.855 GMT+0100,3034.931,3034.2690000000002,0.0032,0.0028
30.10.2019 02:39:16.766 GMT+0100,3034.931,3034.369,0.0004,0.0022
30.10.2019 02:39:16.817 GMT+0100,3035.031,3034.369,0.0032,0.0028
30.10.2019 02:39:17.543 GMT+0100,3034.93,3034.369,0.0004,0.0005
30.10.2019 02:39:17.593 GMT+0100,3034.93,3034.27,0.0004,0.0024
30.10.2019 02:39:18.172 GMT+0100,3034.93,3034.4700000000003,0,0.0022
30.10.2019 02:39:18.223 GMT+0100,3035.13,3034.4700000000003,0.0032,0.0028
30.10.2019 02:39:18.360 GMT+0100,3034.93,3034.27,0.0004,0.0004
30.10.2019 02:39:19.294 GMT+0100,3034.93,3034.4690000000005,0.0004,0.0022
30.10.2019 02:39:19.344 GMT+0100,3035.13,3034.4700000000003,0.0004,0.0004
30.10.2019 02:39:19.704 GMT+0100,3034.93,3034.4700000000003,0.0004,0.0004
30.10.2019 02:39:19.754 GMT+0100,3034.93,3034.27,0.0004,0.0024
30.10.2019 02:39:26.722 GMT+0100,3034.93,3034.369,0,0.0022
30.10.2019 02:39:26.773 GMT+0100,3035.03,3034.37,0,0.0001
30.10.2019 02:39:26.888 GMT+0100,3035.03,3034.4690000000005,0,0.0022
30.10.2019 02:39:26.938 GMT+0100,3035.13,3034.4700000000003,0,0.0001
30.10.2019 02:39:31.598 GMT+0100,3034.93,3034.4700000000003,0.0004,0.0001
30.10.2019 02:39:31.649 GMT+0100,3034.93,3034.27,0.0009,0.0027
30.10.2019 02:39:32.761 GMT+0100,3034.93,3034.4690000000005,0.0004,0.0022
30.10.2019 02:39:32.811 GMT+0100,3035.13,3034.4700000000003,0.0004,0.0004
30.10.2019 02:39:33.080 GMT+0100,3034.931,3034.4700000000003,0.0004,0.0004
30.10.2019 02:39:33.130 GMT+0100,3034.931,3034.2690000000002,0.0032,0.0028
30.10.2019 02:39:33.240 GMT+0100,3034.931,3034.369,0.0004,0.0022
30.10.2019 02:39:33.290 GMT+0100,3035.03,3034.37,0.0004,0.0004
30.10.2019 02:39:33.578 GMT+0100,3034.5,3034.37,0.0004,0.0004
30.10.2019 02:39:33.629 GMT+0100,3034.43,3033.77,0.0009,0.0027
30.10.2019 02:39:33.739 GMT+0100,3034.43,3033.9700000000003,0.0004,0.0022
30.10.2019 02:39:33.791 GMT+0100,3034.63,3033.9700000000003,0.0004,0.0022
30.10.2019 02:39:34.061 GMT+0100,3034.631,3034.27,0.0004,0.0022
30.10.2019 02:39:34.112 GMT+0100,3034.93,3034.27,0.0004,0.0022
30.10.2019 02:39:37.590 GMT+0100,3034.434,3034.2690000000002,0.0004,0.0005
30.10.2019 02:39:37.640 GMT+0100,3034.43,3033.77,0.0004,0.0022
30.10.2019 02:39:57.696 GMT+0100,3034.13,3033.4700000000003,0.0004,0.0005
30.10.2019 02:39:57.847 GMT+0100,3034.13,3033.7690000000002,0.0004,0.0001
30.10.2019 02:39:57.897 GMT+0100,3034.431,3033.7690000000002,0.0032,0.0028
30.10.2019 02:39:58.026 GMT+0100,3034.131,3033.4690000000005,0.0032,0.0028
30.10.2019 02:39:59.767 GMT+0100,3034.131,3033.77,0.0004,0.0022
30.10.2019 02:39:59.817 GMT+0100,3034.43,3033.77,0.0004,0.0024
30.10.2019 02:40:00.461 GMT+0100,3034.13,3033.77,0.0004,0.0001
30.10.2019 02:40:00.511 GMT+0100,3034.13,3033.4700000000003,0.0009,0.0027
30.10.2019 02:40:04.772 GMT+0100,3034.13,3033.7690000000002,0.0004,0.0022
30.10.2019 02:40:04.823 GMT+0100,3034.43,3033.77,0.0004,0.0005
30.10.2019 02:40:04.956 GMT+0100,3034.13,3033.4700000000003,0.0032,0.0028
30.10.2019 02:40:05.095 GMT+0100,3034.13,3033.5690000000004,0.0004,0.0022
30.10.2019 02:40:05.146 GMT+0100,3034.23,3033.57,0,0.0001
30.10.2019 02:40:05.417 GMT+0100,3034.23,3033.77,0,0.0022
30.10.2019 02:40:05.467 GMT+0100,3034.43,3033.77,0.0009,0.0027
30.10.2019 02:40:21.754 GMT+0100,3034.43,3033.9690000000005,0.0004,0.0022
30.10.2019 02:40:21.804 GMT+0100,3034.63,3033.9700000000003,0.0004,0.0004
30.10.2019 02:40:22.231 GMT+0100,3034.43,3033.9700000000003,0.0004,0.0004
30.10.2019 02:40:22.281 GMT+0100,3034.43,3033.77,0.0009,0.0027
30.10.2019 02:40:22.389 GMT+0100,3034.43,3033.9690000000005,0.0004,0.0022
30.10.2019 02:40:22.439 GMT+0100,3034.63,3033.9700000000003,0.0004,0.0004
30.10.2019 02:40:26.816 GMT+0100,3034.93,3034.27,0.0009,0.0027
30.10.2019 02:40:40.288 GMT+0100,3034.63,3034.27,0.0004,0.0004
30.10.2019 02:40:40.339 GMT+0100,3034.63,3033.9700000000003,0.0004,0.0024
30.10.2019 02:40:42.864 GMT+0100,3034.63,3034.2690000000002,0,0.0022
30.10.2019 02:40:42.914 GMT+0100,3034.93,3034.27,0.0004,0.0005
30.10.2019 02:40:45.831 GMT+0100,3034.631,3034.27,0.0004,0.0005
30.10.2019 02:40:45.881 GMT+0100,3034.63,3033.9700000000003,0,0.0001
30.10.2019 02:40:49.087 GMT+0100,3034.631,3034.27,0.0009,0.0001
30.10.2019 02:40:49.138 GMT+0100,3034.93,3034.27,0,0.0001
30.10.2019 02:40:49.403 GMT+0100,3034.631,3034.27,0.0004,0.0001
30.10.2019 02:40:49.453 GMT+0100,3034.63,3033.9700000000003,0.0004,0.0005
30.10.2019 02:40:53.208 GMT+0100,3034.63,3034.2690000000002,0.0004,0.0022
30.10.2019 02:40:53.259 GMT+0100,3034.93,3034.27,0.0004,0.0004
30.10.2019 02:40:54.801 GMT+0100,3034.63,3034.27,0.0004,0.0004
