Local time,Ask,Bid,AskVolume,BidVolume
30.10.2019 00:04:04.457 GMT+0100,158.657,158.625,0.02,0.0125
30.10.2019 00:04:33.960 GMT+0100,158.662,158.609,1.01,0.015
30.10.2019 00:04:43.404 GMT+0100,158.662,158.61,1.01,0.015
30.10.2019 00:04:46.004 GMT+0100,158.662,158.609,1.01,0.015
30.10.2019 00:04:53.318 GMT+0100,158.662,158.625,1.01,0.0094
30.10.2019 00:05:04.359 GMT+0100,158.673,158.624,1.01,0.0094
30.10.2019 00:05:34.580 GMT+0100,158.673,158.656,0.75,0.0094
30.10.2019 00:05:34.630 GMT+0100,158.703,158.656,1.01,0.0094
30.10.2019 00:05:36.573 GMT+0100,158.703,158.637,1.01,0.75
30.10.2019 00:05:36.623 GMT+0100,158.672,158.625,1.01,0.015
30.10.2019 00:05:57.988 GMT+0100,158.672,158.656,0.75,0.0094
30.10.2019 00:05:58.119 GMT+0100,158.702,158.656,1.01,0.0094
30.10.2019 00:06:02.906 GMT+0100,158.702,158.655,1.01,0.0094
30.10.2019 00:08:03.667 GMT+0100,158.689,158.655,0.02,0.02
30.10.2019 00:09:46.319 GMT+0100,158.689,158.655,0.0125,0.02
30.10.2019 00:09:46.628 GMT+0100,158.721,158.687,0.02,0.0125
30.10.2019 00:10:37.805 GMT+0100,158.732,158.67100000000002,1.01,0.015
30.10.2019 00:10:37.956 GMT+0100,158.702,158.67100000000002,0.75,0.015
30.10.2019 00:10:38.205 GMT+0100,158.702,158.655,1.01,0.015
30.10.2019 00:27:20.812 GMT+0100,158.689,158.655,0.02,0.02
30.10.2019 00:28:53.599 GMT+0100,158.688,158.656,0.0125,0.02
30.10.2019 00:31:03.352 GMT+0100,158.689,158.655,0.0125,0.02
30.10.2019 00:32:27.740 GMT+0100,158.689,158.655,0.0125,0.02
30.10.2019 00:33:00.971 GMT+0100,158.704,158.672,0.02,0.02
30.10.2019 00:33:02.313 GMT+0100,158.733,158.688,1.01,0.0094
30.10.2019 00:33:02.435 GMT+0100,158.733,158.687,1.01,0.015
30.10.2019 00:34:50.897 GMT+0100,158.72,158.688,0.0125,0.02
30.10.2019 00:36:46.940 GMT+0100,158.752,158.718,0.02,0.02
30.10.2019 00:38:04.073 GMT+0100,158.752,158.718,0.02,0.02
30.10.2019 00:39:00.184 GMT+0100,158.732,158.687,1.01,0.015
30.10.2019 00:39:31.718 GMT+0100,158.751,158.719,0.02,0.0125
30.10.2019 00:39:33.141 GMT+0100,158.763,158.697,1.01,0.75
30.10.2019 00:39:33.191 GMT+0100,158.733,158.687,1.01,0.015
30.10.2019 00:39:33.242 GMT+0100,158.733,158.717,0.75,0.0094
30.10.2019 00:39:33.313 GMT+0100,158.763,158.719,1.01,0.0094
30.10.2019 00:40:05.246 GMT+0100,158.763,158.697,1.01,0.75
30.10.2019 00:40:05.341 GMT+0100,158.733,158.688,1.01,0.015
30.10.2019 00:40:05.762 GMT+0100,158.733,158.687,1.01,0.0094
30.10.2019 00:40:30.582 GMT+0100,158.733,158.717,0.75,0.0094
30.10.2019 00:40:30.675 GMT+0100,158.763,158.718,1.01,0.0094
30.10.2019 00:41:00.290 GMT+0100,158.763,158.697,1.01,0.75
30.10.2019 00:41:00.392 GMT+0100,158.733,158.687,1.01,0.015
30.10.2019 00:41:00.715 GMT+0100,158.733,158.703,0.75,0.015
30.10.2019 00:41:00.765 GMT+0100,158.753,158.703,1.01,0.015
30.10.2019 00:42:11.030 GMT+0100,158.763,158.697,1,1
30.10.2019 00:42:11.259 GMT+0100,158.763,158.718,1.01,0.0094
30.10.2019 00:42:56.341 GMT+0100,158.763,158.697,1.01,0.75
30.10.2019 00:42:56.394 GMT+0100,158.732,158.687,1.01,0.0094
30.10.2019 00:42:57.534 GMT+0100,158.732,158.688,1.01,0.015
30.10.2019 00:43:07.535 GMT+0100,158.732,158.687,1.01,0.0094
30.10.2019 00:44:25.543 GMT+0100,158.688,158.656,0.0125,0.02
30.10.2019 00:44:25.712 GMT+0100,158.721,158.687,0.02,0.0125
30.10.2019 00:47:30.954 GMT+0100,158.704,158.672,0.02,0.02
30.10.2019 00:47:31.070 GMT+0100,158.721,158.687,0.02,0.0125
30.10.2019 00:48:07.611 GMT+0100,158.72,158.688,0.02,0.0125
30.10.2019 00:48:55.530 GMT+0100,158.752,158.718,0.02,0.0125
30.10.2019 00:48:58.362 GMT+0100,158.762,158.719,1.01,0.0094
30.10.2019 00:49:00.135 GMT+0100,158.762,158.718,1.01,0.0094
30.10.2019 00:49:00.864 GMT+0100,158.753,158.703,1.01,0.015
30.10.2019 00:49:08.084 GMT+0100,158.763,158.719,1.01,0.0094
30.10.2019 00:49:08.343 GMT+0100,158.753,158.703,1.01,0.015
30.10.2019 00:49:12.163 GMT+0100,158.753,158.702,1.01,0.015
30.10.2019 00:49:14.704 GMT+0100,158.733,158.702,0.75,0.015
30.10.2019 00:49:14.754 GMT+0100,158.733,158.687,1.01,0.015
30.10.2019 00:49:14.814 GMT+0100,158.733,158.703,0.75,0.015
30.10.2019 00:49:14.866 GMT+0100,158.753,158.703,1.01,0.015
30.10.2019 00:49:26.217 GMT+0100,158.733,158.703,0.75,0.015
30.10.2019 00:49:26.267 GMT+0100,158.733,158.688,1.01,0.015
30.10.2019 00:50:14.588 GMT+0100,158.752,158.703,1.01,0.015
30.10.2019 00:50:19.479 GMT+0100,158.752,158.702,1.01,0.015
30.10.2019 00:50:37.614 GMT+0100,158.763,158.719,1.01,0.0094
30.10.2019 00:50:52.441 GMT+0100,158.752,158.702,1.01,0.015
30.10.2019 00:50:59.273 GMT+0100,158.732,158.702,0.75,0.015
30.10.2019 00:50:59.324 GMT+0100,158.732,158.687,1.01,0.015
30.10.2019 00:58:00.127 GMT+0100,158.688,158.656,0.0125,0.02
30.10.2019 00:58:28.627 GMT+0100,158.703,158.655,1.01,0.015
30.10.2019 00:58:39.467 GMT+0100,158.703,158.656,1.01,0.015
30.10.2019 01:00:06.452 GMT+0100,158.689,158.655,0.02,0.02
30.10.2019 01:00:06.502 GMT+0100,158.657,158.625,0.0125,0.02
30.10.2019 01:00:13.592 GMT+0100,158.688,158.656,0.02,0.02
30.10.2019 01:01:17.319 GMT+0100,158.689,158.655,0.02,0.02
30.10.2019 01:01:40.834 GMT+0100,158.688,158.656,0.02,0.02
30.10.2019 01:02:07.210 GMT+0100,158.689,158.655,0.0125,0.02
30.10.2019 01:03:10.731 GMT+0100,158.688,158.656,0.0125,0.02
30.10.2019 01:03:11.340 GMT+0100,158.689,158.655,0.02,0.02
30.10.2019 01:03:15.100 GMT+0100,158.688,158.656,0.0125,0.02
30.10.2019 01:03:17.785 GMT+0100,158.689,158.655,0.02,0.02
30.10.2019 01:03:18.628 GMT+0100,158.688,158.656,0.0125,0.02
30.10.2019 01:03:29.302 GMT+0100,158.689,158.655,0.02,0.02
30.10.2019 01:03:29.809 GMT+0100,158.688,158.656,0.0125,0.02
30.10.2019 01:03:30.114 GMT+0100,158.689,158.655,0.02,0.02
30.10.2019 01:03:34.334 GMT+0100,158.721,158.687,0.02,0.02
30.10.2019 01:03:40.907 GMT+0100,158.733,158.688,1.01,0.015
30.10.2019 01:03:42.670 GMT+0100,158.733,158.687,1.01,0.015
30.10.2019 01:04:02.831 GMT+0100,158.733,158.688,1.01,0.015
30.10.2019 01:04:23.316 GMT+0100,158.733,158.687,1.01,0.015
30.10.2019 01:04:26.697 GMT+0100,158.733,158.688,1.01,0.015
30.10.2019 01:04:31.119 GMT+0100,158.733,158.687,1.01,0.015
30.10.2019 01:04:37.013 GMT+0100,158.72,158.688,0.0125,0.02
30.10.2019 01:04:37.169 GMT+0100,158.721,158.687,0.02,0.02
30.10.2019 01:04:42.671 GMT+0100,158.72,158.688,0.0125,0.02
30.10.2019 01:04:47.580 GMT+0100,158.721,158.687,0.0125,0.02
30.10.2019 01:04:48.975 GMT+0100,158.752,158.718,0.02,0.0125
30.10.2019 01:07:07.143 GMT+0100,158.752,158.718,0.02,0.02
30.10.2019 01:08:00.110 GMT+0100,158.751,158.719,0.02,0.02
30.10.2019 01:08:12.122 GMT+0100,158.721,158.687,0.0125,0.02
30.10.2019 01:08:39.178 GMT+0100,158.733,158.717,0.75,0.0094
30.10.2019 01:08:39.292 GMT+0100,158.762,158.719,1.01,0.0094
30.10.2019 01:09:00.133 GMT+0100,158.762,158.718,1.01,0.0094
30.10.2019 01:09:04.258 GMT+0100,158.733,158.717,0.75,0.0094
30.10.2019 01:09:04.308 GMT+0100,158.733,158.687,1.01,0.015
30.10.2019 01:09:27.932 GMT+0100,158.753,158.702,1.01,0.015
30.10.2019 01:09:48.433 GMT+0100,158.762,158.719,1.01,0.0094
30.10.2019 01:10:00.112 GMT+0100,158.762,158.718,1.01,0.0094
30.10.2019 01:10:02.181 GMT+0100,158.762,158.698,1.01,0.75
30.10.2019 01:10:02.303 GMT+0100,158.732,158.687,1.01,0.015
30.10.2019 01:10:07.751 GMT+0100,158.732,158.703,0.75,0.015
30.10.2019 01:10:07.857 GMT+0100,158.732,158.717,0.75,0.0094
30.10.2019 01:10:07.921 GMT+0100,158.762,158.719,1.01,0.0094
30.10.2019 01:10:11.761 GMT+0100,158.733,158.717,0.75,0.0094
30.10.2019 01:10:11.811 GMT+0100,158.733,158.688,1.01,0.015
30.10.2019 01:10:45.580 GMT+0100,158.733,158.703,0.75,0.015
30.10.2019 01:10:45.733 GMT+0100,158.763,158.703,1.01,0.015
30.10.2019 01:10:45.887 GMT+0100,158.763,158.719,1.01,0.015
30.10.2019 01:11:35.825 GMT+0100,158.763,158.748,0.75,0.015
30.10.2019 01:11:35.876 GMT+0100,158.80200000000002,158.749,1.01,0.015
30.10.2019 01:12:17.578 GMT+0100,158.80200000000002,158.75,1.01,0.015
30.10.2019 01:12:17.682 GMT+0100,158.80200000000002,158.749,1.01,0.015
30.10.2019 01:12:25.118 GMT+0100,158.80200000000002,158.78,0.75,0.015
30.10.2019 01:12:25.262 GMT+0100,158.833,158.781,1.01,0.015
30.10.2019 01:12:27.523 GMT+0100,158.833,158.78,1.01,0.015
30.10.2019 01:12:30.191 GMT+0100,158.833,158.781,1.01,0.015
30.10.2019 01:12:30.242 GMT+0100,158.833,158.812,0.75,0.0094
30.10.2019 01:12:30.391 GMT+0100,158.863,158.812,1.01,0.0094
30.10.2019 01:13:28.004 GMT+0100,158.863,158.828,1.01,0.015
30.10.2019 01:13:28.303 GMT+0100,158.863,158.812,1.01,0.015
30.10.2019 01:14:00.357 GMT+0100,158.814,158.78,0.0125,0.02
30.10.2019 01:14:49.383 GMT+0100,158.83200000000002,158.781,1.01,0.015
30.10.2019 01:15:03.962 GMT+0100,158.814,158.78,0.02,0.0125
30.10.2019 01:15:26.154 GMT+0100,158.813,158.78,0.75,0.0094
30.10.2019 01:15:27.167 GMT+0100,158.833,158.76700000000002,1.01,0.75
30.10.2019 01:15:27.217 GMT+0100,158.833,158.781,1.01,0.0094
30.10.2019 01:15:32.459 GMT+0100,158.833,158.78,1.01,0.015
30.10.2019 01:15:32.568 GMT+0100,158.833,158.781,1.01,0.0094
30.10.2019 01:16:29.881 GMT+0100,158.829,158.797,0.02,0.02
30.10.2019 01:16:29.989 GMT+0100,158.863,158.813,1.01,0.0094
30.10.2019 01:16:52.478 GMT+0100,158.863,158.812,1.01,0.015
30.10.2019 01:17:34.220 GMT+0100,158.845,158.813,0.02,0.02
30.10.2019 01:17:34.541 GMT+0100,158.813,158.781,0.0125,0.02
30.10.2019 01:17:50.637 GMT+0100,158.83200000000002,158.797,1.01,0.015
30.10.2019 01:17:51.167 GMT+0100,158.863,158.813,1.01,0.0094
30.10.2019 01:18:19.012 GMT+0100,158.843,158.813,0.75,0.0094
30.10.2019 01:18:23.304 GMT+0100,158.863,158.813,1.01,0.0094
30.10.2019 01:18:24.227 GMT+0100,158.863,158.812,1.01,0.015
30.10.2019 01:18:24.529 GMT+0100,158.863,158.813,1.01,0.0094
30.10.2019 01:18:37.025 GMT+0100,158.863,158.812,1.01,0.015
30.10.2019 01:18:37.404 GMT+0100,158.863,158.813,1.01,0.0094
30.10.2019 01:20:06.422 GMT+0100,158.845,158.813,0.02,0.02
30.10.2019 01:20:07.222 GMT+0100,158.846,158.812,0.02,0.02
30.10.2019 01:21:09.806 GMT+0100,158.845,158.813,0.02,0.0125
30.10.2019 01:22:28.787 GMT+0100,158.846,158.812,0.02,0.0125
30.10.2019 01:22:59.799 GMT+0100,158.813,158.781,0.0125,0.02
30.10.2019 01:23:19.564 GMT+0100,158.83200000000002,158.78,1.01,0.015
30.10.2019 01:23:59.157 GMT+0100,158.83200000000002,158.781,1.01,0.015
30.10.2019 01:25:17.765 GMT+0100,158.814,158.78,0.0125,0.02
30.10.2019 01:25:17.874 GMT+0100,158.845,158.813,0.02,0.0125
30.10.2019 01:26:30.424 GMT+0100,158.813,158.781,0.0125,0.02
30.10.2019 01:26:45.842 GMT+0100,158.833,158.812,0.75,0.0094
30.10.2019 01:26:45.965 GMT+0100,158.86200000000002,158.812,1.01,0.0094
30.10.2019 01:28:38.506 GMT+0100,158.814,158.78,0.0125,0.02
30.10.2019 01:30:00.981 GMT+0100,158.814,158.78,0.02,0.02
30.10.2019 01:30:18.332 GMT+0100,158.813,158.781,0.02,0.02
30.10.2019 01:30:42.922 GMT+0100,158.814,158.78,0.0125,0.02
30.10.2019 01:30:54.035 GMT+0100,158.845,158.813,0.02,0.0125
30.10.2019 01:30:56.515 GMT+0100,158.86200000000002,158.812,1.01,0.015
30.10.2019 01:31:04.664 GMT+0100,158.86200000000002,158.813,1.01,0.015
30.10.2019 01:31:11.643 GMT+0100,158.86200000000002,158.812,1.01,0.015
30.10.2019 01:31:56.755 GMT+0100,158.845,158.813,0.0125,0.02
30.10.2019 01:32:16.316 GMT+0100,158.877,158.843,0.02,0.0125
30.10.2019 01:32:18.247 GMT+0100,158.893,158.827,1.01,0.75
30.10.2019 01:32:18.341 GMT+0100,158.86200000000002,158.813,1.01,0.015
30.10.2019 01:33:37.203 GMT+0100,158.846,158.812,0.02,0.02
30.10.2019 01:33:59.914 GMT+0100,158.86100000000002,158.827,0.02,0.02
30.10.2019 01:34:00.068 GMT+0100,158.845,158.813,0.0125,0.02
30.10.2019 01:34:12.204 GMT+0100,158.846,158.812,0.02,0.02
30.10.2019 01:34:12.708 GMT+0100,158.845,158.813,0.0125,0.02
30.10.2019 01:34:13.798 GMT+0100,158.846,158.812,0.02,0.02
30.10.2019 01:34:15.984 GMT+0100,158.845,158.813,0.0125,0.02
30.10.2019 01:34:23.737 GMT+0100,158.846,158.812,0.02,0.02
30.10.2019 01:34:25.240 GMT+0100,158.845,158.813,0.02,0.02
30.10.2019 01:35:58.570 GMT+0100,158.846,158.812,0.02,0.02
30.10.2019 01:36:07.803 GMT+0100,158.845,158.813,0.0125,0.02
30.10.2019 01:36:14.695 GMT+0100,158.877,158.843,0.02,0.02
30.10.2019 01:37:56.343 GMT+0100,158.876,158.844,0.02,0.02
30.10.2019 01:38:44.253 GMT+0100,158.908,158.874,0.02,0.02
30.10.2019 01:38:59.785 GMT+0100,158.923,158.875,1.01,0.015
30.10.2019 01:38:59.886 GMT+0100,158.923,158.874,1.01,0.015
30.10.2019 01:39:00.002 GMT+0100,158.923,158.875,1.01,0.015
30.10.2019 01:39:39.649 GMT+0100,158.923,158.874,1.01,0.015
30.10.2019 01:39:47.949 GMT+0100,158.907,158.875,0.02,0.02
30.10.2019 01:39:59.175 GMT+0100,158.908,158.874,0.02,0.02
30.10.2019 01:40:22.962 GMT+0100,158.938,158.906,0.02,0.0125
30.10.2019 01:40:49.877 GMT+0100,158.953,158.887,1.01,0.75
30.10.2019 01:40:49.932 GMT+0100,158.923,158.875,1.01,0.015
30.10.2019 01:42:16.216 GMT+0100,158.908,158.874,0.02,0.02
30.10.2019 01:42:43.090 GMT+0100,158.907,158.875,0.0125,0.02
30.10.2019 01:43:24.900 GMT+0100,158.908,158.874,0.0125,0.02
30.10.2019 01:45:00.221 GMT+0100,158.908,158.874,0.02,0.02
30.10.2019 01:46:17.946 GMT+0100,158.907,158.875,0.02,0.02
30.10.2019 01:46:21.976 GMT+0100,158.908,158.874,0.02,0.02
30.10.2019 01:47:09.808 GMT+0100,158.907,158.875,0.02,0.02
30.10.2019 01:47:37.794 GMT+0100,158.908,158.874,0.02,0.0125
30.10.2019 01:47:59.165 GMT+0100,158.907,158.875,0.02,0.0125
30.10.2019 01:48:00.210 GMT+0100,158.908,158.874,0.02,0.02
30.10.2019 01:48:16.349 GMT+0100,158.907,158.875,0.02,0.0125
30.10.2019 01:48:34.074 GMT+0100,158.877,158.843,0.0125,0.02
30.10.2019 01:50:01.152 GMT+0100,158.908,158.874,0.02,0.0125
30.10.2019 01:50:06.757 GMT+0100,158.922,158.859,1.01,0.015
30.10.2019 01:50:06.893 GMT+0100,158.922,158.858,1.01,0.75
30.10.2019 01:50:06.943 GMT+0100,158.893,158.844,1.01,0.015
30.10.2019 01:50:10.093 GMT+0100,158.893,158.843,1.01,0.015
30.10.2019 01:50:14.983 GMT+0100,158.893,158.844,1.01,0.015
30.10.2019 01:52:22.068 GMT+0100,158.876,158.844,0.02,0.02
30.10.2019 01:52:29.468 GMT+0100,158.877,158.843,0.0125,0.02
30.10.2019 01:53:18.188 GMT+0100,158.876,158.844,0.0125,0.02
30.10.2019 01:53:27.211 GMT+0100,158.877,158.843,0.0125,0.02
30.10.2019 01:53:30.668 GMT+0100,158.908,158.874,0.02,0.0125
30.10.2019 01:54:26.442 GMT+0100,158.922,158.875,1.01,0.015
30.10.2019 01:55:33.218 GMT+0100,158.908,158.874,0.02,0.02
30.10.2019 01:57:25.057 GMT+0100,158.907,158.875,0.02,0.02
30.10.2019 02:00:54.211 GMT+0100,158.907,158.875,0.02,0.02
30.10.2019 02:02:21.833 GMT+0100,158.907,158.875,0.02,0.02
30.10.2019 02:04:24.348 GMT+0100,158.876,158.844,0.02,0.02
30.10.2019 02:04:24.485 GMT+0100,158.89200000000002,158.843,1.01,0.015
30.10.2019 02:04:26.179 GMT+0100,158.89200000000002,158.875,0.75,0.015
30.10.2019 02:04:26.278 GMT+0100,158.922,158.875,1.01,0.015
30.10.2019 02:04:36.005 GMT+0100,158.922,158.874,1.01,0.015
30.10.2019 02:04:46.897 GMT+0100,158.922,158.875,1.01,0.015
30.10.2019 02:04:59.920 GMT+0100,158.922,158.858,1.01,0.75
30.10.2019 02:05:00.046 GMT+0100,158.893,158.844,1.01,0.015
30.10.2019 02:05:00.379 GMT+0100,158.893,158.843,1.01,0.015
30.10.2019 02:05:09.098 GMT+0100,158.893,158.844,1.01,0.015
30.10.2019 02:06:18.591 GMT+0100,158.877,158.843,0.02,0.02
30.10.2019 02:06:53.445 GMT+0100,158.876,158.844,0.02,0.02
30.10.2019 02:07:11.513 GMT+0100,158.877,158.843,0.02,0.0125
30.10.2019 02:07:11.564 GMT+0100,158.846,158.812,0.0125,0.02
30.10.2019 02:07:39.237 GMT+0100,158.86200000000002,158.813,1.01,0.015
30.10.2019 02:08:09.938 GMT+0100,158.86200000000002,158.812,1.01,0.015
30.10.2019 02:08:26.259 GMT+0100,158.845,158.813,0.0125,0.02
30.10.2019 02:08:47.604 GMT+0100,158.846,158.812,0.02,0.02
30.10.2019 02:08:54.526 GMT+0100,158.845,158.813,0.02,0.02
30.10.2019 02:09:12.498 GMT+0100,158.814,158.78,0.0125,0.02
30.10.2019 02:09:12.549 GMT+0100,158.846,158.812,0.02,0.0125
30.10.2019 02:09:17.472 GMT+0100,158.814,158.78,0.02,0.02
30.10.2019 02:09:19.507 GMT+0100,158.83200000000002,158.781,1.01,0.015
30.10.2019 02:09:19.668 GMT+0100,158.863,158.812,1.01,0.0094
30.10.2019 02:09:20.304 GMT+0100,158.842,158.812,0.75,0.0094
30.10.2019 02:09:20.558 GMT+0100,158.842,158.79600000000002,1.01,0.015
30.10.2019 02:09:20.673 GMT+0100,158.842,158.781,1.01,0.015
30.10.2019 02:09:22.365 GMT+0100,158.83200000000002,158.78,1.01,0.015
30.10.2019 02:09:32.344 GMT+0100,158.83200000000002,158.812,0.75,0.0094
30.10.2019 02:09:32.447 GMT+0100,158.86200000000002,158.812,1.01,0.0094
30.10.2019 02:09:33.448 GMT+0100,158.86200000000002,158.798,1.01,0.75
30.10.2019 02:09:33.601 GMT+0100,158.833,158.781,1.01,0.015
30.10.2019 02:09:36.107 GMT+0100,158.833,158.78,1.01,0.015
30.10.2019 02:09:36.905 GMT+0100,158.833,158.781,1.01,0.015
30.10.2019 02:09:37.975 GMT+0100,158.833,158.78,1.01,0.015
30.10.2019 02:10:53.384 GMT+0100,158.813,158.781,0.0125,0.02
30.10.2019 02:11:07.964 GMT+0100,158.846,158.812,0.02,0.0125
30.10.2019 02:11:08.014 GMT+0100,158.813,158.781,0.0125,0.02
30.10.2019 02:11:12.598 GMT+0100,158.814,158.78,0.02,0.02
30.10.2019 02:12:43.803 GMT+0100,158.813,158.781,0.0125,0.02
30.10.2019 02:12:49.710 GMT+0100,158.814,158.78,0.02,0.02
30.10.2019 02:13:10.525 GMT+0100,158.813,158.781,0.02,0.02
30.10.2019 02:14:35.182 GMT+0100,158.814,158.78,0.0125,0.02
30.10.2019 02:14:43.980 GMT+0100,158.813,158.781,0.02,0.02
30.10.2019 02:14:48.644 GMT+0100,158.814,158.78,0.0125,0.02
30.10.2019 02:14:55.000 GMT+0100,158.813,158.781,0.02,0.02
30.10.2019 02:16:42.111 GMT+0100,158.814,158.78,0.0125,0.02
30.10.2019 02:16:58.666 GMT+0100,158.829,158.797,0.02,0.02
30.10.2019 02:16:58.773 GMT+0100,158.814,158.78,0.0125,0.02
30.10.2019 02:17:02.166 GMT+0100,158.846,158.812,0.02,0.0125
30.10.2019 02:17:48.126 GMT+0100,158.863,158.797,1.01,0.75
30.10.2019 02:17:48.232 GMT+0100,158.83200000000002,158.78,1.01,0.015
30.10.2019 02:18:01.163 GMT+0100,158.83200000000002,158.781,1.01,0.015
30.10.2019 02:18:37.076 GMT+0100,158.83200000000002,158.78,1.01,0.015
30.10.2019 02:19:04.384 GMT+0100,158.813,158.781,0.0125,0.02
30.10.2019 02:20:07.286 GMT+0100,158.863,158.812,1.01,0.0094
30.10.2019 02:20:16.157 GMT+0100,158.863,158.813,1.01,0.015
30.10.2019 02:22:24.513 GMT+0100,158.845,158.813,0.0125,0.02
30.10.2019 02:22:45.117 GMT+0100,158.846,158.812,0.02,0.02
30.10.2019 02:24:31.760 GMT+0100,158.845,158.813,0.02,0.02
30.10.2019 02:26:03.578 GMT+0100,158.846,158.812,0.02,0.02
30.10.2019 02:26:15.254 GMT+0100,158.845,158.813,0.02,0.02
30.10.2019 02:26:15.705 GMT+0100,158.846,158.812,0.02,0.02
30.10.2019 02:26:23.584 GMT+0100,158.845,158.813,0.02,0.02
30.10.2019 02:27:27.137 GMT+0100,158.846,158.812,0.02,0.0125
30.10.2019 02:27:28.034 GMT+0100,158.845,158.813,0.02,0.02
30.10.2019 02:27:33.645 GMT+0100,158.846,158.812,0.02,0.02
30.10.2019 02:28:21.652 GMT+0100,158.845,158.813,0.02,0.02
30.10.2019 02:28:27.033 GMT+0100,158.846,158.812,0.02,0.02
30.10.2019 02:29:02.157 GMT+0100,158.845,158.813,0.02,0.02
30.10.2019 02:30:59.169 GMT+0100,158.846,158.812,0.02,0.02
30.10.2019 02:31:01.559 GMT+0100,158.814,158.78,0.0125,0.02
30.10.2019 02:31:01.914 GMT+0100,158.829,158.797,0.02,0.02
30.10.2019 02:31:02.018 GMT+0100,158.845,158.813,0.02,0.0125
30.10.2019 02:31:06.368 GMT+0100,158.833,158.813,0.75,0.0094
30.10.2019 02:31:06.510 GMT+0100,158.863,158.813,1.01,0.0094
30.10.2019 02:32:01.665 GMT+0100,158.863,158.812,1.01,0.015
30.10.2019 02:32:20.297 GMT+0100,158.845,158.813,0.02,0.02
30.10.2019 02:32:43.646 GMT+0100,158.846,158.812,0.02,0.02
30.10.2019 02:32:45.773 GMT+0100,158.813,158.781,0.0125,0.02
30.10.2019 02:34:46.600 GMT+0100,158.845,158.813,0.02,0.0125
30.10.2019 02:35:01.777 GMT+0100,158.86200000000002,158.798,1.01,0.75
30.10.2019 02:35:01.906 GMT+0100,158.83200000000002,158.78,1.01,0.015
30.10.2019 02:35:15.993 GMT+0100,158.83200000000002,158.79600000000002,1.01,0.015
30.10.2019 02:35:16.096 GMT+0100,158.83200000000002,158.812,0.75,0.0094
30.10.2019 02:35:16.147 GMT+0100,158.86200000000002,158.812,1.01,0.0094
30.10.2019 02:36:23.283 GMT+0100,158.846,158.812,0.02,0.02
30.10.2019 02:38:10.081 GMT+0100,158.872,158.828,1.01,0.015
30.10.2019 02:38:12.153 GMT+0100,158.872,158.844,0.75,0.0094
30.10.2019 02:38:12.203 GMT+0100,158.893,158.844,1.01,0.0094
30.10.2019 02:39:07.867 GMT+0100,158.893,158.827,1.01,0.75
30.10.2019 02:39:07.922 GMT+0100,158.86200000000002,158.813,1.01,0.015
30.10.2019 02:39:33.574 GMT+0100,158.86200000000002,158.844,0.75,0.0094
30.10.2019 02:39:33.713 GMT+0100,158.89200000000002,158.844,1.01,0.0094
30.10.2019 02:39:36.710 GMT+0100,158.89200000000002,158.828,1.01,0.75
30.10.2019 02:39:36.839 GMT+0100,158.863,158.813,1.01,0.015
30.10.2019 02:39:37.573 GMT+0100,158.893,158.827,1.01,0.75
30.10.2019 02:39:37.624 GMT+0100,158.893,158.827,1.01,1.01
30.10.2019 02:39:37.685 GMT+0100,158.893,158.844,1.01,0.0094
30.10.2019 02:40:00.215 GMT+0100,158.893,158.843,1.01,0.0094
30.10.2019 02:40:26.667 GMT+0100,158.863,158.843,0.75,0.0094
30.10.2019 02:40:26.717 GMT+0100,158.863,158.813,1.01,0.015
30.10.2019 02:40:59.624 GMT+0100,158.863,158.828,1.01,0.015
30.10.2019 02:41:00.006 GMT+0100,158.89200000000002,158.843,1.01,0.0094
30.10.2019 02:41:09.950 GMT+0100,158.863,158.843,0.75,0.0094
30.10.2019 02:41:10.000 GMT+0100,158.863,158.812,1.01,0.015
30.10.2019 02:43:02.279 GMT+0100,158.86,158.828,0.02,0.02
30.10.2019 02:43:09.425 GMT+0100,158.89200000000002,158.844,1.01,0.0094
30.10.2019 02:43:09.535 GMT+0100,158.873,158.844,0.75,0.0094
30.10.2019 02:43:12.926 GMT+0100,158.873,158.828,1.01,0.015
30.10.2019 02:44:14.132 GMT+0100,158.86200000000002,158.798,1,1
30.10.2019 02:44:14.183 GMT+0100,158.86200000000002,158.813,1.01,0.015
30.10.2019 02:44:21.100 GMT+0100,158.873,158.828,1.01,0.015
30.10.2019 02:44:22.875 GMT+0100,158.863,158.813,1.01,0.015
30.10.2019 02:46:34.349 GMT+0100,158.876,158.844,0.02,0.0125
30.10.2019 02:46:50.374 GMT+0100,158.89200000000002,158.828,1.01,0.75
30.10.2019 02:46:50.485 GMT+0100,158.863,158.812,1.01,0.015
30.10.2019 02:46:54.980 GMT+0100,158.863,158.813,1.01,0.015
30.10.2019 02:46:59.170 GMT+0100,158.863,158.812,1.01,0.015
30.10.2019 02:52:02.234 GMT+0100,158.846,158.812,0.0125,0.02
30.10.2019 02:52:03.167 GMT+0100,158.845,158.813,0.02,0.02
30.10.2019 02:53:20.208 GMT+0100,158.846,158.812,0.02,0.02
30.10.2019 02:53:20.442 GMT+0100,158.845,158.813,0.02,0.02
30.10.2019 02:54:15.746 GMT+0100,158.846,158.812,0.02,0.02
30.10.2019 02:54:20.591 GMT+0100,158.829,158.797,0.02,0.02
30.10.2019 02:54:20.729 GMT+0100,158.846,158.812,0.02,0.0125
30.10.2019 02:54:23.084 GMT+0100,158.845,158.813,0.02,0.02
30.10.2019 02:54:36.355 GMT+0100,158.846,158.812,0.02,0.02
30.10.2019 02:55:08.119 GMT+0100,158.83,158.79600000000002,0.02,0.02
30.10.2019 02:55:08.222 GMT+0100,158.814,158.78,0.0125,0.02
30.10.2019 02:55:08.596 GMT+0100,158.833,158.812,0.75,0.0094
30.10.2019 02:55:08.646 GMT+0100,158.833,158.781,1.01,0.015
30.10.2019 02:55:12.279 GMT+0100,158.833,158.812,0.75,0.0094
30.10.2019 02:55:12.434 GMT+0100,158.863,158.812,1.01,0.015
30.10.2019 02:56:26.106 GMT+0100,158.845,158.813,0.02,0.0125
30.10.2019 02:57:44.330 GMT+0100,158.813,158.781,0.0125,0.02
30.10.2019 02:59:31.478 GMT+0100,158.814,158.78,0.0125,0.02
30.10.2019 03:01:01.920 GMT+0100,158.814,158.78,0.02,0.02
30.10.2019 03:03:19.203 GMT+0100,158.814,158.78,0.0125,0.02
30.10.2019 03:03:21.146 GMT+0100,158.813,158.781,0.0125,0.02
30.10.2019 03:05:20.893 GMT+0100,158.814,158.78,0.02,0.02
30.10.2019 03:06:38.979 GMT+0100,158.814,158.78,0.0125,0.02
30.10.2019 03:07:26.799 GMT+0100,158.813,158.781,0.02,0.02
30.10.2019 03:07:37.307 GMT+0100,158.814,158.78,0.02,0.02
30.10.2019 03:09:16.479 GMT+0100,158.845,158.813,0.02,0.0125
30.10.2019 03:10:16.772 GMT+0100,158.813,158.781,0.0125,0.02
30.10.2019 03:10:18.870 GMT+0100,158.833,158.797,1.01,0.015
30.10.2019 03:10:19.072 GMT+0100,158.863,158.812,1.01,0.0094
30.10.2019 03:12:43.475 GMT+0100,158.846,158.812,0.02,0.02
30.10.2019 03:13:23.332 GMT+0100,158.845,158.813,0.0125,0.02
30.10.2019 03:15:28.565 GMT+0100,158.846,158.812,0.02,0.02
30.10.2019 03:16:01.824 GMT+0100,158.845,158.813,0.02,0.02
30.10.2019 03:17:21.024 GMT+0100,158.846,158.812,0.02,0.02
30.10.2019 03:19:52.145 GMT+0100,158.845,158.813,0.02,0.02
30.10.2019 03:20:26.072 GMT+0100,158.813,158.781,0.02,0.02
30.10.2019 03:21:21.649 GMT+0100,158.83200000000002,158.79600000000002,1.01,0.015
30.10.2019 03:21:59.326 GMT+0100,158.83200000000002,158.781,1.01,0.015
30.10.2019 03:22:05.770 GMT+0100,158.83200000000002,158.813,0.75,0.0094
30.10.2019 03:22:05.899 GMT+0100,158.863,158.813,1.01,0.0094
30.10.2019 03:23:00.101 GMT+0100,158.863,158.797,1.01,0.75
30.10.2019 03:23:00.227 GMT+0100,158.83200000000002,158.781,1.01,0.015
30.10.2019 03:23:40.241 GMT+0100,158.83200000000002,158.78,1.01,0.015
30.10.2019 03:24:20.025 GMT+0100,158.813,158.781,0.0125,0.02
30.10.2019 03:24:48.169 GMT+0100,158.846,158.812,0.02,0.0125
30.10.2019 03:24:55.269 GMT+0100,158.863,158.797,1.01,0.75
30.10.2019 03:24:56.856 GMT+0100,158.83200000000002,158.79600000000002,1.01,0.015
30.10.2019 03:25:46.103 GMT+0100,158.843,158.781,1.01,0.015
30.10.2019 03:25:46.286 GMT+0100,158.843,158.79600000000002,1.01,0.015
30.10.2019 03:25:51.986 GMT+0100,158.863,158.797,1.01,0.75
30.10.2019 03:25:52.036 GMT+0100,158.863,158.813,1.01,0.0094
30.10.2019 03:27:31.852 GMT+0100,158.845,158.813,0.02,0.02
30.10.2019 03:27:54.677 GMT+0100,158.846,158.812,0.02,0.0125
30.10.2019 03:36:19.993 GMT+0100,158.813,158.781,0.0125,0.02
30.10.2019 03:36:20.051 GMT+0100,158.846,158.812,0.02,0.0125
30.10.2019 03:37:02.238 GMT+0100,158.845,158.813,0.02,0.02
30.10.2019 03:37:02.473 GMT+0100,158.846,158.812,0.02,0.02
30.10.2019 03:37:21.006 GMT+0100,158.845,158.813,0.02,0.0125
30.10.2019 03:43:23.353 GMT+0100,158.83,158.79600000000002,0.02,0.02
30.10.2019 03:43:23.455 GMT+0100,158.846,158.812,0.02,0.0125
30.10.2019 03:43:55.273 GMT+0100,158.845,158.813,0.02,0.02
30.10.2019 03:46:33.331 GMT+0100,158.846,158.812,0.0125,0.02
30.10.2019 03:46:33.827 GMT+0100,158.876,158.844,0.02,0.0125
30.10.2019 03:47:32.599 GMT+0100,158.893,158.843,1.01,0.015
30.10.2019 03:47:33.917 GMT+0100,158.893,158.844,1.01,0.015
30.10.2019 03:47:57.990 GMT+0100,158.877,158.843,0.02,0.02
30.10.2019 03:48:02.157 GMT+0100,158.876,158.844,0.02,0.02
30.10.2019 03:48:37.661 GMT+0100,158.877,158.843,0.02,0.02
30.10.2019 03:51:28.358 GMT+0100,158.877,158.843,0.02,0.02
30.10.2019 03:51:28.462 GMT+0100,158.876,158.844,0.02,0.02
30.10.2019 03:55:22.965 GMT+0100,158.877,158.843,0.02,0.02
30.10.2019 03:55:42.395 GMT+0100,158.89200000000002,158.86,0.02,0.02
30.10.2019 03:55:46.841 GMT+0100,158.877,158.843,0.02,0.02
30.10.2019 03:56:57.615 GMT+0100,158.876,158.844,0.02,0.02
30.10.2019 03:59:23.495 GMT+0100,158.907,158.875,0.02,0.0125
30.10.2019 03:59:23.554 GMT+0100,158.876,158.844,0.0125,0.02
30.10.2019 04:01:13.018 GMT+0100,158.876,158.844,0.02,0.02
30.10.2019 04:02:02.619 GMT+0100,158.877,158.843,0.02,0.02
30.10.2019 04:03:14.350 GMT+0100,158.877,158.843,0.02,0.02
30.10.2019 04:03:42.099 GMT+0100,158.876,158.844,0.02,0.02
30.10.2019 04:03:43.459 GMT+0100,158.877,158.843,0.02,0.02
30.10.2019 04:03:44.066 GMT+0100,158.876,158.844,0.02,0.02
30.10.2019 04:03:45.323 GMT+0100,158.877,158.843,0.02,0.02
30.10.2019 04:03:45.786 GMT+0100,158.876,158.844,0.02,0.02
30.10.2019 04:04:09.425 GMT+0100,158.877,158.843,0.02,0.02
30.10.2019 04:08:16.996 GMT+0100,158.877,158.843,0.02,0.02
30.10.2019 04:08:18.513 GMT+0100,158.876,158.844,0.02,0.02
30.10.2019 04:14:10.364 GMT+0100,158.876,158.844,0.02,0.02
30.10.2019 04:14:23.173 GMT+0100,158.845,158.813,0.02,0.02
30.10.2019 04:14:26.248 GMT+0100,158.863,158.844,0.75,0.0094
30.10.2019 04:14:26.298 GMT+0100,158.893,158.844,1.01,0.0094
30.10.2019 04:16:44.173 GMT+0100,158.877,158.843,0.02,0.02
30.10.2019 04:23:09.957 GMT+0100,158.877,158.843,0.02,0.02
30.10.2019 04:23:14.410 GMT+0100,158.876,158.844,0.02,0.02
30.10.2019 04:24:24.836 GMT+0100,158.876,158.844,0.02,0.02
30.10.2019 04:25:31.682 GMT+0100,158.907,158.875,0.02,0.0125
30.10.2019 04:26:39.415 GMT+0100,158.908,158.874,0.02,0.02
30.10.2019 04:28:32.521 GMT+0100,158.938,158.906,0.02,0.0125
30.10.2019 04:30:25.369 GMT+0100,158.907,158.875,0.02,0.02
30.10.2019 04:34:06.281 GMT+0100,158.908,158.874,0.02,0.02
30.10.2019 04:34:51.924 GMT+0100,158.907,158.875,0.02,0.02
30.10.2019 04:35:49.234 GMT+0100,158.908,158.874,0.02,0.02
30.10.2019 04:35:56.759 GMT+0100,158.907,158.875,0.02,0.0125
30.10.2019 04:37:01.136 GMT+0100,158.877,158.843,0.0125,0.02
30.10.2019 04:40:42.841 GMT+0100,158.876,158.844,0.02,0.02
30.10.2019 04:40:46.485 GMT+0100,158.877,158.843,0.02,0.02
30.10.2019 04:41:13.636 GMT+0100,158.876,158.844,0.02,0.02
30.10.2019 04:42:56.303 GMT+0100,158.877,158.843,0.02,0.02
30.10.2019 04:45:27.554 GMT+0100,158.876,158.844,0.02,0.02
30.10.2019 04:45:27.659 GMT+0100,158.877,158.843,0.02,0.02
30.10.2019 04:45:36.956 GMT+0100,158.876,158.844,0.02,0.02
30.10.2019 04:46:20.537 GMT+0100,158.877,158.843,0.02,0.02
30.10.2019 04:46:21.011 GMT+0100,158.922,158.858,1.01,0.75
30.10.2019 04:46:21.078 GMT+0100,158.922,158.875,1.01,0.0094
30.10.2019 04:46:27.682 GMT+0100,158.922,158.874,1.01,0.015
30.10.2019 04:48:00.306 GMT+0100,158.907,158.875,0.02,0.0125
30.10.2019 04:48:02.137 GMT+0100,158.908,158.874,0.02,0.02
30.10.2019 04:48:03.184 GMT+0100,158.907,158.875,0.02,0.0125
30.10.2019 04:49:04.137 GMT+0100,158.908,158.874,0.02,0.02
30.10.2019 04:50:42.223 GMT+0100,158.908,158.874,0.02,0.0125
30.10.2019 04:50:42.325 GMT+0100,158.907,158.875,0.02,0.02
30.10.2019 04:52:32.572 GMT+0100,158.877,158.843,0.0125,0.02
30.10.2019 04:52:32.622 GMT+0100,158.907,158.875,0.02,0.0125
30.10.2019 04:52:47.614 GMT+0100,158.908,158.874,0.02,0.02
30.10.2019 04:52:56.955 GMT+0100,158.876,158.844,0.0125,0.02
30.10.2019 04:52:57.027 GMT+0100,158.908,158.874,0.02,0.0125
30.10.2019 04:53:04.735 GMT+0100,158.877,158.843,0.0125,0.02
30.10.2019 04:53:11.015 GMT+0100,158.893,158.875,0.75,0.0094
30.10.2019 04:53:11.167 GMT+0100,158.923,158.875,1.01,0.0094
30.10.2019 04:54:09.147 GMT+0100,158.923,158.857,1.01,0.75
30.10.2019 04:54:09.300 GMT+0100,158.89200000000002,158.843,1.01,0.015
30.10.2019 04:55:31.895 GMT+0100,158.876,158.844,0.02,0.02
30.10.2019 04:55:40.587 GMT+0100,158.877,158.843,0.0125,0.02
30.10.2019 04:55:48.821 GMT+0100,158.876,158.844,0.02,0.02
30.10.2019 04:55:58.421 GMT+0100,158.877,158.843,0.0125,0.02
30.10.2019 04:58:47.118 GMT+0100,158.908,158.874,0.02,0.02
30.10.2019 04:58:49.093 GMT+0100,158.922,158.875,1.01,0.0094
30.10.2019 04:59:10.656 GMT+0100,158.922,158.874,1.01,0.015
30.10.2019 04:59:14.742 GMT+0100,158.922,158.875,1.01,0.0094
30.10.2019 04:59:38.097 GMT+0100,158.922,158.858,1.01,0.75
30.10.2019 04:59:38.147 GMT+0100,158.922,158.874,1.01,0.015
30.10.2019 04:59:40.111 GMT+0100,158.922,158.875,1.01,0.0094
30.10.2019 04:59:54.809 GMT+0100,158.908,158.874,0.02,0.02
30.10.2019 04:59:56.718 GMT+0100,158.907,158.875,0.02,0.0125
30.10.2019 05:01:24.124 GMT+0100,158.908,158.874,0.02,0.02
30.10.2019 05:01:36.120 GMT+0100,158.907,158.875,0.02,0.0125
30.10.2019 05:01:46.110 GMT+0100,158.908,158.874,0.02,0.0125
30.10.2019 05:03:09.805 GMT+0100,158.91299999999998,158.847,1,1
30.10.2019 05:03:09.855 GMT+0100,158.91299999999998,158.859,1.01,0.015
30.10.2019 05:03:10.121 GMT+0100,158.923,158.875,1.01,0.0094
30.10.2019 05:03:12.625 GMT+0100,158.923,158.857,1.01,0.75
30.10.2019 05:03:12.772 GMT+0100,158.89200000000002,158.844,1.01,0.015
30.10.2019 05:03:20.582 GMT+0100,158.89200000000002,158.875,0.75,0.0094
30.10.2019 05:03:20.662 GMT+0100,158.923,158.875,1.01,0.0094
30.10.2019 05:03:51.705 GMT+0100,158.923,158.857,1.01,0.75
30.10.2019 05:03:51.772 GMT+0100,158.893,158.844,1.01,0.015
30.10.2019 05:03:57.201 GMT+0100,158.893,158.874,0.75,0.0094
30.10.2019 05:03:57.325 GMT+0100,158.922,158.874,1.01,0.0094
30.10.2019 05:04:11.164 GMT+0100,158.922,158.858,1.01,0.75
30.10.2019 05:04:11.332 GMT+0100,158.89200000000002,158.843,1.01,0.015
30.10.2019 05:04:53.411 GMT+0100,158.89200000000002,158.875,0.75,0.0094
30.10.2019 05:04:53.544 GMT+0100,158.923,158.875,1.01,0.0094
30.10.2019 05:08:59.158 GMT+0100,158.908,158.874,0.02,0.02
30.10.2019 05:10:33.299 GMT+0100,158.877,158.843,0.0125,0.02
30.10.2019 05:11:03.779 GMT+0100,158.893,158.844,1.01,0.015
30.10.2019 05:11:29.280 GMT+0100,158.893,158.843,1.01,0.015
30.10.2019 05:11:32.486 GMT+0100,158.893,158.844,1.01,0.015
30.10.2019 05:11:33.050 GMT+0100,158.893,158.843,1.01,0.015
30.10.2019 05:11:33.680 GMT+0100,158.876,158.844,0.0125,0.02
30.10.2019 05:11:58.031 GMT+0100,158.877,158.843,0.02,0.02
30.10.2019 05:12:23.863 GMT+0100,158.876,158.844,0.02,0.02
30.10.2019 05:12:26.799 GMT+0100,158.877,158.843,0.02,0.02
30.10.2019 05:28:25.950 GMT+0100,158.877,158.843,0.02,0.02
30.10.2019 05:32:45.907 GMT+0100,158.877,158.843,0.02,0.02
30.10.2019 05:32:47.051 GMT+0100,158.846,158.812,0.0125,0.02
30.10.2019 05:32:47.232 GMT+0100,158.863,158.813,1.01,0.015
30.10.2019 05:33:07.664 GMT+0100,158.863,158.812,1.01,0.015
30.10.2019 05:35:23.141 GMT+0100,158.846,158.812,0.0125,0.02
30.10.2019 05:35:35.093 GMT+0100,158.845,158.813,0.02,0.02
30.10.2019 05:36:14.325 GMT+0100,158.876,158.844,0.02,0.0125
30.10.2019 05:36:14.376 GMT+0100,158.846,158.812,0.0125,0.02
30.10.2019 05:36:17.295 GMT+0100,158.877,158.843,0.02,0.0125
30.10.2019 05:36:20.039 GMT+0100,158.89200000000002,158.844,1.01,0.015
30.10.2019 05:36:56.235 GMT+0100,158.89200000000002,158.828,1.01,0.75
30.10.2019 05:36:56.338 GMT+0100,158.863,158.813,1.01,0.015
30.10.2019 05:37:09.625 GMT+0100,158.863,158.844,0.75,0.015
30.10.2019 05:37:09.750 GMT+0100,158.893,158.844,1.01,0.015
30.10.2019 05:38:02.764 GMT+0100,158.893,158.843,1.01,0.015
30.10.2019 05:38:59.858 GMT+0100,158.876,158.844,0.02,0.02
30.10.2019 05:39:00.197 GMT+0100,158.877,158.843,0.02,0.02
30.10.2019 05:39:01.076 GMT+0100,158.876,158.844,0.02,0.02
30.10.2019 05:39:12.821 GMT+0100,158.877,158.843,0.02,0.02
30.10.2019 05:39:13.189 GMT+0100,158.876,158.844,0.0125,0.02
30.10.2019 05:39:46.819 GMT+0100,158.877,158.843,0.0125,0.02
30.10.2019 05:40:02.149 GMT+0100,158.907,158.875,0.02,0.0125
30.10.2019 05:40:10.636 GMT+0100,158.923,158.857,1.01,0.75
30.10.2019 05:40:10.762 GMT+0100,158.89200000000002,158.843,1.01,0.015
30.10.2019 05:40:14.655 GMT+0100,158.89200000000002,158.874,0.75,0.0094
30.10.2019 05:40:14.754 GMT+0100,158.923,158.874,1.01,0.0094
30.10.2019 05:40:15.610 GMT+0100,158.923,158.86,1.01,0.015
30.10.2019 05:40:15.810 GMT+0100,158.89200000000002,158.844,1.01,0.015
30.10.2019 05:40:19.779 GMT+0100,158.91299999999998,158.847,1.01,0.75
30.10.2019 05:40:19.830 GMT+0100,158.91299999999998,158.86,1.01,0.015
30.10.2019 05:40:26.549 GMT+0100,158.91299999999998,158.847,1.01,0.75
30.10.2019 05:40:26.599 GMT+0100,158.893,158.843,1.01,0.015
30.10.2019 05:40:27.203 GMT+0100,158.893,158.875,0.75,0.0094
30.10.2019 05:40:27.253 GMT+0100,158.923,158.875,1.01,0.0094
30.10.2019 05:40:27.386 GMT+0100,158.923,158.874,1.01,0.015
30.10.2019 05:40:50.321 GMT+0100,158.923,158.857,1.01,0.75
30.10.2019 05:40:50.374 GMT+0100,158.923,158.875,1.01,0.0094
30.10.2019 05:42:48.194 GMT+0100,158.876,158.844,0.0125,0.02
30.10.2019 05:43:14.578 GMT+0100,158.89200000000002,158.843,1.01,0.015
30.10.2019 05:45:02.589 GMT+0100,158.876,158.844,0.02,0.02
30.10.2019 05:45:15.711 GMT+0100,158.877,158.843,0.02,0.0125
30.10.2019 05:46:03.512 GMT+0100,158.845,158.813,0.0125,0.02
30.10.2019 05:46:04.138 GMT+0100,158.877,158.843,0.02,0.02
30.10.2019 05:46:17.716 GMT+0100,158.876,158.844,0.02,0.02
30.10.2019 05:46:41.581 GMT+0100,158.877,158.843,0.02,0.0125
30.10.2019 05:46:47.119 GMT+0100,158.876,158.844,0.02,0.0125
30.10.2019 05:47:31.990 GMT+0100,158.845,158.813,0.0125,0.02
30.10.2019 05:49:12.521 GMT+0100,158.845,158.813,0.02,0.02
30.10.2019 05:49:17.167 GMT+0100,158.846,158.812,0.02,0.02
30.10.2019 05:49:39.692 GMT+0100,158.876,158.844,0.02,0.0125
30.10.2019 05:49:40.316 GMT+0100,158.863,158.844,0.75,0.0094
30.10.2019 05:49:40.414 GMT+0100,158.863,158.812,1.01,0.015
30.10.2019 05:49:47.884 GMT+0100,158.863,158.844,0.75,0.0094
30.10.2019 05:49:47.934 GMT+0100,158.89200000000002,158.844,1.01,0.0094
30.10.2019 05:49:54.274 GMT+0100,158.89200000000002,158.828,1.01,0.75
30.10.2019 05:49:54.424 GMT+0100,158.86200000000002,158.812,1.01,0.015
30.10.2019 05:52:54.244 GMT+0100,158.845,158.813,0.0125,0.02
30.10.2019 05:54:00.107 GMT+0100,158.845,158.813,0.0125,0.02
30.10.2019 05:54:19.897 GMT+0100,158.846,158.812,0.0125,0.02
30.10.2019 05:55:30.469 GMT+0100,158.846,158.812,0.0125,0.02
30.10.2019 05:55:49.996 GMT+0100,158.845,158.813,0.02,0.02
30.10.2019 05:58:35.567 GMT+0100,158.846,158.812,0.02,0.02
30.10.2019 05:58:55.579 GMT+0100,158.845,158.813,0.02,0.02
30.10.2019 06:00:27.444 GMT+0100,158.846,158.812,0.02,0.02
30.10.2019 06:01:09.942 GMT+0100,158.845,158.813,0.02,0.02
30.10.2019 06:02:28.698 GMT+0100,158.846,158.812,0.02,0.02
30.10.2019 06:02:35.549 GMT+0100,158.845,158.813,0.02,0.0125
30.10.2019 06:03:32.876 GMT+0100,158.846,158.812,0.02,0.02
30.10.2019 06:03:58.815 GMT+0100,158.845,158.813,0.02,0.0125
30.10.2019 06:05:30.430 GMT+0100,158.846,158.812,0.02,0.02
30.10.2019 06:05:57.648 GMT+0100,158.845,158.813,0.02,0.02
30.10.2019 06:06:02.625 GMT+0100,158.846,158.812,0.02,0.0125
30.10.2019 06:06:10.355 GMT+0100,158.814,158.78,0.0125,0.02
30.10.2019 06:08:34.348 GMT+0100,158.813,158.781,0.02,0.02
30.10.2019 06:08:35.061 GMT+0100,158.814,158.78,0.02,0.02
30.10.2019 06:08:35.490 GMT+0100,158.813,158.781,0.02,0.02
30.10.2019 06:09:07.777 GMT+0100,158.814,158.78,0.02,0.02
30.10.2019 06:09:08.356 GMT+0100,158.813,158.781,0.02,0.02
30.10.2019 06:09:27.511 GMT+0100,158.814,158.78,0.02,0.02
30.10.2019 06:09:27.850 GMT+0100,158.783,158.749,0.0125,0.02
30.10.2019 06:09:38.890 GMT+0100,158.80200000000002,158.781,0.75,0.0094
30.10.2019 06:09:39.041 GMT+0100,158.833,158.781,1.01,0.0094
30.10.2019 06:09:55.419 GMT+0100,158.833,158.76700000000002,1.01,0.75
30.10.2019 06:09:55.564 GMT+0100,158.833,158.78,1.01,0.0094
30.10.2019 06:11:49.306 GMT+0100,158.814,158.78,0.02,0.02
30.10.2019 06:14:44.765 GMT+0100,158.813,158.781,0.02,0.02
30.10.2019 06:15:47.275 GMT+0100,158.814,158.78,0.02,0.0125
30.10.2019 06:15:49.264 GMT+0100,158.813,158.781,0.02,0.02
30.10.2019 06:16:04.428 GMT+0100,158.814,158.78,0.02,0.02
30.10.2019 06:16:04.708 GMT+0100,158.813,158.781,0.02,0.0125
30.10.2019 06:18:25.085 GMT+0100,158.814,158.78,0.02,0.02
30.10.2019 06:18:44.950 GMT+0100,158.813,158.781,0.02,0.0125
30.10.2019 06:20:01.017 GMT+0100,158.813,158.781,0.02,0.02
30.10.2019 06:20:24.301 GMT+0100,158.814,158.78,0.02,0.0125
30.10.2019 06:20:31.929 GMT+0100,158.813,158.781,0.02,0.0125
30.10.2019 06:20:48.636 GMT+0100,158.814,158.78,0.02,0.02
30.10.2019 06:21:14.359 GMT+0100,158.813,158.781,0.02,0.0125
30.10.2019 06:22:08.120 GMT+0100,158.814,158.78,0.02,0.02
30.10.2019 06:23:22.295 GMT+0100,158.813,158.781,0.02,0.0125
30.10.2019 06:26:07.374 GMT+0100,158.813,158.781,0.02,0.02
30.10.2019 06:32:40.599 GMT+0100,158.814,158.78,0.02,0.02
30.10.2019 06:32:52.344 GMT+0100,158.813,158.781,0.02,0.02
30.10.2019 06:33:08.027 GMT+0100,158.814,158.78,0.02,0.02
30.10.2019 06:35:00.853 GMT+0100,158.814,158.78,0.0125,0.02
30.10.2019 06:35:00.982 GMT+0100,158.813,158.781,0.02,0.02
30.10.2019 06:35:28.930 GMT+0100,158.814,158.78,0.0125,0.02
30.10.2019 06:35:48.414 GMT+0100,158.813,158.781,0.02,0.02
30.10.2019 06:42:27.942 GMT+0100,158.845,158.813,0.02,0.0125
30.10.2019 06:42:30.338 GMT+0100,158.833,158.813,0.75,0.0094
30.10.2019 06:42:30.388 GMT+0100,158.833,158.797,1.01,0.015
30.10.2019 06:42:30.455 GMT+0100,158.833,158.781,1.01,0.015
30.10.2019 06:44:16.352 GMT+0100,158.863,158.812,1.01,0.0094
30.10.2019 06:44:35.706 GMT+0100,158.863,158.797,1.01,0.75
30.10.2019 06:44:35.838 GMT+0100,158.833,158.781,1.01,0.015
30.10.2019 06:45:53.492 GMT+0100,158.813,158.781,0.0125,0.02
30.10.2019 06:45:57.246 GMT+0100,158.814,158.78,0.02,0.02
30.10.2019 06:47:06.889 GMT+0100,158.814,158.78,0.02,0.02
30.10.2019 06:47:51.258 GMT+0100,158.813,158.781,0.02,0.02
30.10.2019 06:49:13.943 GMT+0100,158.845,158.813,0.02,0.02
30.10.2019 06:49:20.699 GMT+0100,158.863,158.812,1.01,0.015
30.10.2019 06:53:59.347 GMT+0100,158.846,158.812,0.02,0.0125
30.10.2019 06:55:07.443 GMT+0100,158.845,158.813,0.02,0.0125
30.10.2019 06:56:00.054 GMT+0100,158.843,158.813,0.75,0.0094
30.10.2019 06:56:00.109 GMT+0100,158.843,158.797,1.01,0.015
30.10.2019 06:56:07.559 GMT+0100,158.843,158.813,0.75,0.0094
30.10.2019 06:56:07.609 GMT+0100,158.863,158.813,1.01,0.0094
30.10.2019 06:56:32.967 GMT+0100,158.863,158.812,1.01,0.015
30.10.2019 07:00:07.662 GMT+0100,158.846,158.812,0.02,0.02
30.10.2019 07:00:32.022 GMT+0100,158.845,158.813,0.02,0.02
30.10.2019 07:01:21.331 GMT+0100,158.846,158.812,0.02,0.02
30.10.2019 07:01:29.211 GMT+0100,158.845,158.813,0.02,0.02
30.10.2019 07:02:50.625 GMT+0100,158.845,158.813,0.02,0.02
30.10.2019 07:02:54.840 GMT+0100,158.846,158.812,0.02,0.02
30.10.2019 07:04:20.691 GMT+0100,158.846,158.812,0.02,0.02
30.10.2019 07:05:50.908 GMT+0100,158.876,158.844,0.02,0.0125
30.10.2019 07:05:51.061 GMT+0100,158.877,158.843,0.02,0.02
30.10.2019 07:05:59.147 GMT+0100,158.893,158.844,1.01,0.0094
30.10.2019 07:07:32.275 GMT+0100,158.876,158.844,0.02,0.02
30.10.2019 07:08:49.527 GMT+0100,158.877,158.843,0.02,0.02
30.10.2019 07:09:00.732 GMT+0100,158.876,158.844,0.02,0.02
30.10.2019 07:10:32.527 GMT+0100,158.877,158.843,0.02,0.02
30.10.2019 07:10:46.834 GMT+0100,158.876,158.844,0.0125,0.02
30.10.2019 07:11:38.439 GMT+0100,158.877,158.843,0.02,0.02
30.10.2019 07:12:00.185 GMT+0100,158.876,158.844,0.02,0.02
30.10.2019 07:12:23.571 GMT+0100,158.877,158.843,0.02,0.02
30.10.2019 07:12:26.076 GMT+0100,158.876,158.844,0.02,0.02
30.10.2019 07:12:45.267 GMT+0100,158.845,158.813,0.0125,0.02
30.10.2019 07:13:02.047 GMT+0100,158.86200000000002,158.844,0.75,0.0094
30.10.2019 07:13:02.101 GMT+0100,158.872,158.844,0.75,0.0094
30.10.2019 07:13:02.717 GMT+0100,158.872,158.828,1.01,0.015
30.10.2019 07:13:07.757 GMT+0100,158.893,158.844,1.01,0.0094
30.10.2019 07:14:43.105 GMT+0100,158.876,158.844,0.0125,0.02
30.10.2019 07:14:56.286 GMT+0100,158.877,158.843,0.0125,0.02
30.10.2019 07:15:16.779 GMT+0100,158.876,158.844,0.02,0.02
30.10.2019 07:15:21.090 GMT+0100,158.877,158.843,0.0125,0.02
30.10.2019 07:15:37.056 GMT+0100,158.876,158.844,0.0125,0.02
30.10.2019 07:16:00.776 GMT+0100,158.877,158.843,0.02,0.02
30.10.2019 07:16:15.072 GMT+0100,158.876,158.844,0.02,0.02
30.10.2019 07:17:45.075 GMT+0100,158.876,158.844,0.0125,0.02
30.10.2019 07:17:45.191 GMT+0100,158.877,158.843,0.0125,0.02
30.10.2019 07:17:45.384 GMT+0100,158.922,158.875,1.01,0.0094
30.10.2019 07:17:46.247 GMT+0100,158.922,158.858,1.01,0.75
30.10.2019 07:17:46.367 GMT+0100,158.893,158.844,1.01,0.015
30.10.2019 07:17:47.423 GMT+0100,158.893,158.875,0.75,0.0094
30.10.2019 07:17:47.474 GMT+0100,158.923,158.875,1.01,0.0094
30.10.2019 07:18:10.082 GMT+0100,158.923,158.857,1.01,0.75
30.10.2019 07:18:10.236 GMT+0100,158.893,158.843,1.01,0.015
30.10.2019 07:18:24.299 GMT+0100,158.893,158.844,1.01,0.015
30.10.2019 07:19:32.768 GMT+0100,158.908,158.874,0.02,0.0125
30.10.2019 07:19:35.404 GMT+0100,158.923,158.875,1.01,0.0094
30.10.2019 07:20:27.522 GMT+0100,158.923,158.874,1.01,0.015
30.10.2019 07:21:27.442 GMT+0100,158.907,158.875,0.02,0.02
30.10.2019 07:22:16.531 GMT+0100,158.908,158.874,0.02,0.02
30.10.2019 07:24:02.473 GMT+0100,158.908,158.874,0.0125,0.02
30.10.2019 07:24:34.282 GMT+0100,158.938,158.906,0.02,0.0125
30.10.2019 07:24:34.853 GMT+0100,158.94299999999998,158.89100000000002,1.01,0.015
30.10.2019 07:24:36.921 GMT+0100,158.953,158.905,1.01,0.0094
30.10.2019 07:25:11.355 GMT+0100,158.953,158.906,1.01,0.015
30.10.2019 07:25:11.808 GMT+0100,158.953,158.905,1.01,0.015
30.10.2019 07:25:25.867 GMT+0100,158.953,158.906,1.01,0.015
30.10.2019 07:26:15.078 GMT+0100,158.939,158.905,0.02,0.02
30.10.2019 07:29:43.090 GMT+0100,158.939,158.905,0.02,0.02
30.10.2019 07:32:41.667 GMT+0100,158.939,158.905,0.02,0.02
30.10.2019 07:35:07.458 GMT+0100,158.939,158.905,0.02,0.02
30.10.2019 07:35:49.571 GMT+0100,158.938,158.906,0.02,0.02
30.10.2019 07:39:03.964 GMT+0100,158.938,158.906,0.02,0.0125
30.10.2019 07:41:34.046 GMT+0100,158.939,158.905,0.02,0.02
30.10.2019 07:41:34.713 GMT+0100,158.938,158.906,0.02,0.02
30.10.2019 07:42:08.939 GMT+0100,158.939,158.905,0.02,0.02
30.10.2019 07:42:12.228 GMT+0100,158.938,158.906,0.02,0.02
30.10.2019 07:42:20.053 GMT+0100,158.939,158.905,0.02,0.02
30.10.2019 07:42:21.440 GMT+0100,158.938,158.906,0.02,0.02
30.10.2019 07:46:02.260 GMT+0100,158.938,158.906,0.02,0.02
30.10.2019 07:46:23.425 GMT+0100,158.907,158.875,0.02,0.02
30.10.2019 07:47:03.111 GMT+0100,158.923,158.874,1.01,0.015
30.10.2019 07:47:03.692 GMT+0100,158.923,158.875,1.01,0.015
30.10.2019 07:47:19.636 GMT+0100,158.923,158.874,1.01,0.015
30.10.2019 07:47:30.770 GMT+0100,158.907,158.875,0.02,0.02
30.10.2019 07:48:06.480 GMT+0100,158.908,158.874,0.02,0.02
30.10.2019 07:48:48.647 GMT+0100,158.907,158.875,0.02,0.02
30.10.2019 07:48:58.150 GMT+0100,158.876,158.844,0.0125,0.02
30.10.2019 07:50:30.626 GMT+0100,158.876,158.844,0.02,0.02
30.10.2019 07:50:35.278 GMT+0100,158.877,158.843,0.02,0.02
30.10.2019 07:50:45.768 GMT+0100,158.907,158.875,0.02,0.02
30.10.2019 07:50:45.869 GMT+0100,158.94299999999998,158.906,1.01,0.015
30.10.2019 07:50:46.393 GMT+0100,158.953,158.887,1.01,0.75
30.10.2019 07:50:46.464 GMT+0100,158.942,158.878,1.01,0.75
30.10.2019 07:50:46.540 GMT+0100,158.942,158.89000000000001,1.01,0.015
30.10.2019 07:50:50.695 GMT+0100,158.922,158.89000000000001,0.75,0.015
30.10.2019 07:50:50.746 GMT+0100,158.922,158.874,1.01,0.015
30.10.2019 07:50:50.847 GMT+0100,158.922,158.905,0.75,0.015
30.10.2019 07:50:50.898 GMT+0100,158.952,158.905,1.01,0.015
30.10.2019 07:50:54.027 GMT+0100,158.952,158.89000000000001,1.01,0.015
30.10.2019 07:50:54.152 GMT+0100,158.952,158.888,1.01,0.75
30.10.2019 07:50:54.202 GMT+0100,158.923,158.875,1.01,0.015
30.10.2019 07:50:55.842 GMT+0100,158.923,158.906,0.75,0.015
30.10.2019 07:50:55.994 GMT+0100,158.952,158.906,1.01,0.015
30.10.2019 07:50:56.309 GMT+0100,158.952,158.89100000000002,1.01,0.015
30.10.2019 07:51:00.985 GMT+0100,158.942,158.906,1.01,0.015
30.10.2019 07:51:02.981 GMT+0100,158.953,158.887,1.01,0.75
30.10.2019 07:51:03.121 GMT+0100,158.922,158.875,1.01,0.015
30.10.2019 07:51:05.849 GMT+0100,158.922,158.905,0.75,0.015
30.10.2019 07:51:06.001 GMT+0100,158.952,158.905,1.01,0.015
30.10.2019 07:51:08.547 GMT+0100,158.952,158.888,1.01,0.75
30.10.2019 07:51:08.676 GMT+0100,158.922,158.875,1.01,0.015
30.10.2019 07:51:10.887 GMT+0100,158.922,158.905,0.75,0.0094
30.10.2019 07:51:10.987 GMT+0100,158.953,158.905,1.01,0.0094
30.10.2019 07:51:17.895 GMT+0100,158.953,158.89000000000001,1.01,0.015
30.10.2019 07:51:18.025 GMT+0100,158.953,158.887,1.01,0.75
30.10.2019 07:51:18.075 GMT+0100,158.923,158.875,1.01,0.015
30.10.2019 07:51:19.263 GMT+0100,158.923,158.874,1.01,0.015
30.10.2019 07:52:00.175 GMT+0100,158.923,158.905,0.75,0.0094
30.10.2019 07:52:00.227 GMT+0100,158.952,158.905,1.01,0.0094
30.10.2019 07:52:06.269 GMT+0100,158.942,158.89000000000001,1.01,0.015
30.10.2019 07:52:06.407 GMT+0100,158.942,158.905,1.01,0.0094
30.10.2019 07:52:06.540 GMT+0100,158.922,158.905,0.75,0.0094
30.10.2019 07:52:06.913 GMT+0100,158.922,158.875,1.01,0.015
30.10.2019 07:52:17.582 GMT+0100,158.922,158.906,0.75,0.0094
30.10.2019 07:52:17.732 GMT+0100,158.94299999999998,158.906,1.01,0.0094
30.10.2019 07:52:18.592 GMT+0100,158.94299999999998,158.89100000000002,1.01,0.015
30.10.2019 07:52:23.795 GMT+0100,158.922,158.89100000000002,0.75,0.015
30.10.2019 07:52:23.845 GMT+0100,158.922,158.874,1.01,0.015
30.10.2019 07:53:00.167 GMT+0100,158.922,158.905,0.75,0.015
30.10.2019 07:53:00.236 GMT+0100,158.952,158.905,1.01,0.015
30.10.2019 07:53:20.602 GMT+0100,158.952,158.888,1.01,0.75
30.10.2019 07:53:20.707 GMT+0100,158.952,158.89000000000001,1.01,0.015
30.10.2019 07:53:20.855 GMT+0100,158.942,158.905,1.01,0.0094
30.10.2019 07:53:30.823 GMT+0100,158.952,158.888,1.01,0.75
30.10.2019 07:53:30.933 GMT+0100,158.923,158.875,1.01,0.015
30.10.2019 07:53:42.942 GMT+0100,158.923,158.906,0.75,0.0094
30.10.2019 07:53:42.993 GMT+0100,158.953,158.906,1.01,0.0094
30.10.2019 07:53:54.341 GMT+0100,158.953,158.887,1.01,0.75
30.10.2019 07:53:54.450 GMT+0100,158.923,158.875,1.01,0.015
30.10.2019 07:54:31.269 GMT+0100,158.923,158.874,1.01,0.015
30.10.2019 07:55:12.953 GMT+0100,158.907,158.875,0.0125,0.02
30.10.2019 07:56:11.030 GMT+0100,158.876,158.844,0.02,0.02
30.10.2019 07:56:11.081 GMT+0100,158.846,158.812,0.02,0.02
30.10.2019 07:56:11.716 GMT+0100,158.86200000000002,158.843,0.75,0.0094
30.10.2019 07:56:11.813 GMT+0100,158.893,158.843,1.01,0.0094
30.10.2019 07:56:13.350 GMT+0100,158.893,158.827,1.01,0.75
30.10.2019 07:56:13.411 GMT+0100,158.86200000000002,158.813,1.01,0.015
30.10.2019 07:56:14.440 GMT+0100,158.873,158.828,1.01,0.015
30.10.2019 07:56:16.845 GMT+0100,158.893,158.843,1.01,0.0094
30.10.2019 07:56:32.532 GMT+0100,158.893,158.844,1.01,0.015
30.10.2019 07:57:00.228 GMT+0100,158.893,158.843,1.01,0.015
30.10.2019 07:57:47.590 GMT+0100,158.922,158.858,1.01,0.75
30.10.2019 07:57:47.690 GMT+0100,158.922,158.874,1.01,0.0094
30.10.2019 07:57:48.185 GMT+0100,158.922,158.859,1.01,0.015
30.10.2019 07:57:48.459 GMT+0100,158.893,158.843,1.01,0.015
30.10.2019 07:58:13.466 GMT+0100,158.893,158.844,1.01,0.015
30.10.2019 07:58:16.628 GMT+0100,158.893,158.843,1.01,0.015
30.10.2019 07:58:38.881 GMT+0100,158.893,158.844,1.01,0.015
30.10.2019 07:59:03.376 GMT+0100,158.863,158.844,0.75,0.0094
30.10.2019 07:59:03.475 GMT+0100,158.863,158.813,1.01,0.015
30.10.2019 07:59:03.749 GMT+0100,158.872,158.827,1.01,0.015
30.10.2019 07:59:21.990 GMT+0100,158.863,158.813,1.01,0.015
30.10.2019 07:59:23.440 GMT+0100,158.873,158.828,1.01,0.015
30.10.2019 07:59:27.023 GMT+0100,158.86200000000002,158.813,1.01,0.015
30.10.2019 07:59:50.034 GMT+0100,158.86200000000002,158.844,0.75,0.015
30.10.2019 07:59:50.163 GMT+0100,158.893,158.844,1.01,0.015
30.10.2019 07:59:52.316 GMT+0100,158.893,158.843,1.01,0.0094
30.10.2019 08:00:00.350 GMT+0100,158.893,158.844,1.01,0.015
30.10.2019 08:00:01.796 GMT+0100,158.893,158.827,1.01,0.75
30.10.2019 08:00:01.857 GMT+0100,158.86200000000002,158.812,1.01,0.015
30.10.2019 08:00:02.772 GMT+0100,158.86200000000002,158.813,1.01,0.015
30.10.2019 08:00:04.856 GMT+0100,158.86200000000002,158.812,1.01,0.015
30.10.2019 08:00:05.098 GMT+0100,158.89200000000002,158.828,1.01,0.75
30.10.2019 08:00:05.149 GMT+0100,158.89200000000002,158.844,1.01,0.0094
30.10.2019 08:00:11.525 GMT+0100,158.89200000000002,158.843,1.01,0.015
30.10.2019 08:00:16.280 GMT+0100,158.89200000000002,158.844,1.01,0.0094
30.10.2019 08:00:18.531 GMT+0100,158.89200000000002,158.828,1.01,0.75
30.10.2019 08:00:18.665 GMT+0100,158.86200000000002,158.812,1.01,0.015
30.10.2019 08:00:24.401 GMT+0100,158.86200000000002,158.813,1.01,0.015
30.10.2019 08:00:27.130 GMT+0100,158.86200000000002,158.812,1.01,0.015
30.10.2019 08:01:00.301 GMT+0100,158.86200000000002,158.813,1.01,0.015
30.10.2019 08:01:19.709 GMT+0100,158.846,158.812,0.02,0.02
30.10.2019 08:01:20.721 GMT+0100,158.845,158.813,0.02,0.02
30.10.2019 08:01:58.392 GMT+0100,158.86,158.828,0.02,0.02
30.10.2019 08:01:58.638 GMT+0100,158.872,158.844,0.75,0.0094
30.10.2019 08:01:58.783 GMT+0100,158.86200000000002,158.812,1.01,0.015
30.10.2019 08:02:01.191 GMT+0100,158.89200000000002,158.828,1.01,0.75
30.10.2019 08:02:01.241 GMT+0100,158.89200000000002,158.844,1.01,0.0094
30.10.2019 08:02:01.291 GMT+0100,158.89200000000002,158.828,1.01,0.75
30.10.2019 08:02:01.401 GMT+0100,158.86200000000002,158.813,1.01,0.015
30.10.2019 08:02:19.350 GMT+0100,158.86200000000002,158.843,0.75,0.0094
30.10.2019 08:02:19.403 GMT+0100,158.89200000000002,158.843,1.01,0.0094
30.10.2019 08:02:20.718 GMT+0100,158.89200000000002,158.828,1.01,1.01
30.10.2019 08:02:20.884 GMT+0100,158.86200000000002,158.812,1.01,0.015
30.10.2019 08:02:55.095 GMT+0100,158.86200000000002,158.813,1.01,0.015
30.10.2019 08:02:56.160 GMT+0100,158.86200000000002,158.812,1.01,0.015
30.10.2019 08:02:56.958 GMT+0100,158.86200000000002,158.798,1.01,0.75
30.10.2019 08:02:57.085 GMT+0100,158.833,158.781,1.01,0.015
30.10.2019 08:02:57.231 GMT+0100,158.833,158.78,1.01,0.015
30.10.2019 08:02:59.975 GMT+0100,158.833,158.781,1.01,0.015
30.10.2019 08:03:06.915 GMT+0100,158.833,158.78,1.01,0.015
30.10.2019 08:03:08.421 GMT+0100,158.833,158.79600000000002,1.01,0.015
30.10.2019 08:03:08.958 GMT+0100,158.863,158.797,1.01,0.75
30.10.2019 08:03:09.992 GMT+0100,158.863,158.813,1.01,0.015
30.10.2019 08:03:22.451 GMT+0100,158.863,158.797,1.01,0.75
30.10.2019 08:03:22.526 GMT+0100,158.83200000000002,158.78,1.01,0.015
30.10.2019 08:03:30.246 GMT+0100,158.83200000000002,158.781,1.01,0.015
30.10.2019 08:04:02.238 GMT+0100,158.83200000000002,158.78,1.01,0.015
30.10.2019 08:05:01.664 GMT+0100,158.843,158.797,1.01,0.015
30.10.2019 08:05:01.901 GMT+0100,158.843,158.812,0.75,0.0094
30.10.2019 08:05:01.952 GMT+0100,158.86200000000002,158.812,1.01,0.0094
30.10.2019 08:05:10.398 GMT+0100,158.86200000000002,158.813,1.01,0.015
30.10.2019 08:05:11.748 GMT+0100,158.86200000000002,158.812,1.01,0.015
30.10.2019 08:05:13.736 GMT+0100,158.86200000000002,158.813,1.01,0.015
30.10.2019 08:05:27.360 GMT+0100,158.86200000000002,158.812,1.01,0.015
30.10.2019 08:05:31.629 GMT+0100,158.86200000000002,158.813,1.01,0.0094
30.10.2019 08:05:42.260 GMT+0100,158.86200000000002,158.798,1.01,0.75
30.10.2019 08:05:42.375 GMT+0100,158.83200000000002,158.78,1.01,0.015
30.10.2019 08:05:42.425 GMT+0100,158.83200000000002,158.797,1.01,0.015
30.10.2019 08:05:42.536 GMT+0100,158.83200000000002,158.812,0.75,0.015
30.10.2019 08:05:42.586 GMT+0100,158.863,158.812,1.01,0.015
30.10.2019 08:07:31.882 GMT+0100,158.846,158.812,0.02,0.02
30.10.2019 08:07:32.188 GMT+0100,158.845,158.813,0.02,0.02
30.10.2019 08:08:17.796 GMT+0100,158.846,158.812,0.02,0.02
30.10.2019 08:08:36.413 GMT+0100,158.845,158.813,0.02,0.02
30.10.2019 08:08:39.201 GMT+0100,158.846,158.812,0.02,0.02
30.10.2019 08:08:45.691 GMT+0100,158.86,158.828,0.02,0.02
30.10.2019 08:08:45.902 GMT+0100,158.893,158.844,1.01,0.015
30.10.2019 08:08:46.105 GMT+0100,158.893,158.843,1.01,0.015
30.10.2019 08:08:51.206 GMT+0100,158.893,158.844,1.01,0.015
30.10.2019 08:08:51.478 GMT+0100,158.893,158.843,1.01,0.015
30.10.2019 08:08:51.627 GMT+0100,158.893,158.844,1.01,0.015
30.10.2019 08:08:53.000 GMT+0100,158.893,158.843,1.01,0.015
30.10.2019 08:08:55.166 GMT+0100,158.893,158.844,1.01,0.015
30.10.2019 08:08:58.975 GMT+0100,158.893,158.843,1.01,0.015
30.10.2019 08:09:39.251 GMT+0100,158.893,158.827,1.01,0.75
30.10.2019 08:09:39.354 GMT+0100,158.863,158.812,1.01,0.015
30.10.2019 08:09:39.779 GMT+0100,158.872,158.844,0.75,0.0094
30.10.2019 08:09:39.849 GMT+0100,158.89200000000002,158.844,1.01,0.0094
30.10.2019 08:09:46.943 GMT+0100,158.89200000000002,158.828,1.01,0.75
30.10.2019 08:09:47.017 GMT+0100,158.86200000000002,158.812,1.01,0.015
30.10.2019 08:09:49.567 GMT+0100,158.86200000000002,158.843,0.75,0.0094
30.10.2019 08:09:49.635 GMT+0100,158.89200000000002,158.843,1.01,0.0094
30.10.2019 08:09:56.375 GMT+0100,158.89200000000002,158.828,1.01,0.75
30.10.2019 08:09:56.525 GMT+0100,158.863,158.827,1.01,0.015
30.10.2019 08:09:56.632 GMT+0100,158.863,158.813,1.01,0.015
30.10.2019 08:10:02.431 GMT+0100,158.863,158.828,1.01,0.015
30.10.2019 08:10:03.916 GMT+0100,158.872,158.827,1.01,0.015
30.10.2019 08:10:07.320 GMT+0100,158.872,158.844,0.75,0.0094
30.10.2019 08:10:07.370 GMT+0100,158.893,158.844,1.01,0.0094
30.10.2019 08:10:19.810 GMT+0100,158.893,158.827,1.01,0.75
30.10.2019 08:10:19.918 GMT+0100,158.863,158.812,1.01,0.015
30.10.2019 08:10:57.872 GMT+0100,158.863,158.844,0.75,0.0094
30.10.2019 08:10:58.005 GMT+0100,158.89200000000002,158.844,1.01,0.0094
30.10.2019 08:11:00.254 GMT+0100,158.89200000000002,158.843,1.01,0.015
30.10.2019 08:11:10.261 GMT+0100,158.89200000000002,158.828,1.01,0.75
30.10.2019 08:11:10.371 GMT+0100,158.863,158.812,1.01,0.015
30.10.2019 08:11:28.048 GMT+0100,158.863,158.813,1.01,0.015
30.10.2019 08:11:35.875 GMT+0100,158.863,158.812,1.01,0.0094
30.10.2019 08:11:40.248 GMT+0100,158.863,158.797,1.01,0.75
30.10.2019 08:11:40.378 GMT+0100,158.863,158.812,1.01,0.015
30.10.2019 08:12:08.106 GMT+0100,158.863,158.813,1.01,0.015
30.10.2019 08:12:32.991 GMT+0100,158.846,158.812,0.02,0.02
30.10.2019 08:13:58.185 GMT+0100,158.845,158.813,0.02,0.02
30.10.2019 08:14:33.684 GMT+0100,158.846,158.812,0.02,0.0125
30.10.2019 08:15:06.568 GMT+0100,158.845,158.813,0.02,0.02
30.10.2019 08:15:06.666 GMT+0100,158.813,158.781,0.0125,0.02
30.10.2019 08:15:07.112 GMT+0100,158.833,158.78,1.01,0.015
30.10.2019 08:15:08.397 GMT+0100,158.833,158.781,1.01,0.015
30.10.2019 08:15:23.594 GMT+0100,158.833,158.78,1.01,0.015
30.10.2019 08:15:55.010 GMT+0100,158.833,158.781,1.01,0.015
30.10.2019 08:16:44.677 GMT+0100,158.814,158.78,0.02,0.02
30.10.2019 08:16:45.643 GMT+0100,158.813,158.781,0.02,0.02
30.10.2019 08:16:45.911 GMT+0100,158.814,158.78,0.02,0.02
30.10.2019 08:16:49.097 GMT+0100,158.813,158.781,0.02,0.02
30.10.2019 08:16:54.247 GMT+0100,158.814,158.78,0.02,0.02
30.10.2019 08:17:04.175 GMT+0100,158.845,158.813,0.02,0.0125
30.10.2019 08:17:04.277 GMT+0100,158.814,158.78,0.02,0.02
30.10.2019 08:17:05.630 GMT+0100,158.845,158.813,0.02,0.0125
30.10.2019 08:17:13.722 GMT+0100,158.86200000000002,158.812,1.01,0.015
30.10.2019 08:17:17.450 GMT+0100,158.86200000000002,158.813,1.01,0.015
30.10.2019 08:17:22.990 GMT+0100,158.86200000000002,158.812,1.01,0.015
30.10.2019 08:17:51.151 GMT+0100,158.86200000000002,158.813,1.01,0.015
30.10.2019 08:18:02.137 GMT+0100,158.86200000000002,158.812,1.01,0.015
30.10.2019 08:18:02.507 GMT+0100,158.86200000000002,158.813,1.01,0.015
30.10.2019 08:18:54.863 GMT+0100,158.846,158.812,0.02,0.0125
30.10.2019 08:19:01.812 GMT+0100,158.814,158.78,0.0125,0.02
30.10.2019 08:19:02.084 GMT+0100,158.829,158.797,0.02,0.02
30.10.2019 08:19:02.211 GMT+0100,158.846,158.812,0.02,0.0125
30.10.2019 08:19:04.757 GMT+0100,158.863,158.813,1.01,0.015
30.10.2019 08:19:15.773 GMT+0100,158.863,158.843,0.75,0.0094
30.10.2019 08:19:15.823 GMT+0100,158.863,158.812,1.01,0.015
30.10.2019 08:19:16.787 GMT+0100,158.863,158.813,1.01,0.015
30.10.2019 08:19:17.154 GMT+0100,158.863,158.812,1.01,0.015
30.10.2019 08:19:21.200 GMT+0100,158.863,158.813,1.01,0.015
30.10.2019 08:19:21.251 GMT+0100,158.863,158.844,0.75,0.0094
30.10.2019 08:19:21.321 GMT+0100,158.89200000000002,158.844,1.01,0.0094
30.10.2019 08:19:21.668 GMT+0100,158.89200000000002,158.843,1.01,0.0094
30.10.2019 08:19:21.844 GMT+0100,158.89200000000002,158.844,1.01,0.015
30.10.2019 08:19:21.968 GMT+0100,158.89200000000002,158.843,1.01,0.0094
30.10.2019 08:19:23.465 GMT+0100,158.89200000000002,158.828,1.01,0.75
30.10.2019 08:19:23.570 GMT+0100,158.863,158.813,1.01,0.015
30.10.2019 08:19:24.440 GMT+0100,158.863,158.812,1.01,0.015
30.10.2019 08:19:25.883 GMT+0100,158.863,158.813,1.01,0.015
30.10.2019 08:19:26.527 GMT+0100,158.863,158.812,1.01,0.015
30.10.2019 08:19:30.193 GMT+0100,158.863,158.843,0.75,0.015
30.10.2019 08:19:30.244 GMT+0100,158.89200000000002,158.843,1.01,0.015
30.10.2019 08:19:35.690 GMT+0100,158.89200000000002,158.844,1.01,0.015
30.10.2019 08:19:36.413 GMT+0100,158.89200000000002,158.843,1.01,0.015
30.10.2019 08:19:36.757 GMT+0100,158.89200000000002,158.844,1.01,0.015
30.10.2019 08:19:50.141 GMT+0100,158.89200000000002,158.843,1.01,0.015
30.10.2019 08:20:06.214 GMT+0100,158.89200000000002,158.844,1.01,0.015
30.10.2019 08:20:14.238 GMT+0100,158.89200000000002,158.828,1.01,0.75
30.10.2019 08:20:14.346 GMT+0100,158.863,158.813,1.01,0.015
30.10.2019 08:20:15.440 GMT+0100,158.872,158.828,1.01,0.015
30.10.2019 08:20:16.384 GMT+0100,158.893,158.844,1.01,0.0094
30.10.2019 08:20:16.491 GMT+0100,158.872,158.844,0.75,0.0094
30.10.2019 08:20:21.864 GMT+0100,158.872,158.812,1.01,0.015
30.10.2019 08:20:23.321 GMT+0100,158.863,158.813,1.01,0.015
30.10.2019 08:20:29.081 GMT+0100,158.863,158.812,1.01,0.015
30.10.2019 08:20:38.910 GMT+0100,158.863,158.813,1.01,0.015
30.10.2019 08:20:42.131 GMT+0100,158.863,158.812,1.01,0.0094
30.10.2019 08:20:46.935 GMT+0100,158.863,158.813,1.01,0.015
30.10.2019 08:20:52.902 GMT+0100,158.863,158.812,1.01,0.015
30.10.2019 08:20:53.040 GMT+0100,158.863,158.813,1.01,0.015
30.10.2019 08:21:02.636 GMT+0100,158.863,158.812,1.01,0.015
30.10.2019 08:21:19.263 GMT+0100,158.863,158.797,1.01,0.75
30.10.2019 08:21:19.313 GMT+0100,158.833,158.781,1.01,0.015
30.10.2019 08:21:19.364 GMT+0100,158.833,158.813,0.75,0.0094
30.10.2019 08:21:19.422 GMT+0100,158.833,158.78,1.01,0.015
30.10.2019 08:21:23.196 GMT+0100,158.833,158.812,0.75,0.0094
30.10.2019 08:21:23.322 GMT+0100,158.863,158.812,1.01,0.0094
30.10.2019 08:21:55.511 GMT+0100,158.863,158.828,1.01,0.015
30.10.2019 08:21:56.189 GMT+0100,158.863,158.812,1.01,0.015
30.10.2019 08:21:56.334 GMT+0100,158.863,158.813,1.01,0.015
30.10.2019 08:22:00.514 GMT+0100,158.863,158.812,1.01,0.015
30.10.2019 08:22:08.167 GMT+0100,158.863,158.813,1.01,0.015
30.10.2019 08:22:08.438 GMT+0100,158.863,158.812,1.01,0.015
30.10.2019 08:22:16.393 GMT+0100,158.872,158.828,1.01,0.015
30.10.2019 08:22:31.169 GMT+0100,158.872,158.813,1.01,0.015
30.10.2019 08:22:40.821 GMT+0100,158.863,158.843,0.75,0.015
30.10.2019 08:22:40.929 GMT+0100,158.863,158.844,0.75,0.0094
30.10.2019 08:22:40.979 GMT+0100,158.89200000000002,158.844,1.01,0.0094
30.10.2019 08:23:34.555 GMT+0100,158.89200000000002,158.828,1.01,0.75
30.10.2019 08:23:34.679 GMT+0100,158.86200000000002,158.812,1.01,0.015
30.10.2019 08:23:36.913 GMT+0100,158.86200000000002,158.843,0.75,0.0094
30.10.2019 08:23:36.966 GMT+0100,158.893,158.843,1.01,0.0094
30.10.2019 08:23:55.944 GMT+0100,158.893,158.844,1.01,0.015
30.10.2019 08:24:00.954 GMT+0100,158.893,158.843,1.01,0.015
30.10.2019 08:24:02.310 GMT+0100,158.893,158.875,0.75,0.0094
30.10.2019 08:24:02.401 GMT+0100,158.922,158.875,1.01,0.0094
30.10.2019 08:24:12.388 GMT+0100,158.922,158.874,1.01,0.015
30.10.2019 08:24:12.500 GMT+0100,158.922,158.875,1.01,0.015
30.10.2019 08:24:23.713 GMT+0100,158.922,158.858,1.01,0.75
30.10.2019 08:24:23.865 GMT+0100,158.893,158.843,1.01,0.015
30.10.2019 08:24:54.803 GMT+0100,158.893,158.875,0.75,0.0094
30.10.2019 08:24:54.884 GMT+0100,158.922,158.875,1.01,0.0094
30.10.2019 08:24:58.562 GMT+0100,158.922,158.858,1.01,0.75
30.10.2019 08:24:58.654 GMT+0100,158.89200000000002,158.843,1.01,0.015
30.10.2019 08:25:07.749 GMT+0100,158.89200000000002,158.875,0.75,0.0094
30.10.2019 08:25:07.901 GMT+0100,158.922,158.875,1.01,0.0094
30.10.2019 08:25:10.866 GMT+0100,158.922,158.859,1.01,0.015
30.10.2019 08:25:11.003 GMT+0100,158.89200000000002,158.859,0.75,0.015
30.10.2019 08:25:11.054 GMT+0100,158.89200000000002,158.843,1.01,0.015
30.10.2019 08:25:12.239 GMT+0100,158.89200000000002,158.844,1.01,0.015
30.10.2019 08:25:12.391 GMT+0100,158.922,158.858,1.01,0.75
30.10.2019 08:25:12.441 GMT+0100,158.922,158.875,1.01,0.0094
30.10.2019 08:25:26.037 GMT+0100,158.922,158.874,1.01,0.015
30.10.2019 08:25:26.571 GMT+0100,158.922,158.875,1.01,0.015
30.10.2019 08:25:46.077 GMT+0100,158.922,158.874,1.01,0.015
30.10.2019 08:25:50.234 GMT+0100,158.922,158.875,1.01,0.015
30.10.2019 08:27:49.805 GMT+0100,158.938,158.906,0.02,0.0125
30.10.2019 08:28:05.637 GMT+0100,158.952,158.905,1.01,0.0094
30.10.2019 08:28:05.784 GMT+0100,158.952,158.888,1.01,0.75
30.10.2019 08:28:05.897 GMT+0100,158.923,158.875,1.01,0.015
30.10.2019 08:28:06.442 GMT+0100,158.923,158.874,1.01,0.015
30.10.2019 08:28:07.604 GMT+0100,158.923,158.875,1.01,0.015
30.10.2019 08:28:09.361 GMT+0100,158.923,158.874,1.01,0.015
30.10.2019 08:28:10.386 GMT+0100,158.923,158.906,0.75,0.0094
30.10.2019 08:28:10.487 GMT+0100,158.953,158.906,1.01,0.0094
30.10.2019 08:28:10.970 GMT+0100,158.953,158.905,1.01,0.015
30.10.2019 08:28:23.276 GMT+0100,158.953,158.887,1.01,0.75
30.10.2019 08:28:23.382 GMT+0100,158.942,158.878,1.01,0.75
30.10.2019 08:28:23.435 GMT+0100,158.942,158.89000000000001,1.01,0.015
30.10.2019 08:28:23.536 GMT+0100,158.942,158.905,1.01,0.0094
30.10.2019 08:28:23.728 GMT+0100,158.952,158.888,1.01,0.75
30.10.2019 08:28:23.866 GMT+0100,158.922,158.874,1.01,0.015
30.10.2019 08:28:29.179 GMT+0100,158.922,158.875,1.01,0.015
30.10.2019 08:28:30.836 GMT+0100,158.922,158.905,0.75,0.0094
30.10.2019 08:28:30.977 GMT+0100,158.953,158.905,1.01,0.0094
30.10.2019 08:28:40.855 GMT+0100,158.953,158.906,1.01,0.015
30.10.2019 08:28:55.002 GMT+0100,158.953,158.905,1.01,0.0094
30.10.2019 08:28:55.053 GMT+0100,158.953,158.887,1.01,0.75
30.10.2019 08:28:55.156 GMT+0100,158.922,158.875,1.01,0.015
30.10.2019 08:29:07.887 GMT+0100,158.922,158.874,1.01,0.015
30.10.2019 08:29:10.911 GMT+0100,158.922,158.905,0.75,0.0094
30.10.2019 08:29:10.999 GMT+0100,158.922,158.875,1.01,0.015
30.10.2019 08:29:22.077 GMT+0100,158.922,158.874,1.01,0.015
30.10.2019 08:29:37.331 GMT+0100,158.922,158.875,1.01,0.015
30.10.2019 08:30:03.646 GMT+0100,158.908,158.874,0.02,0.02
30.10.2019 08:31:02.413 GMT+0100,158.907,158.875,0.02,0.02
30.10.2019 08:31:38.581 GMT+0100,158.908,158.874,0.02,0.02
30.10.2019 08:31:56.899 GMT+0100,158.907,158.875,0.02,0.02
30.10.2019 08:32:07.975 GMT+0100,158.908,158.874,0.02,0.0125
30.10.2019 08:32:09.954 GMT+0100,158.907,158.875,0.02,0.02
30.10.2019 08:32:21.912 GMT+0100,158.908,158.874,0.02,0.02
30.10.2019 08:32:22.019 GMT+0100,158.907,158.875,0.02,0.02
30.10.2019 08:32:24.474 GMT+0100,158.908,158.874,0.02,0.0125
30.10.2019 08:32:54.545 GMT+0100,158.876,158.844,0.02,0.02
30.10.2019 08:32:54.727 GMT+0100,158.89200000000002,158.843,1.01,0.015
30.10.2019 08:32:54.844 GMT+0100,158.91299999999998,158.847,1.01,0.75
30.10.2019 08:32:55.036 GMT+0100,158.91299999999998,158.874,1.01,0.0094
30.10.2019 08:32:55.243 GMT+0100,158.923,158.857,1.01,0.75
30.10.2019 08:32:55.320 GMT+0100,158.893,158.844,1.01,0.015
30.10.2019 08:32:57.740 GMT+0100,158.893,158.843,1.01,0.015
30.10.2019 08:33:02.683 GMT+0100,158.893,158.844,1.01,0.015
30.10.2019 08:33:17.059 GMT+0100,158.893,158.828,1.01,0.015
30.10.2019 08:33:17.196 GMT+0100,158.86200000000002,158.812,1.01,0.015
30.10.2019 08:33:22.832 GMT+0100,158.86200000000002,158.827,1.01,0.015
30.10.2019 08:33:25.131 GMT+0100,158.863,158.813,1.01,0.015
30.10.2019 08:33:25.250 GMT+0100,158.872,158.828,1.01,0.015
30.10.2019 08:33:30.089 GMT+0100,158.863,158.812,1.01,0.015
30.10.2019 08:33:45.082 GMT+0100,158.863,158.813,1.01,0.015
30.10.2019 08:33:49.816 GMT+0100,158.863,158.843,0.75,0.0094
30.10.2019 08:33:50.036 GMT+0100,158.893,158.843,1.01,0.0094
30.10.2019 08:34:03.063 GMT+0100,158.893,158.844,1.01,0.015
30.10.2019 08:34:03.514 GMT+0100,158.893,158.828,1.01,0.015
30.10.2019 08:34:03.988 GMT+0100,158.863,158.813,1.01,0.015
30.10.2019 08:34:10.207 GMT+0100,158.863,158.843,0.75,0.0094
30.10.2019 08:34:10.279 GMT+0100,158.863,158.812,1.01,0.015
30.10.2019 08:34:11.253 GMT+0100,158.863,158.813,1.01,0.015
30.10.2019 08:34:11.303 GMT+0100,158.863,158.843,0.75,0.015
30.10.2019 08:34:11.353 GMT+0100,158.893,158.843,1.01,0.015
30.10.2019 08:34:26.148 GMT+0100,158.893,158.844,1.01,0.015
30.10.2019 08:34:26.280 GMT+0100,158.893,158.843,1.01,0.015
30.10.2019 08:34:29.524 GMT+0100,158.893,158.844,1.01,0.015
30.10.2019 08:34:30.760 GMT+0100,158.893,158.843,1.01,0.0094
30.10.2019 08:34:39.384 GMT+0100,158.893,158.844,1.01,0.015
30.10.2019 08:34:39.887 GMT+0100,158.893,158.843,1.01,0.0094
30.10.2019 08:34:52.551 GMT+0100,158.893,158.844,1.01,0.015
30.10.2019 08:35:01.502 GMT+0100,158.893,158.827,1.01,0.75
30.10.2019 08:35:01.596 GMT+0100,158.863,158.812,1.01,0.015
30.10.2019 08:35:02.093 GMT+0100,158.893,158.827,1.01,0.75
30.10.2019 08:35:02.144 GMT+0100,158.893,158.843,1.01,0.0094
30.10.2019 08:35:02.221 GMT+0100,158.893,158.827,1.01,1.01
30.10.2019 08:35:02.615 GMT+0100,158.873,158.828,1.01,0.015
30.10.2019 08:35:07.829 GMT+0100,158.863,158.813,1.01,0.015
30.10.2019 08:35:14.333 GMT+0100,158.863,158.812,1.01,0.015
30.10.2019 08:35:14.534 GMT+0100,158.863,158.813,1.01,0.015
30.10.2019 08:35:14.662 GMT+0100,158.863,158.812,1.01,0.015
30.10.2019 08:35:15.596 GMT+0100,158.863,158.813,1.01,0.0094
30.10.2019 08:35:15.771 GMT+0100,158.863,158.797,1.01,0.75
30.10.2019 08:35:15.821 GMT+0100,158.842,158.781,1.01,0.015
30.10.2019 08:35:15.983 GMT+0100,158.842,158.79600000000002,1.01,0.015
30.10.2019 08:35:26.963 GMT+0100,158.833,158.781,1.01,0.015
30.10.2019 08:35:38.715 GMT+0100,158.833,158.78,1.01,0.015
30.10.2019 08:35:59.134 GMT+0100,158.833,158.781,1.01,0.015
30.10.2019 08:36:03.511 GMT+0100,158.833,158.78,1.01,0.015
30.10.2019 08:36:04.672 GMT+0100,158.833,158.781,1.01,0.015
30.10.2019 08:36:04.815 GMT+0100,158.833,158.78,1.01,0.015
30.10.2019 08:36:07.753 GMT+0100,158.833,158.781,1.01,0.015
30.10.2019 08:36:15.761 GMT+0100,158.833,158.78,1.01,0.015
30.10.2019 08:36:23.734 GMT+0100,158.833,158.76700000000002,1.01,0.75
30.10.2019 08:36:23.856 GMT+0100,158.803,158.749,1.01,0.015
30.10.2019 08:36:28.522 GMT+0100,158.803,158.75,1.01,0.015
30.10.2019 08:36:28.723 GMT+0100,158.803,158.749,1.01,0.015
30.10.2019 08:36:31.085 GMT+0100,158.803,158.75,1.01,0.015
30.10.2019 08:36:34.856 GMT+0100,158.803,158.749,1.01,0.015
30.10.2019 08:36:35.560 GMT+0100,158.803,158.75,1.01,0.015
30.10.2019 08:36:51.874 GMT+0100,158.803,158.749,1.01,0.015
30.10.2019 08:36:53.189 GMT+0100,158.803,158.75,1.01,0.015
30.10.2019 08:37:02.984 GMT+0100,158.803,158.749,1.01,0.015
30.10.2019 08:37:05.056 GMT+0100,158.803,158.75,1.01,0.015
30.10.2019 08:37:33.236 GMT+0100,158.783,158.749,0.02,0.02
30.10.2019 08:37:35.626 GMT+0100,158.782,158.75,0.02,0.02
30.10.2019 08:37:45.466 GMT+0100,158.752,158.718,0.0125,0.02
30.10.2019 08:37:45.516 GMT+0100,158.783,158.749,0.02,0.0125
30.10.2019 08:37:45.727 GMT+0100,158.783,158.734,1.01,0.015
30.10.2019 08:37:45.852 GMT+0100,158.783,158.719,1.01,0.015
30.10.2019 08:38:30.202 GMT+0100,158.763,158.748,0.75,0.015
30.10.2019 08:38:30.309 GMT+0100,158.80200000000002,158.749,1.01,0.015
30.10.2019 08:38:33.094 GMT+0100,158.80200000000002,158.75,1.01,0.015
30.10.2019 08:38:38.469 GMT+0100,158.763,158.748,0.75,0.015
30.10.2019 08:38:38.629 GMT+0100,158.80200000000002,158.75,1.01,0.0094
30.10.2019 08:38:40.440 GMT+0100,158.80200000000002,158.738,1.01,0.75
30.10.2019 08:38:40.528 GMT+0100,158.762,158.719,1.01,0.015
30.10.2019 08:38:41.198 GMT+0100,158.762,158.748,0.75,0.0094
30.10.2019 08:38:41.312 GMT+0100,158.803,158.75,1.01,0.0094
30.10.2019 08:38:50.114 GMT+0100,158.803,158.749,1.01,0.0094
30.10.2019 08:38:50.678 GMT+0100,158.803,158.75,1.01,0.015
30.10.2019 08:38:51.288 GMT+0100,158.803,158.73700000000002,1.01,0.75
30.10.2019 08:38:51.338 GMT+0100,158.803,158.75,1.01,0.0094
30.10.2019 08:38:53.504 GMT+0100,158.763,158.748,0.75,0.0094
30.10.2019 08:38:53.555 GMT+0100,158.763,158.719,1.01,0.015
30.10.2019 08:39:09.435 GMT+0100,158.763,158.718,1.01,0.015
30.10.2019 08:39:09.496 GMT+0100,158.763,158.748,0.75,0.0094
30.10.2019 08:39:09.578 GMT+0100,158.763,158.718,1.01,0.015
30.10.2019 08:39:11.584 GMT+0100,158.763,158.719,1.01,0.015
30.10.2019 08:39:13.311 GMT+0100,158.763,158.718,1.01,0.015
30.10.2019 08:39:32.028 GMT+0100,158.763,158.719,1.01,0.015
30.10.2019 08:39:32.319 GMT+0100,158.763,158.718,1.01,0.015
30.10.2019 08:39:34.483 GMT+0100,158.763,158.719,1.01,0.015
30.10.2019 08:39:34.722 GMT+0100,158.763,158.718,1.01,0.015
30.10.2019 08:39:41.138 GMT+0100,158.763,158.719,1.01,0.015
30.10.2019 08:39:48.219 GMT+0100,158.763,158.718,1.01,0.015
30.10.2019 08:39:48.270 GMT+0100,158.803,158.73700000000002,1.01,0.75
30.10.2019 08:39:48.320 GMT+0100,158.803,158.75,1.01,0.015
30.10.2019 08:40:31.345 GMT+0100,158.803,158.749,1.01,0.015
30.10.2019 08:40:31.878 GMT+0100,158.803,158.75,1.01,0.015
30.10.2019 08:40:47.020 GMT+0100,158.803,158.749,1.01,0.015
30.10.2019 08:40:48.396 GMT+0100,158.782,158.75,0.02,0.02
30.10.2019 08:40:51.072 GMT+0100,158.783,158.749,0.02,0.02
30.10.2019 08:41:25.490 GMT+0100,158.782,158.75,0.02,0.02
30.10.2019 08:41:27.711 GMT+0100,158.783,158.749,0.02,0.02
30.10.2019 08:41:27.762 GMT+0100,158.752,158.718,0.0125,0.02
30.10.2019 08:41:27.894 GMT+0100,158.762,158.719,1.01,0.015
30.10.2019 08:41:40.965 GMT+0100,158.762,158.718,1.01,0.015
30.10.2019 08:41:43.559 GMT+0100,158.762,158.719,1.01,0.0094
30.10.2019 08:41:43.708 GMT+0100,158.753,158.703,1.01,0.015
30.10.2019 08:41:43.853 GMT+0100,158.732,158.687,1.01,0.015
30.10.2019 08:41:47.231 GMT+0100,158.732,158.717,0.75,0.015
30.10.2019 08:41:47.361 GMT+0100,158.762,158.718,1.01,0.015
30.10.2019 08:41:47.465 GMT+0100,158.762,158.719,1.01,0.015
30.10.2019 08:42:00.075 GMT+0100,158.762,158.718,1.01,0.015
30.10.2019 08:42:00.473 GMT+0100,158.762,158.719,1.01,0.015
30.10.2019 08:42:01.322 GMT+0100,158.762,158.718,1.01,0.015
30.10.2019 08:42:05.789 GMT+0100,158.762,158.719,1.01,0.015
30.10.2019 08:42:13.761 GMT+0100,158.762,158.718,1.01,0.015
30.10.2019 08:42:15.836 GMT+0100,158.762,158.719,1.01,0.015
30.10.2019 08:42:24.751 GMT+0100,158.762,158.748,0.75,0.0094
30.10.2019 08:42:24.879 GMT+0100,158.803,158.75,1.01,0.0094
30.10.2019 08:42:25.910 GMT+0100,158.783,158.734,1.01,0.015
30.10.2019 08:42:26.034 GMT+0100,158.783,158.75,1.01,0.0094
30.10.2019 08:42:27.870 GMT+0100,158.783,158.734,1.01,0.015
30.10.2019 08:42:28.329 GMT+0100,158.803,158.73700000000002,1.01,0.75
30.10.2019 08:42:28.380 GMT+0100,158.803,158.75,1.01,0.0094
30.10.2019 08:42:37.499 GMT+0100,158.803,158.749,1.01,0.015
30.10.2019 08:42:54.178 GMT+0100,158.803,158.75,1.01,0.015
30.10.2019 08:43:32.180 GMT+0100,158.783,158.749,0.02,0.02
30.10.2019 08:43:37.527 GMT+0100,158.782,158.75,0.0125,0.02
30.10.2019 08:43:37.820 GMT+0100,158.814,158.78,0.02,0.0125
30.10.2019 08:43:37.870 GMT+0100,158.782,158.75,0.0125,0.02
30.10.2019 08:43:38.085 GMT+0100,158.798,158.76600000000002,0.02,0.02
30.10.2019 08:43:38.245 GMT+0100,158.813,158.75,1.01,0.015
30.10.2019 08:43:38.409 GMT+0100,158.813,158.76600000000002,1.01,0.015
30.10.2019 08:43:38.622 GMT+0100,158.83200000000002,158.768,1.01,0.75
30.10.2019 08:43:38.672 GMT+0100,158.83200000000002,158.781,1.01,0.0094
30.10.2019 08:43:39.173 GMT+0100,158.83200000000002,158.768,1.01,0.75
30.10.2019 08:43:39.243 GMT+0100,158.803,158.76500000000001,1.01,0.015
30.10.2019 08:43:39.293 GMT+0100,158.803,158.749,1.01,0.015
30.10.2019 08:43:47.303 GMT+0100,158.803,158.78,0.75,0.0094
30.10.2019 08:43:47.393 GMT+0100,158.83200000000002,158.78,1.01,0.0094
30.10.2019 08:43:53.416 GMT+0100,158.83200000000002,158.768,1.01,0.75
30.10.2019 08:43:53.491 GMT+0100,158.83200000000002,158.781,1.01,0.0094
30.10.2019 08:43:56.028 GMT+0100,158.83200000000002,158.768,1.01,0.75
30.10.2019 08:43:56.173 GMT+0100,158.83200000000002,158.768,1.01,0.75
30.10.2019 08:43:56.224 GMT+0100,158.803,158.749,1.01,0.015
30.10.2019 08:43:57.560 GMT+0100,158.803,158.75,1.01,0.015
30.10.2019 08:43:57.669 GMT+0100,158.803,158.749,1.01,0.015
30.10.2019 08:44:02.226 GMT+0100,158.803,158.75,1.01,0.015
30.10.2019 08:44:24.320 GMT+0100,158.803,158.749,1.01,0.0094
30.10.2019 08:44:24.396 GMT+0100,158.803,158.73700000000002,1.01,0.75
30.10.2019 08:44:24.453 GMT+0100,158.762,158.719,1.01,0.015
30.10.2019 08:44:25.387 GMT+0100,158.783,158.734,1.01,0.015
30.10.2019 08:44:26.162 GMT+0100,158.783,158.735,1.01,0.015
30.10.2019 08:44:26.295 GMT+0100,158.783,158.734,1.01,0.015
30.10.2019 08:44:27.464 GMT+0100,158.762,158.734,0.75,0.015
30.10.2019 08:44:27.514 GMT+0100,158.762,158.718,1.01,0.015
30.10.2019 08:44:29.384 GMT+0100,158.762,158.719,1.01,0.015
30.10.2019 08:44:34.885 GMT+0100,158.762,158.748,0.75,0.0094
30.10.2019 08:44:35.014 GMT+0100,158.803,158.749,1.01,0.0094
30.10.2019 08:44:35.407 GMT+0100,158.803,158.75,1.01,0.015
30.10.2019 08:44:36.017 GMT+0100,158.803,158.749,1.01,0.0094
30.10.2019 08:44:37.542 GMT+0100,158.803,158.73700000000002,1.01,0.75
30.10.2019 08:44:37.592 GMT+0100,158.803,158.749,1.01,0.0094
30.10.2019 08:44:37.648 GMT+0100,158.763,158.719,1.01,0.015
30.10.2019 08:44:37.757 GMT+0100,158.763,158.734,0.75,0.015
30.10.2019 08:44:37.807 GMT+0100,158.80200000000002,158.738,1.01,0.75
30.10.2019 08:44:37.871 GMT+0100,158.80200000000002,158.749,1.01,0.0094
30.10.2019 08:44:39.436 GMT+0100,158.80200000000002,158.738,1.01,0.75
30.10.2019 08:44:39.486 GMT+0100,158.763,158.718,1.01,0.015
30.10.2019 08:44:40.508 GMT+0100,158.763,158.748,0.75,0.0094
30.10.2019 08:44:40.632 GMT+0100,158.803,158.749,1.01,0.0094
30.10.2019 08:44:40.794 GMT+0100,158.782,158.749,0.75,0.0094
30.10.2019 08:44:41.719 GMT+0100,158.782,158.735,1.01,0.015
30.10.2019 08:44:45.394 GMT+0100,158.762,158.735,0.75,0.015
30.10.2019 08:44:45.445 GMT+0100,158.762,158.719,1.01,0.015
30.10.2019 08:44:48.543 GMT+0100,158.762,158.718,1.01,0.015
30.10.2019 08:44:58.965 GMT+0100,158.762,158.719,1.01,0.015
30.10.2019 08:45:01.064 GMT+0100,158.762,158.718,1.01,0.015
30.10.2019 08:45:02.051 GMT+0100,158.762,158.748,0.75,0.0094
30.10.2019 08:45:02.157 GMT+0100,158.762,158.735,0.75,0.015
30.10.2019 08:45:02.208 GMT+0100,158.782,158.735,1.01,0.015
30.10.2019 08:45:02.689 GMT+0100,158.782,158.734,1.01,0.015
30.10.2019 08:45:02.809 GMT+0100,158.782,158.75,1.01,0.0094
30.10.2019 08:45:03.177 GMT+0100,158.80200000000002,158.749,1.01,0.015
30.10.2019 08:45:03.949 GMT+0100,158.80200000000002,158.75,1.01,0.015
30.10.2019 08:45:04.247 GMT+0100,158.80200000000002,158.738,1.01,0.75
30.10.2019 08:45:04.298 GMT+0100,158.763,158.718,1.01,0.015
30.10.2019 08:45:04.495 GMT+0100,158.763,158.735,0.75,0.015
30.10.2019 08:45:04.583 GMT+0100,158.80200000000002,158.738,1.01,0.75
30.10.2019 08:45:05.166 GMT+0100,158.80200000000002,158.75,1.01,0.015
30.10.2019 08:45:06.770 GMT+0100,158.80200000000002,158.749,1.01,0.015
30.10.2019 08:46:02.383 GMT+0100,158.80200000000002,158.75,1.01,0.015
30.10.2019 08:46:04.926 GMT+0100,158.783,158.749,0.02,0.02
30.10.2019 08:46:18.156 GMT+0100,158.813,158.781,0.02,0.02
30.10.2019 08:46:18.853 GMT+0100,158.83200000000002,158.78,1.01,0.015
30.10.2019 08:46:23.162 GMT+0100,158.83200000000002,158.768,1.01,0.75
30.10.2019 08:46:23.287 GMT+0100,158.83200000000002,158.768,1.01,0.75
30.10.2019 08:46:23.337 GMT+0100,158.80200000000002,158.749,1.01,0.015
30.10.2019 08:46:24.220 GMT+0100,158.80200000000002,158.76600000000002,1.01,0.015
30.10.2019 08:46:24.323 GMT+0100,158.80200000000002,158.781,0.75,0.0094
30.10.2019 08:46:24.373 GMT+0100,158.83200000000002,158.781,1.01,0.0094
30.10.2019 08:46:24.423 GMT+0100,158.83200000000002,158.768,1.01,0.75
30.10.2019 08:46:24.474 GMT+0100,158.83200000000002,158.78,1.01,0.0094
30.10.2019 08:46:35.739 GMT+0100,158.812,158.78,0.75,0.0094
30.10.2019 08:46:36.895 GMT+0100,158.80200000000002,158.76600000000002,1.01,0.015
30.10.2019 08:46:39.229 GMT+0100,158.80200000000002,158.78,0.75,0.0094
30.10.2019 08:46:39.389 GMT+0100,158.833,158.78,1.01,0.0094
30.10.2019 08:46:51.397 GMT+0100,158.833,158.76700000000002,1.01,0.75
30.10.2019 08:46:51.448 GMT+0100,158.80200000000002,158.749,1.01,0.015
30.10.2019 08:46:52.452 GMT+0100,158.80200000000002,158.78,0.75,0.0094
30.10.2019 08:46:52.560 GMT+0100,158.83200000000002,158.78,1.01,0.0094
30.10.2019 08:46:54.484 GMT+0100,158.83200000000002,158.768,1.01,0.75
30.10.2019 08:46:54.534 GMT+0100,158.813,158.76500000000001,1.01,0.015
30.10.2019 08:46:57.120 GMT+0100,158.80200000000002,158.75,1.01,0.015
30.10.2019 08:47:02.157 GMT+0100,158.80200000000002,158.749,1.01,0.015
30.10.2019 08:47:12.221 GMT+0100,158.80200000000002,158.75,1.01,0.015
30.10.2019 08:47:14.861 GMT+0100,158.80200000000002,158.749,1.01,0.015
30.10.2019 08:47:54.611 GMT+0100,158.80200000000002,158.75,1.01,0.015
30.10.2019 08:48:03.418 GMT+0100,158.783,158.749,0.02,0.02
30.10.2019 08:48:12.598 GMT+0100,158.782,158.75,0.02,0.0125
30.10.2019 08:48:12.649 GMT+0100,158.752,158.718,0.0125,0.02
30.10.2019 08:48:12.736 GMT+0100,158.783,158.749,0.02,0.0125
30.10.2019 08:48:14.330 GMT+0100,158.782,158.75,0.02,0.02
30.10.2019 08:48:42.587 GMT+0100,158.783,158.749,0.02,0.02
30.10.2019 08:49:04.370 GMT+0100,158.782,158.75,0.02,0.02
30.10.2019 08:49:14.504 GMT+0100,158.76700000000002,158.735,0.02,0.02
30.10.2019 08:49:14.637 GMT+0100,158.763,158.718,1.01,0.015
30.10.2019 08:49:16.012 GMT+0100,158.763,158.748,0.75,0.0094
30.10.2019 08:49:16.063 GMT+0100,158.803,158.75,1.01,0.0094
30.10.2019 08:49:17.251 GMT+0100,158.803,158.749,1.01,0.0094
30.10.2019 08:49:21.403 GMT+0100,158.803,158.73700000000002,1.01,0.75
30.10.2019 08:49:21.453 GMT+0100,158.762,158.719,1.01,0.015
30.10.2019 08:49:22.770 GMT+0100,158.783,158.734,1.01,0.015
30.10.2019 08:49:28.071 GMT+0100,158.80200000000002,158.738,1.01,0.75
30.10.2019 08:49:28.121 GMT+0100,158.80200000000002,158.749,1.01,0.0094
30.10.2019 08:49:30.256 GMT+0100,158.80200000000002,158.738,1.01,0.75
30.10.2019 08:49:30.379 GMT+0100,158.762,158.718,1.01,0.015
30.10.2019 08:49:54.848 GMT+0100,158.762,158.719,1.01,0.015
30.10.2019 08:49:56.542 GMT+0100,158.762,158.735,0.75,0.015
30.10.2019 08:49:56.593 GMT+0100,158.782,158.735,1.01,0.015
30.10.2019 08:49:56.871 GMT+0100,158.763,158.735,0.75,0.015
30.10.2019 08:49:56.974 GMT+0100,158.763,158.718,1.01,0.015
30.10.2019 08:49:58.934 GMT+0100,158.763,158.748,0.75,0.0094
30.10.2019 08:49:58.996 GMT+0100,158.803,158.749,1.01,0.0094
30.10.2019 08:50:00.274 GMT+0100,158.803,158.73700000000002,1.01,0.75
30.10.2019 08:50:00.427 GMT+0100,158.783,158.734,1.01,0.015
30.10.2019 08:50:07.277 GMT+0100,158.783,158.735,1.01,0.015
30.10.2019 08:50:20.025 GMT+0100,158.763,158.735,0.75,0.015
30.10.2019 08:50:20.076 GMT+0100,158.763,158.719,1.01,0.015
30.10.2019 08:50:43.971 GMT+0100,158.763,158.718,1.01,0.015
30.10.2019 08:50:44.378 GMT+0100,158.763,158.719,1.01,0.015
30.10.2019 08:50:56.484 GMT+0100,158.763,158.718,1.01,0.015
30.10.2019 08:50:59.168 GMT+0100,158.763,158.719,1.01,0.015
30.10.2019 08:51:02.259 GMT+0100,158.763,158.718,1.01,0.015
30.10.2019 08:51:04.744 GMT+0100,158.763,158.719,1.01,0.0094
30.10.2019 08:51:11.384 GMT+0100,158.763,158.718,1.01,0.0094
30.10.2019 08:51:13.217 GMT+0100,158.763,158.719,1.01,0.015
30.10.2019 08:51:21.842 GMT+0100,158.72,158.688,0.0125,0.02
30.10.2019 08:51:30.713 GMT+0100,158.732,158.717,0.75,0.0094
30.10.2019 08:51:30.777 GMT+0100,158.763,158.718,1.01,0.0094
30.10.2019 08:51:32.136 GMT+0100,158.763,158.697,1.01,0.75
30.10.2019 08:51:32.189 GMT+0100,158.753,158.687,1.01,1.01
30.10.2019 08:51:32.327 GMT+0100,158.753,158.688,1.01,0.015
30.10.2019 08:51:32.597 GMT+0100,158.732,158.687,1.01,0.015
30.10.2019 08:51:33.296 GMT+0100,158.732,158.688,1.01,0.015
30.10.2019 08:51:35.333 GMT+0100,158.732,158.687,1.01,0.015
30.10.2019 08:51:40.559 GMT+0100,158.732,158.688,1.01,0.015
30.10.2019 08:51:42.215 GMT+0100,158.732,158.687,1.01,0.015
30.10.2019 08:51:46.560 GMT+0100,158.732,158.688,1.01,0.015
30.10.2019 08:51:47.209 GMT+0100,158.732,158.717,0.75,0.0094
30.10.2019 08:51:47.260 GMT+0100,158.732,158.687,1.01,0.015
30.10.2019 08:51:56.083 GMT+0100,158.732,158.688,1.01,0.015
30.10.2019 08:52:00.153 GMT+0100,158.732,158.687,1.01,0.015
30.10.2019 08:52:45.295 GMT+0100,158.751,158.719,0.02,0.0125
30.10.2019 08:53:10.698 GMT+0100,158.763,158.718,1.01,0.015
30.10.2019 08:53:10.938 GMT+0100,158.763,158.719,1.01,0.015
30.10.2019 08:53:23.569 GMT+0100,158.763,158.718,1.01,0.015
30.10.2019 08:53:33.038 GMT+0100,158.763,158.697,1.01,0.75
30.10.2019 08:53:33.160 GMT+0100,158.763,158.719,1.01,0.0094
30.10.2019 08:54:04.440 GMT+0100,158.752,158.718,0.02,0.02
30.10.2019 08:54:04.749 GMT+0100,158.751,158.719,0.02,0.02
30.10.2019 08:54:26.504 GMT+0100,158.752,158.718,0.0125,0.02
30.10.2019 08:54:26.842 GMT+0100,158.782,158.75,0.02,0.0125
30.10.2019 08:54:27.036 GMT+0100,158.783,158.719,1.01,0.015
30.10.2019 08:54:32.435 GMT+0100,158.763,158.718,1.01,0.015
30.10.2019 08:54:34.439 GMT+0100,158.782,158.735,1.01,0.015
30.10.2019 08:54:36.690 GMT+0100,158.762,158.735,0.75,0.015
30.10.2019 08:54:36.862 GMT+0100,158.762,158.718,1.01,0.015
30.10.2019 08:54:38.481 GMT+0100,158.762,158.734,0.75,0.015
30.10.2019 08:54:38.596 GMT+0100,158.762,158.718,1.01,0.015
30.10.2019 08:54:38.761 GMT+0100,158.762,158.748,0.75,0.0094
30.10.2019 08:54:38.812 GMT+0100,158.762,158.718,1.01,0.015
30.10.2019 08:54:39.308 GMT+0100,158.762,158.748,0.75,0.0094
30.10.2019 08:54:39.458 GMT+0100,158.80200000000002,158.749,1.01,0.0094
30.10.2019 08:54:43.121 GMT+0100,158.80200000000002,158.738,1.01,0.75
30.10.2019 08:54:43.241 GMT+0100,158.763,158.719,1.01,0.015
30.10.2019 08:54:43.575 GMT+0100,158.763,158.748,0.75,0.0094
30.10.2019 08:54:43.823 GMT+0100,158.763,158.718,1.01,0.015
30.10.2019 08:54:50.936 GMT+0100,158.763,158.748,0.75,0.0094
30.10.2019 08:54:51.072 GMT+0100,158.80200000000002,158.75,1.01,0.0094
30.10.2019 08:54:55.253 GMT+0100,158.80200000000002,158.738,1.01,0.75
30.10.2019 08:54:55.361 GMT+0100,158.80200000000002,158.749,1.01,0.0094
30.10.2019 08:54:57.608 GMT+0100,158.80200000000002,158.75,1.01,0.015
30.10.2019 08:55:01.473 GMT+0100,158.80200000000002,158.749,1.01,0.0094
30.10.2019 08:55:03.166 GMT+0100,158.80200000000002,158.75,1.01,0.015
30.10.2019 08:55:08.854 GMT+0100,158.763,158.748,0.75,0.015
30.10.2019 08:55:08.904 GMT+0100,158.763,158.718,1.01,0.015
30.10.2019 08:55:08.954 GMT+0100,158.763,158.748,0.75,0.0094
30.10.2019 08:55:09.016 GMT+0100,158.80200000000002,158.749,1.01,0.0094
30.10.2019 08:55:09.066 GMT+0100,158.80200000000002,158.738,1.01,0.75
30.10.2019 08:55:09.167 GMT+0100,158.80200000000002,158.738,1.01,0.75
30.10.2019 08:55:09.217 GMT+0100,158.763,158.719,1.01,0.015
30.10.2019 08:55:09.386 GMT+0100,158.763,158.748,0.75,0.0094
30.10.2019 08:55:09.549 GMT+0100,158.763,158.734,0.75,0.015
30.10.2019 08:55:09.600 GMT+0100,158.783,158.734,1.01,0.015
30.10.2019 08:55:10.033 GMT+0100,158.762,158.734,0.75,0.015
30.10.2019 08:55:10.083 GMT+0100,158.762,158.718,1.01,0.015
30.10.2019 08:55:10.369 GMT+0100,158.762,158.748,0.75,0.0094
30.10.2019 08:55:10.520 GMT+0100,158.803,158.75,1.01,0.0094
30.10.2019 08:55:23.478 GMT+0100,158.803,158.73700000000002,1.01,0.75
30.10.2019 08:55:23.536 GMT+0100,158.763,158.718,1.01,0.015
30.10.2019 08:55:23.808 GMT+0100,158.763,158.748,0.75,0.0094
30.10.2019 08:55:23.858 GMT+0100,158.80200000000002,158.75,1.01,0.0094
30.10.2019 08:55:32.751 GMT+0100,158.80200000000002,158.749,1.01,0.015
30.10.2019 08:55:33.212 GMT+0100,158.80200000000002,158.75,1.01,0.0094
30.10.2019 08:55:49.701 GMT+0100,158.80200000000002,158.749,1.01,0.0094
30.10.2019 08:55:54.234 GMT+0100,158.80200000000002,158.75,1.01,0.0094
30.10.2019 08:55:58.401 GMT+0100,158.80200000000002,158.738,1.01,0.75
30.10.2019 08:55:58.508 GMT+0100,158.80200000000002,158.738,1.01,0.75
30.10.2019 08:55:58.559 GMT+0100,158.762,158.719,1.01,0.015
30.10.2019 08:57:02.188 GMT+0100,158.721,158.687,0.0125,0.02
30.10.2019 08:57:02.274 GMT+0100,158.752,158.718,0.02,0.0125
30.10.2019 08:57:05.250 GMT+0100,158.751,158.719,0.02,0.02
30.10.2019 08:57:25.568 GMT+0100,158.752,158.718,0.02,0.02
30.10.2019 08:57:38.804 GMT+0100,158.751,158.719,0.02,0.0125
30.10.2019 08:57:38.953 GMT+0100,158.752,158.718,0.02,0.02
30.10.2019 08:57:47.406 GMT+0100,158.753,158.702,1.01,0.015
30.10.2019 08:57:51.102 GMT+0100,158.753,158.718,1.01,0.0094
30.10.2019 08:57:51.328 GMT+0100,158.733,158.717,0.75,0.0094
30.10.2019 08:57:51.378 GMT+0100,158.733,158.687,1.01,0.015
30.10.2019 08:58:00.283 GMT+0100,158.733,158.688,1.01,0.015
30.10.2019 08:58:02.491 GMT+0100,158.733,158.687,1.01,0.015
30.10.2019 08:58:10.200 GMT+0100,158.733,158.688,1.01,0.0094
30.10.2019 08:58:11.474 GMT+0100,158.733,158.687,1.01,0.015
30.10.2019 08:58:43.538 GMT+0100,158.733,158.688,1.01,0.015
30.10.2019 08:59:01.452 GMT+0100,158.721,158.687,0.02,0.02
30.10.2019 08:59:02.153 GMT+0100,158.72,158.688,0.02,0.02
30.10.2019 08:59:08.076 GMT+0100,158.721,158.687,0.02,0.02
30.10.2019 08:59:08.194 GMT+0100,158.72,158.688,0.02,0.02
30.10.2019 08:59:16.199 GMT+0100,158.688,158.656,0.02,0.02
30.10.2019 08:59:26.682 GMT+0100,158.702,158.687,0.75,0.0094
30.10.2019 08:59:26.811 GMT+0100,158.733,158.687,1.01,0.0094
30.10.2019 08:59:33.257 GMT+0100,158.733,158.672,1.01,0.015
30.10.2019 08:59:33.360 GMT+0100,158.733,158.667,1.01,0.75
30.10.2019 08:59:33.412 GMT+0100,158.703,158.655,1.01,0.015
30.10.2019 08:59:35.184 GMT+0100,158.703,158.687,0.75,0.0094
30.10.2019 08:59:35.278 GMT+0100,158.732,158.687,1.01,0.0094
30.10.2019 08:59:37.924 GMT+0100,158.732,158.672,1.01,0.015
30.10.2019 08:59:38.140 GMT+0100,158.732,158.687,1.01,0.0094
30.10.2019 08:59:40.468 GMT+0100,158.732,158.688,1.01,0.0094
30.10.2019 08:59:41.505 GMT+0100,158.733,158.667,1.01,0.75
30.10.2019 08:59:41.601 GMT+0100,158.733,158.688,1.01,0.0094
30.10.2019 08:59:41.849 GMT+0100,158.733,158.672,1.01,0.015
30.10.2019 08:59:42.000 GMT+0100,158.733,158.667,1.01,0.75
30.10.2019 08:59:42.051 GMT+0100,158.703,158.656,1.01,0.015
30.10.2019 08:59:51.025 GMT+0100,158.703,158.67100000000002,0.75,0.015
30.10.2019 08:59:51.138 GMT+0100,158.703,158.687,0.75,0.0094
30.10.2019 08:59:51.188 GMT+0100,158.732,158.687,1.01,0.0094
30.10.2019 08:59:51.721 GMT+0100,158.732,158.672,1.01,0.015
30.10.2019 08:59:51.871 GMT+0100,158.732,158.688,1.01,0.0094
30.10.2019 08:59:52.417 GMT+0100,158.732,158.668,1.01,0.75
30.10.2019 08:59:52.527 GMT+0100,158.703,158.656,1.01,0.015
30.10.2019 09:00:00.368 GMT+0100,158.703,158.637,1.01,0.75
30.10.2019 09:00:00.418 GMT+0100,158.673,158.625,1.01,0.015
30.10.2019 09:00:00.597 GMT+0100,158.673,158.656,0.75,0.0094
30.10.2019 09:00:00.647 GMT+0100,158.673,158.625,1.01,0.015
30.10.2019 09:00:00.733 GMT+0100,158.702,158.638,1.01,0.75
30.10.2019 09:00:00.855 GMT+0100,158.702,158.638,1.01,0.75
30.10.2019 09:00:00.906 GMT+0100,158.673,158.624,1.01,0.015
30.10.2019 09:00:01.785 GMT+0100,158.673,158.625,1.01,0.015
30.10.2019 09:00:02.161 GMT+0100,158.673,158.64100000000002,1.01,0.015
30.10.2019 09:00:02.262 GMT+0100,158.692,158.655,1.01,0.0094
30.10.2019 09:00:02.312 GMT+0100,158.692,158.628,1.01,0.75
30.10.2019 09:00:02.363 GMT+0100,158.672,158.624,1.01,0.015
30.10.2019 09:00:04.083 GMT+0100,158.672,158.625,1.01,0.015
30.10.2019 09:00:04.994 GMT+0100,158.692,158.628,1.01,0.75
30.10.2019 09:00:05.045 GMT+0100,158.692,158.64000000000001,1.01,0.015
30.10.2019 09:00:05.122 GMT+0100,158.692,158.656,1.01,0.0094
30.10.2019 09:00:05.263 GMT+0100,158.702,158.655,1.01,0.0094
30.10.2019 09:00:05.913 GMT+0100,158.702,158.656,1.01,0.0094
30.10.2019 09:00:07.273 GMT+0100,158.702,158.638,1.01,0.75
30.10.2019 09:00:07.394 GMT+0100,158.672,158.625,1.01,0.015
30.10.2019 09:00:16.321 GMT+0100,158.672,158.655,0.75,0.0094
30.10.2019 09:00:16.371 GMT+0100,158.672,158.624,1.01,0.015
30.10.2019 09:00:16.424 GMT+0100,158.672,158.656,0.75,0.0094
30.10.2019 09:00:16.475 GMT+0100,158.672,158.625,1.01,0.015
30.10.2019 09:00:16.554 GMT+0100,158.69299999999998,158.627,1.01,0.75
30.10.2019 09:00:16.715 GMT+0100,158.673,158.625,1.01,0.015
30.10.2019 09:00:16.983 GMT+0100,158.673,158.64000000000001,0.75,0.015
30.10.2019 09:00:17.465 GMT+0100,158.692,158.655,1.01,0.0094
30.10.2019 09:00:19.419 GMT+0100,158.703,158.656,1.01,0.015
30.10.2019 09:00:22.249 GMT+0100,158.703,158.655,1.01,0.0094
30.10.2019 09:00:32.301 GMT+0100,158.703,158.656,1.01,0.015
30.10.2019 09:00:35.898 GMT+0100,158.703,158.655,1.01,0.015
30.10.2019 09:00:47.321 GMT+0100,158.703,158.656,1.01,0.015
30.10.2019 09:00:49.603 GMT+0100,158.703,158.655,1.01,0.015
30.10.2019 09:00:52.506 GMT+0100,158.703,158.656,1.01,0.015
30.10.2019 09:00:55.332 GMT+0100,158.703,158.655,1.01,0.015
30.10.2019 09:00:55.767 GMT+0100,158.703,158.656,1.01,0.015
30.10.2019 09:00:57.617 GMT+0100,158.703,158.687,0.75,0.0094
30.10.2019 09:00:57.712 GMT+0100,158.703,158.672,0.75,0.015
30.10.2019 09:00:57.829 GMT+0100,158.732,158.688,1.01,0.0094
30.10.2019 09:00:58.477 GMT+0100,158.732,158.672,1.01,0.015
30.10.2019 09:00:58.580 GMT+0100,158.732,158.668,1.01,0.75
30.10.2019 09:00:58.630 GMT+0100,158.703,158.655,1.01,0.015
30.10.2019 09:01:03.349 GMT+0100,158.703,158.656,1.01,0.015
30.10.2019 09:01:05.604 GMT+0100,158.703,158.655,1.01,0.015
30.10.2019 09:01:17.733 GMT+0100,158.703,158.656,1.01,0.0094
30.10.2019 09:01:36.348 GMT+0100,158.703,158.655,1.01,0.0094
30.10.2019 09:01:41.118 GMT+0100,158.703,158.637,1.01,0.75
30.10.2019 09:01:41.247 GMT+0100,158.672,158.625,1.01,0.015
30.10.2019 09:01:41.799 GMT+0100,158.672,158.624,1.01,0.015
30.10.2019 09:01:58.861 GMT+0100,158.672,158.625,1.01,0.015
30.10.2019 09:02:01.126 GMT+0100,158.672,158.656,0.75,0.0094
30.10.2019 09:02:01.206 GMT+0100,158.702,158.656,1.01,0.0094
30.10.2019 09:02:02.166 GMT+0100,158.702,158.638,1.01,0.75
30.10.2019 09:02:02.355 GMT+0100,158.673,158.625,1.01,0.015
30.10.2019 09:02:03.565 GMT+0100,158.673,158.624,1.01,0.015
30.10.2019 09:02:17.188 GMT+0100,158.673,158.607,1.01,0.75
30.10.2019 09:02:17.239 GMT+0100,158.673,158.624,1.01,0.0094
30.10.2019 09:02:17.355 GMT+0100,158.66299999999998,158.597,1.01,0.75
30.10.2019 09:02:17.455 GMT+0100,158.64200000000002,158.593,1.01,0.015
30.10.2019 09:02:18.694 GMT+0100,158.64200000000002,158.625,0.75,0.0094
30.10.2019 09:02:18.744 GMT+0100,158.673,158.625,1.01,0.0094
30.10.2019 09:02:22.552 GMT+0100,158.673,158.624,1.01,0.015
30.10.2019 09:02:23.854 GMT+0100,158.673,158.625,1.01,0.0094
30.10.2019 09:02:27.232 GMT+0100,158.673,158.624,1.01,0.015
30.10.2019 09:02:49.931 GMT+0100,158.673,158.625,1.01,0.015
30.10.2019 09:02:52.341 GMT+0100,158.673,158.624,1.01,0.015
30.10.2019 09:02:55.962 GMT+0100,158.673,158.625,1.01,0.015
30.10.2019 09:02:56.023 GMT+0100,158.673,158.656,0.75,0.0094
30.10.2019 09:02:56.117 GMT+0100,158.703,158.656,1.01,0.0094
30.10.2019 09:02:56.303 GMT+0100,158.703,158.655,1.01,0.015
30.10.2019 09:02:57.326 GMT+0100,158.703,158.656,1.01,0.015
30.10.2019 09:02:57.648 GMT+0100,158.703,158.637,1.01,0.75
30.10.2019 09:02:57.774 GMT+0100,158.673,158.624,1.01,0.015
30.10.2019 09:02:57.936 GMT+0100,158.69299999999998,158.627,1.01,0.75
30.10.2019 09:02:58.046 GMT+0100,158.69299999999998,158.64100000000002,1.01,0.015
30.10.2019 09:02:58.374 GMT+0100,158.703,158.655,1.01,0.0094
30.10.2019 09:02:59.508 GMT+0100,158.703,158.64000000000001,1.01,0.015
30.10.2019 09:03:00.246 GMT+0100,158.692,158.628,1.01,0.75
30.10.2019 09:03:00.296 GMT+0100,158.672,158.624,1.01,0.015
30.10.2019 09:03:12.115 GMT+0100,158.672,158.625,1.01,0.015
30.10.2019 09:03:12.219 GMT+0100,158.672,158.608,1.01,0.75
30.10.2019 09:03:12.288 GMT+0100,158.643,158.594,1.01,0.015
30.10.2019 09:03:12.704 GMT+0100,158.643,158.624,0.75,0.0094
30.10.2019 09:03:12.814 GMT+0100,158.643,158.625,0.75,0.015
30.10.2019 09:03:12.865 GMT+0100,158.673,158.625,1.01,0.015
30.10.2019 09:03:21.151 GMT+0100,158.673,158.624,1.01,0.015
30.10.2019 09:03:28.264 GMT+0100,158.673,158.625,1.01,0.015
30.10.2019 09:03:29.063 GMT+0100,158.673,158.624,1.01,0.015
30.10.2019 09:03:30.044 GMT+0100,158.673,158.625,1.01,0.015
30.10.2019 09:03:30.443 GMT+0100,158.673,158.64000000000001,0.75,0.015
30.10.2019 09:03:30.591 GMT+0100,158.692,158.64000000000001,1.01,0.015
30.10.2019 09:03:30.703 GMT+0100,158.692,158.628,1.01,0.75
30.10.2019 09:03:30.757 GMT+0100,158.673,158.624,1.01,0.015
30.10.2019 09:03:32.529 GMT+0100,158.673,158.625,1.01,0.015
30.10.2019 09:03:35.883 GMT+0100,158.673,158.624,1.01,0.015
30.10.2019 09:03:37.573 GMT+0100,158.673,158.625,1.01,0.015
30.10.2019 09:03:41.747 GMT+0100,158.673,158.624,1.01,0.015
30.10.2019 09:03:41.797 GMT+0100,158.703,158.656,1.01,0.0094
30.10.2019 09:03:41.942 GMT+0100,158.673,158.625,1.01,0.015
30.10.2019 09:03:48.065 GMT+0100,158.673,158.656,0.75,0.0094
30.10.2019 09:03:48.185 GMT+0100,158.702,158.656,1.01,0.0094
30.10.2019 09:03:50.337 GMT+0100,158.692,158.628,1.01,0.75
30.10.2019 09:03:50.387 GMT+0100,158.692,158.656,1.01,0.0094
30.10.2019 09:03:50.698 GMT+0100,158.69299999999998,158.64000000000001,1.01,0.015
30.10.2019 09:03:50.886 GMT+0100,158.69299999999998,158.627,1.01,0.75
30.10.2019 09:03:50.942 GMT+0100,158.673,158.625,1.01,0.015
30.10.2019 09:03:51.122 GMT+0100,158.673,158.624,1.01,0.015
30.10.2019 09:03:51.264 GMT+0100,158.692,158.628,1.01,0.75
30.10.2019 09:03:51.314 GMT+0100,158.692,158.64100000000002,1.01,0.015
30.10.2019 09:03:51.421 GMT+0100,158.692,158.628,1.01,0.75
30.10.2019 09:03:51.471 GMT+0100,158.672,158.624,1.01,0.015
30.10.2019 09:03:56.595 GMT+0100,158.672,158.625,1.01,0.015
30.10.2019 09:04:00.308 GMT+0100,158.672,158.624,1.01,0.015
30.10.2019 09:04:01.445 GMT+0100,158.672,158.625,1.01,0.015
30.10.2019 09:04:05.720 GMT+0100,158.672,158.624,1.01,0.015
30.10.2019 09:04:32.372 GMT+0100,158.672,158.625,1.01,0.015
30.10.2019 09:04:32.555 GMT+0100,158.672,158.64000000000001,0.75,0.015
30.10.2019 09:04:32.661 GMT+0100,158.672,158.655,0.75,0.0094
30.10.2019 09:04:32.712 GMT+0100,158.703,158.655,1.01,0.0094
30.10.2019 09:04:45.194 GMT+0100,158.703,158.656,1.01,0.0094
30.10.2019 09:04:45.561 GMT+0100,158.69299999999998,158.64100000000002,1.01,0.015
30.10.2019 09:04:50.169 GMT+0100,158.672,158.64100000000002,0.75,0.015
30.10.2019 09:04:50.387 GMT+0100,158.672,158.624,1.01,0.015
30.10.2019 09:04:50.916 GMT+0100,158.672,158.655,0.75,0.015
30.10.2019 09:04:51.024 GMT+0100,158.703,158.655,1.01,0.015
30.10.2019 09:04:57.153 GMT+0100,158.703,158.656,1.01,0.015
30.10.2019 09:04:58.848 GMT+0100,158.703,158.655,1.01,0.015
30.10.2019 09:05:02.156 GMT+0100,158.703,158.656,1.01,0.015
30.10.2019 09:05:14.326 GMT+0100,158.703,158.655,1.01,0.015
30.10.2019 09:05:17.947 GMT+0100,158.703,158.687,0.75,0.0094
30.10.2019 09:05:18.028 GMT+0100,158.733,158.688,1.01,0.0094
30.10.2019 09:05:18.131 GMT+0100,158.733,158.687,1.01,0.0094
30.10.2019 09:05:18.432 GMT+0100,158.733,158.688,1.01,0.015
30.10.2019 09:05:22.180 GMT+0100,158.733,158.687,1.01,0.0094
30.10.2019 09:05:24.841 GMT+0100,158.733,158.667,1.01,0.75
30.10.2019 09:05:24.965 GMT+0100,158.703,158.656,1.01,0.015
30.10.2019 09:05:29.609 GMT+0100,158.703,158.687,0.75,0.0094
30.10.2019 09:05:29.736 GMT+0100,158.732,158.688,1.01,0.0094
30.10.2019 09:05:38.621 GMT+0100,158.732,158.687,1.01,0.0094
30.10.2019 09:05:38.672 GMT+0100,158.732,158.668,1.01,0.75
30.10.2019 09:05:38.727 GMT+0100,158.702,158.656,1.01,0.015
30.10.2019 09:05:38.898 GMT+0100,158.702,158.655,1.01,0.015
30.10.2019 09:05:57.995 GMT+0100,158.702,158.656,1.01,0.015
30.10.2019 09:05:59.522 GMT+0100,158.702,158.655,1.01,0.015
30.10.2019 09:06:00.079 GMT+0100,158.702,158.687,0.75,0.0094
30.10.2019 09:06:00.154 GMT+0100,158.733,158.687,1.01,0.0094
30.10.2019 09:06:00.295 GMT+0100,158.733,158.667,1.01,0.75
30.10.2019 09:06:00.356 GMT+0100,158.703,158.655,1.01,0.015
30.10.2019 09:06:00.647 GMT+0100,158.703,158.687,0.75,0.0094
30.10.2019 09:06:00.768 GMT+0100,158.733,158.688,1.01,0.0094
30.10.2019 09:06:05.750 GMT+0100,158.733,158.687,1.01,0.015
30.10.2019 09:06:07.041 GMT+0100,158.733,158.688,1.01,0.0094
30.10.2019 09:06:12.371 GMT+0100,158.733,158.667,1.01,0.75
30.10.2019 09:06:12.477 GMT+0100,158.702,158.655,1.01,0.015
30.10.2019 09:06:15.164 GMT+0100,158.702,158.656,1.01,0.015
30.10.2019 09:06:18.345 GMT+0100,158.702,158.655,1.01,0.015
30.10.2019 09:06:19.725 GMT+0100,158.702,158.656,1.01,0.015
30.10.2019 09:06:40.502 GMT+0100,158.702,158.655,1.01,0.0094
30.10.2019 09:06:40.984 GMT+0100,158.702,158.656,1.01,0.015
30.10.2019 09:06:51.241 GMT+0100,158.702,158.655,1.01,0.0094
30.10.2019 09:06:55.333 GMT+0100,158.702,158.656,1.01,0.015
30.10.2019 09:07:38.547 GMT+0100,158.689,158.655,0.02,0.02
30.10.2019 09:07:39.256 GMT+0100,158.688,158.656,0.02,0.02
30.10.2019 09:07:43.182 GMT+0100,158.689,158.655,0.02,0.02
30.10.2019 09:08:04.950 GMT+0100,158.688,158.656,0.02,0.02
30.10.2019 09:08:05.966 GMT+0100,158.72,158.688,0.02,0.02
30.10.2019 09:08:12.245 GMT+0100,158.702,158.687,0.75,0.0094
30.10.2019 09:08:12.323 GMT+0100,158.702,158.655,1.01,0.015
30.10.2019 09:08:33.661 GMT+0100,158.702,158.687,0.75,0.0094
30.10.2019 09:08:33.770 GMT+0100,158.732,158.687,1.01,0.0094
30.10.2019 09:08:45.559 GMT+0100,158.732,158.688,1.01,0.015
30.10.2019 09:08:57.103 GMT+0100,158.703,158.656,1.01,0.015
30.10.2019 09:08:57.329 GMT+0100,158.703,158.672,0.75,0.015
30.10.2019 09:08:57.516 GMT+0100,158.732,158.688,1.01,0.015
30.10.2019 09:08:57.900 GMT+0100,158.732,158.687,1.01,0.0094
30.10.2019 09:08:59.836 GMT+0100,158.703,158.687,0.75,0.0094
30.10.2019 09:08:59.911 GMT+0100,158.703,158.655,1.01,0.015
30.10.2019 09:09:04.219 GMT+0100,158.703,158.656,1.01,0.015
30.10.2019 09:09:05.765 GMT+0100,158.703,158.655,1.01,0.015
30.10.2019 09:09:35.446 GMT+0100,158.703,158.656,1.01,0.015
30.10.2019 09:09:39.310 GMT+0100,158.703,158.655,1.01,0.015
30.10.2019 09:09:51.499 GMT+0100,158.703,158.656,1.01,0.015
30.10.2019 09:09:54.973 GMT+0100,158.703,158.655,1.01,0.0094
30.10.2019 09:10:05.627 GMT+0100,158.688,158.656,0.02,0.0125
30.10.2019 09:10:28.117 GMT+0100,158.689,158.655,0.02,0.02
30.10.2019 09:10:33.941 GMT+0100,158.688,158.656,0.02,0.02
30.10.2019 09:10:45.086 GMT+0100,158.689,158.655,0.02,0.0125
30.10.2019 09:10:55.188 GMT+0100,158.673,158.64100000000002,0.02,0.02
30.10.2019 09:10:55.300 GMT+0100,158.672,158.625,1.01,0.015
30.10.2019 09:10:59.496 GMT+0100,158.672,158.656,0.75,0.015
30.10.2019 09:10:59.579 GMT+0100,158.702,158.656,1.01,0.015
30.10.2019 09:10:59.757 GMT+0100,158.702,158.655,1.01,0.015
30.10.2019 09:11:02.126 GMT+0100,158.702,158.656,1.01,0.015
