Local time,Ask,Bid,AskVolume,BidVolume
17.12.2014 00:00:08.060 GMT-0000,1975.4060000000002,1975.2910000000002,0,0.0004
17.12.2014 00:00:08.162 GMT-0000,1975.516,1975.2839999999999,0,0.0004
17.12.2014 00:00:12.769 GMT-0000,1975.6129999999998,1975.275,0,0.0004
17.12.2014 00:00:13.208 GMT-0000,1975.6029999999998,1975.493,0,0.0004
17.12.2014 00:00:18.865 GMT-0000,1975.4060000000002,1975.1779999999999,0,0.0004
17.12.2014 00:00:19.131 GMT-0000,1975.4120000000003,1975.19,0,0.0004
17.12.2014 00:00:20.750 GMT-0000,1975.6370000000002,1975.1720000000003,0,0.0004
17.12.2014 00:00:21.351 GMT-0000,1975.4070000000002,1975.184,0,0.0004
17.12.2014 00:00:23.653 GMT-0000,1975.639,1975.168,0,0.0004
17.12.2014 00:00:30.132 GMT-0000,1975.515,1975.1779999999999,0,0.0004
17.12.2014 00:00:40.090 GMT-0000,1975.911,1975.4950000000001,0.0041,0.0004
17.12.2014 00:00:41.954 GMT-0000,1975.601,1975.4979999999998,0,0.0004
17.12.2014 00:00:57.323 GMT-0000,1975.606,1975.392,0,0.0004
17.12.2014 00:00:58.144 GMT-0000,1975.4270000000001,1975.095,0,0.0004
17.12.2014 00:00:59.189 GMT-0000,1975.405,1975.299,0,0.0004
17.12.2014 00:01:23.970 GMT-0000,1975.41,1975.1820000000002,0,0.0004
17.12.2014 00:01:24.073 GMT-0000,1975.618,1975.165,0,0.0004
17.12.2014 00:01:30.884 GMT-0000,1975.608,1975.494,0,0.0004
17.12.2014 00:01:34.491 GMT-0000,1975.9579999999999,1975.79,0,0.0004
17.12.2014 00:01:39.744 GMT-0000,1976.122,1975.799,0,0.0004
17.12.2014 00:01:42.596 GMT-0000,1976.106,1975.997,0,0.0004
17.12.2014 00:02:23.792 GMT-0000,1975.903,1975.778,0,0.0004
17.12.2014 00:02:36.894 GMT-0000,1975.9070000000002,1975.796,0,0.0004
17.12.2014 00:02:58.991 GMT-0000,1976.114,1975.7810000000002,0,0.0004
17.12.2014 00:03:00.996 GMT-0000,1976.2150000000001,1975.879,0,0.0019
17.12.2014 00:03:01.305 GMT-0000,1976.429,1975.9910000000002,0,0.0004
17.12.2014 00:03:02.307 GMT-0000,1976.404,1976.3,0,0.0004
17.12.2014 00:03:02.911 GMT-0000,1976.2020000000002,1976.016,0,0.0004
17.12.2014 00:03:19.603 GMT-0000,1976.4420000000002,1976.2870000000003,0,0.0004
17.12.2014 00:03:29.561 GMT-0000,1976.408,1976.3,0,0.0004
17.12.2014 00:03:29.663 GMT-0000,1976.606,1976.2870000000003,0,0.0004
17.12.2014 00:03:30.857 GMT-0000,1976.608,1976.499,0,0.0004
17.12.2014 00:03:45.689 GMT-0000,1976.503,1976.246,0,0.0004
17.12.2014 00:03:46.390 GMT-0000,1976.604,1976.496,0,0.0004
17.12.2014 00:03:53.323 GMT-0000,1976.525,1976.194,0,0.0004
17.12.2014 00:03:56.186 GMT-0000,1976.609,1976.496,0,0.0004
17.12.2014 00:04:00.292 GMT-0000,1976.508,1976.285,0,0.0004
17.12.2014 00:04:01.717 GMT-0000,1976.6100000000001,1976.4920000000002,0,0.0004
17.12.2014 00:04:31.449 GMT-0000,1976.5110000000002,1976.246,0,0.0004
17.12.2014 00:04:31.718 GMT-0000,1976.605,1976.497,0,0.0004
17.12.2014 00:04:31.788 GMT-0000,1976.405,1976.247,0,0.0004
17.12.2014 00:04:32.474 GMT-0000,1976.404,1976.2820000000002,0,0.0004
17.12.2014 00:04:34.190 GMT-0000,1976.63,1976.27,0,0.0004
17.12.2014 00:04:35.304 GMT-0000,1976.602,1976.4360000000001,0,0.0004
17.12.2014 00:04:37.434 GMT-0000,1976.9020000000003,1976.401,0,0.0004
17.12.2014 00:04:38.572 GMT-0000,1976.878,1976.799,0,0.0004
17.12.2014 00:04:41.160 GMT-0000,1976.8860000000002,1976.469,0,0.0004
17.12.2014 00:04:44.666 GMT-0000,1976.881,1976.794,0,0.0004
17.12.2014 00:04:59.728 GMT-0000,1976.9070000000002,1976.799,0,0.0004
17.12.2014 00:04:59.829 GMT-0000,1976.804,1976.594,0,0.0004
17.12.2014 00:05:01.231 GMT-0000,1976.608,1976.5110000000002,0,0.0004
17.12.2014 00:05:01.281 GMT-0000,1977.244,1976.5470000000003,0.0041,0.0004
17.12.2014 00:05:02.372 GMT-0000,1976.608,1976.497,0,0.0004
17.12.2014 00:05:04.676 GMT-0000,1976.96,1976.6979999999999,0,0.0004
17.12.2014 00:05:05.831 GMT-0000,1976.905,1976.473,0,0.0004
17.12.2014 00:05:16.725 GMT-0000,1976.201,1975.793,0.0019,0.0019
17.12.2014 00:05:16.800 GMT-0000,1976.133,1975.556,0.0019,0.0019
17.12.2014 00:05:18.115 GMT-0000,1976.104,1976.0529999999999,0,0.0004
17.12.2014 00:05:21.797 GMT-0000,1976.108,1975.9920000000002,0,0.0004
17.12.2014 00:05:51.862 GMT-0000,1976.434,1975.969,0,0.0004
17.12.2014 00:05:59.414 GMT-0000,1976.213,1975.987,0,0.0004
17.12.2014 00:06:11.196 GMT-0000,1976.404,1975.98,0,0.0004
17.12.2014 00:06:23.404 GMT-0000,1976.4060000000002,1976.2920000000001,0,0.0004
17.12.2014 00:06:38.510 GMT-0000,1976.44,1975.9979999999998,0,0.0004
17.12.2014 00:06:40.815 GMT-0000,1976.408,1976.2910000000002,0,0.0004
17.12.2014 00:06:45.832 GMT-0000,1976.4070000000002,1976.184,0,0.0004
17.12.2014 00:06:49.032 GMT-0000,1976.4060000000002,1976.2970000000003,0,0.0004
17.12.2014 00:06:50.945 GMT-0000,1976.5120000000002,1976.289,0,0.0004
17.12.2014 00:06:57.940 GMT-0000,1976.6170000000002,1976.2810000000002,0,0.0004
17.12.2014 00:07:04.364 GMT-0000,1976.515,1976.2810000000002,0,0.0004
17.12.2014 00:07:08.439 GMT-0000,1976.6160000000002,1976.274,0,0.0004
17.12.2014 00:07:09.670 GMT-0000,1976.6000000000001,1976.4,0,0.0004
17.12.2014 00:07:10.642 GMT-0000,1976.5010000000002,1976.394,0,0.0004
17.12.2014 00:07:12.445 GMT-0000,1976.423,1976.074,0,0.0004
17.12.2014 00:07:12.944 GMT-0000,1976.405,1976.2970000000003,0,0.0004
17.12.2014 00:07:25.365 GMT-0000,1976.622,1976.2970000000003,0,0.0004
17.12.2014 00:07:31.952 GMT-0000,1976.6029999999998,1976.4910000000002,0,0.0004
17.12.2014 00:07:34.447 GMT-0000,1976.6200000000001,1976.288,0,0.0004
17.12.2014 00:08:05.042 GMT-0000,1976.516,1976.288,0,0.0004
17.12.2014 00:08:10.895 GMT-0000,1976.41,1976.2970000000003,0,0.0004
17.12.2014 00:08:34.156 GMT-0000,1976.6200000000001,1976.286,0,0.0004
17.12.2014 00:08:35.668 GMT-0000,1976.516,1976.293,0,0.0004
17.12.2014 00:08:44.919 GMT-0000,1976.609,1976.28,0,0.0004
17.12.2014 00:09:01.298 GMT-0000,1976.605,1976.496,0,0.0004
17.12.2014 00:09:04.218 GMT-0000,1976.612,1976.289,0,0.0004
17.12.2014 00:09:15.607 GMT-0000,1976.5110000000002,1976.294,0,0.0004
17.12.2014 00:09:16.808 GMT-0000,1976.6170000000002,1976.299,0,0.0004
17.12.2014 00:09:17.893 GMT-0000,1976.601,1976.5,0,0.0004
17.12.2014 00:09:19.413 GMT-0000,1976.8,1976.4920000000002,0,0.0004
17.12.2014 00:09:25.662 GMT-0000,1976.9089999999999,1976.4679999999998,0,0.0004
17.12.2014 00:09:25.763 GMT-0000,1976.809,1976.4720000000002,0,0.0004
17.12.2014 00:09:25.963 GMT-0000,1976.91,1976.461,0,0.0004
17.12.2014 00:09:26.487 GMT-0000,1976.905,1976.793,0,0.0004
17.12.2014 00:10:08.084 GMT-0000,1977.1260000000002,1976.78,0,0.0004
17.12.2014 00:10:10.139 GMT-0000,1977.1000000000001,1976.996,0,0.0004
17.12.2014 00:10:12.278 GMT-0000,1976.904,1976.7870000000003,0,0.0004
17.12.2014 00:10:13.863 GMT-0000,1976.91,1976.7970000000003,0,0.0004
17.12.2014 00:10:24.539 GMT-0000,1977.1160000000002,1976.796,0,0.0004
17.12.2014 00:10:24.640 GMT-0000,1976.9070000000002,1976.798,0,0.0004
17.12.2014 00:10:32.983 GMT-0000,1977.009,1976.798,0,0.0004
17.12.2014 00:10:43.123 GMT-0000,1976.905,1976.795,0,0.0004
17.12.2014 00:11:13.271 GMT-0000,1976.9370000000001,1976.477,0,0.0004
17.12.2014 00:11:18.449 GMT-0000,1976.9,1976.794,0,0.0004
17.12.2014 00:11:28.064 GMT-0000,1977.01,1976.8,0,0.0004
17.12.2014 00:11:28.666 GMT-0000,1976.9089999999999,1976.7970000000003,0,0.0004
17.12.2014 00:11:51.343 GMT-0000,1977.0110000000002,1976.794,0,0.0004
17.12.2014 00:12:07.886 GMT-0000,1977.119,1976.7910000000002,0,0.0004
17.12.2014 00:12:09.666 GMT-0000,1977.1000000000001,1976.997,0,0.0004
17.12.2014 00:12:17.416 GMT-0000,1977.4160000000002,1976.967,0,0.0004
17.12.2014 00:12:17.641 GMT-0000,1977.401,1977.29,0,0.0004
17.12.2014 00:12:39.489 GMT-0000,1976.933,1976.375,0.0019,0.0019
17.12.2014 00:12:40.405 GMT-0000,1976.908,1976.7910000000002,0,0.0004
17.12.2014 00:13:21.173 GMT-0000,1977.129,1976.793,0,0.0004
17.12.2014 00:13:21.775 GMT-0000,1977.106,1977,0,0.0004
17.12.2014 00:13:41.915 GMT-0000,1976.913,1976.6860000000001,0,0.0004
17.12.2014 00:13:45.542 GMT-0000,1976.903,1976.8,0,0.0004
17.12.2014 00:13:46.150 GMT-0000,1977.109,1976.775,0,0.0004
17.12.2014 00:13:47.846 GMT-0000,1977.1100000000001,1976.9920000000002,0,0.0004
17.12.2014 00:13:56.176 GMT-0000,1977.109,1976.935,0,0.0004
17.12.2014 00:13:58.408 GMT-0000,1977.4,1976.914,0,0.0004
17.12.2014 00:13:58.648 GMT-0000,1977.381,1977.295,0,0.0004
17.12.2014 00:14:00.785 GMT-0000,1977.401,1977.2910000000002,0,0.0004
17.12.2014 00:14:35.281 GMT-0000,1977.2150000000001,1976.9750000000001,0,0.0004
17.12.2014 00:14:36.184 GMT-0000,1977.105,1976.987,0,0.0004
17.12.2014 00:14:36.702 GMT-0000,1977.1029999999998,1976.9920000000002,0,0.0004
17.12.2014 00:14:44.431 GMT-0000,1977.404,1976.964,0,0.0004
17.12.2014 00:14:45.203 GMT-0000,1977.405,1977.29,0,0.0004
17.12.2014 00:14:45.535 GMT-0000,1977.5120000000002,1977.296,0,0.0004
17.12.2014 00:14:45.635 GMT-0000,1977.408,1977.296,0,0.0004
17.12.2014 00:14:59.287 GMT-0000,1977.105,1976.9950000000001,0,0.0004
17.12.2014 00:14:59.598 GMT-0000,1977.106,1976.9950000000001,0,0.0004
17.12.2014 00:15:19.817 GMT-0000,1977.2120000000002,1976.9950000000001,0,0.0004
17.12.2014 00:15:24.701 GMT-0000,1977.4060000000002,1976.974,0,0.0004
17.12.2014 00:15:24.801 GMT-0000,1977.207,1976.9879999999998,0,0.0004
17.12.2014 00:15:25.163 GMT-0000,1977.209,1977.0220000000002,0,0.0004
17.12.2014 00:15:27.704 GMT-0000,1977.401,1976.999,0,0.0004
17.12.2014 00:15:32.594 GMT-0000,1977.4070000000002,1977.296,0,0.0004
17.12.2014 00:15:44.546 GMT-0000,1977.108,1976.989,0,0.0004
17.12.2014 00:15:45.027 GMT-0000,1977.1000000000001,1976.99,0,0.0004
17.12.2014 00:16:18.886 GMT-0000,1977.42,1976.981,0,0.0004
17.12.2014 00:16:19.967 GMT-0000,1977.4020000000003,1977.2920000000001,0,0.0004
17.12.2014 00:16:27.237 GMT-0000,1977.1000000000001,1977.01,0,0.0004
17.12.2014 00:16:28.250 GMT-0000,1977.115,1976.7810000000002,0,0.0004
17.12.2014 00:16:29.820 GMT-0000,1976.904,1976.795,0,0.0004
17.12.2014 00:17:48.748 GMT-0000,1977.2220000000002,1976.8970000000002,0,0.0019
17.12.2014 00:17:48.948 GMT-0000,1977.419,1976.969,0,0.0004
17.12.2014 00:17:50.751 GMT-0000,1977.1100000000001,1976.9920000000002,0,0.0004
17.12.2014 00:17:52.953 GMT-0000,1977.204,1976.986,0,0.0004
17.12.2014 00:17:55.746 GMT-0000,1977.434,1976.9650000000001,0,0.0004
17.12.2014 00:17:56.935 GMT-0000,1977.4070000000002,1977.299,0,0.0004
17.12.2014 00:18:21.153 GMT-0000,1977.6129999999998,1977.285,0,0.0004
17.12.2014 00:18:21.818 GMT-0000,1977.601,1977.4950000000001,0,0.0004
17.12.2014 00:18:22.856 GMT-0000,1977.505,1977.268,0,0.0004
17.12.2014 00:18:37.857 GMT-0000,1977.6070000000002,1977.4979999999998,0,0.0004
17.12.2014 00:18:42.100 GMT-0000,1977.528,1977.203,0,0.0004
17.12.2014 00:18:48.892 GMT-0000,1977.6100000000001,1977.493,0,0.0004
17.12.2014 00:18:49.172 GMT-0000,1977.525,1977.179,0,0.0004
17.12.2014 00:18:58.476 GMT-0000,1977.604,1977.494,0,0.0004
17.12.2014 00:19:00.636 GMT-0000,1977.504,1977.221,0,0.0004
17.12.2014 00:19:01.037 GMT-0000,1977.602,1977.4920000000002,0,0.0004
17.12.2014 00:19:02.596 GMT-0000,1977.518,1977.2120000000002,0,0.0004
17.12.2014 00:19:07.153 GMT-0000,1977.608,1977.493,0,0.0004
17.12.2014 00:19:17.648 GMT-0000,1977.816,1977.4850000000001,0,0.0004
17.12.2014 00:19:17.748 GMT-0000,1977.602,1977.4920000000002,0,0.0004
17.12.2014 00:19:37.103 GMT-0000,1977.514,1977.237,0,0.0004
17.12.2014 00:19:38.428 GMT-0000,1977.5120000000002,1977.296,0,0.0004
17.12.2014 00:19:40.173 GMT-0000,1977.6070000000002,1977.296,0,0.0004
17.12.2014 00:19:40.264 GMT-0000,1977.5110000000002,1977.296,0,0.0004
17.12.2014 00:19:41.566 GMT-0000,1977.629,1977.293,0,0.0004
17.12.2014 00:19:42.233 GMT-0000,1977.606,1977.497,0,0.0004
17.12.2014 00:19:45.022 GMT-0000,1977.514,1977.185,0,0.0004
17.12.2014 00:19:46.478 GMT-0000,1977.51,1977.294,0,0.0004
17.12.2014 00:19:57.381 GMT-0000,1977.4089999999999,1977.2970000000003,0,0.0004
17.12.2014 00:20:02.283 GMT-0000,1977.609,1977.276,0,0.0004
17.12.2014 00:20:03.936 GMT-0000,1977.606,1977.496,0,0.0004
17.12.2014 00:20:11.606 GMT-0000,1977.8170000000002,1977.487,0,0.0004
17.12.2014 00:20:11.706 GMT-0000,1977.925,1977.464,0,0.0004
17.12.2014 00:20:12.991 GMT-0000,1977.908,1977.7920000000001,0,0.0004
17.12.2014 00:20:22.539 GMT-0000,1978.006,1977.785,0,0.0004
17.12.2014 00:20:24.042 GMT-0000,1977.9089999999999,1977.7970000000003,0,0.0004
17.12.2014 00:20:26.447 GMT-0000,1978.018,1977.793,0,0.0004
17.12.2014 00:20:27.016 GMT-0000,1977.901,1977.796,0,0.0004
17.12.2014 00:20:36.659 GMT-0000,1978.018,1977.799,0,0.0004
17.12.2014 00:20:36.763 GMT-0000,1977.91,1977.794,0,0.0004
17.12.2014 00:20:46.507 GMT-0000,1978.0010000000002,1977.7839999999999,0,0.0004
17.12.2014 00:20:47.306 GMT-0000,1977.903,1977.799,0,0.0004
17.12.2014 00:20:52.688 GMT-0000,1977.601,1977.4920000000002,0,0.0004
17.12.2014 00:20:56.099 GMT-0000,1977.606,1977.499,0,0.0004
17.12.2014 00:21:25.322 GMT-0000,1977.519,1977.263,0,0.0004
17.12.2014 00:21:25.897 GMT-0000,1977.518,1977.2970000000003,0,0.0004
17.12.2014 00:21:28.604 GMT-0000,1977.7050000000002,1977.389,0,0.0019
17.12.2014 00:21:28.705 GMT-0000,1977.726,1977.265,0,0.0004
17.12.2014 00:21:29.106 GMT-0000,1977.6100000000001,1977.278,0,0.0004
17.12.2014 00:21:29.615 GMT-0000,1977.609,1977.4950000000001,0,0.0004
17.12.2014 00:21:30.108 GMT-0000,1977.8029999999999,1977.483,0,0.0004
17.12.2014 00:21:50.452 GMT-0000,1977.601,1977.499,0,0.0004
17.12.2014 00:21:50.546 GMT-0000,1977.8229999999999,1977.497,0,0.0004
17.12.2014 00:21:55.157 GMT-0000,1977.606,1977.4920000000002,0,0.0004
17.12.2014 00:21:55.359 GMT-0000,1977.505,1977.2810000000002,0,0.0004
17.12.2014 00:21:57.200 GMT-0000,1977.602,1977.276,0,0.0004
17.12.2014 00:21:58.275 GMT-0000,1977.515,1977.288,0,0.0004
17.12.2014 00:21:59.840 GMT-0000,1977.619,1977.2820000000002,0,0.0004
17.12.2014 00:22:00.642 GMT-0000,1977.51,1977.283,0,0.0004
17.12.2014 00:22:01.344 GMT-0000,1977.609,1977.283,0,0.0004
17.12.2014 00:22:01.499 GMT-0000,1977.609,1977.497,0,0.0004
17.12.2014 00:22:02.901 GMT-0000,1977.606,1977.392,0,0.0004
17.12.2014 00:22:04.438 GMT-0000,1977.6000000000001,1977.2970000000003,0,0.0004
17.12.2014 00:22:06.741 GMT-0000,1977.609,1977.499,0,0.0004
17.12.2014 00:22:14.256 GMT-0000,1977.8210000000001,1977.499,0,0.0004
17.12.2014 00:22:25.633 GMT-0000,1977.9379999999999,1977.47,0,0.0004
17.12.2014 00:22:26.623 GMT-0000,1977.9060000000002,1977.799,0,0.0004
17.12.2014 00:22:28.201 GMT-0000,1977.819,1977.49,0,0.0004
17.12.2014 00:22:30.390 GMT-0000,1977.824,1977.4850000000001,0,0.0004
17.12.2014 00:22:33.024 GMT-0000,1977.604,1977.4910000000002,0,0.0004
17.12.2014 00:22:35.462 GMT-0000,1977.618,1977.288,0,0.0004
17.12.2014 00:22:37.026 GMT-0000,1977.503,1977.286,0,0.0004
17.12.2014 00:22:47.547 GMT-0000,1977.601,1977.27,0,0.0004
17.12.2014 00:22:48.664 GMT-0000,1977.604,1977.4920000000002,0,0.0004
17.12.2014 00:22:50.066 GMT-0000,1977.6170000000002,1977.299,0,0.0004
17.12.2014 00:22:51.967 GMT-0000,1977.726,1977.28,0,0.0004
17.12.2014 00:22:53.071 GMT-0000,1977.8029999999999,1977.4779999999998,0,0.0004
17.12.2014 00:22:57.483 GMT-0000,1977.6000000000001,1977.497,0,0.0004
17.12.2014 00:22:57.985 GMT-0000,1977.5,1977.2420000000002,0,0.0004
17.12.2014 00:22:59.291 GMT-0000,1977.517,1977.3,0,0.0004
17.12.2014 00:23:00.789 GMT-0000,1977.612,1977.299,0,0.0004
17.12.2014 00:23:06.213 GMT-0000,1977.507,1977.2910000000002,0,0.0004
17.12.2014 00:24:22.047 GMT-0000,1977.41,1977.296,0,0.0004
17.12.2014 00:24:23.644 GMT-0000,1977.405,1976.9779999999998,0,0.0004
17.12.2014 00:24:31.646 GMT-0000,1977.109,1976.994,0,0.0004
17.12.2014 00:24:36.564 GMT-0000,1977.4379999999999,1976.9779999999998,0,0.0004
17.12.2014 00:24:41.402 GMT-0000,1977.109,1976.9950000000001,0,0.0004
17.12.2014 00:24:48.577 GMT-0000,1977.1070000000002,1976.788,0,0.0004
17.12.2014 00:24:52.388 GMT-0000,1977.1000000000001,1976.9910000000002,0,0.0004
17.12.2014 00:25:01.825 GMT-0000,1977.404,1976.987,0,0.0004
17.12.2014 00:25:06.778 GMT-0000,1977.516,1977.296,0,0.0004
17.12.2014 00:25:06.847 GMT-0000,1977.602,1977.294,0,0.0004
17.12.2014 00:25:12.407 GMT-0000,1977.504,1977.2820000000002,0,0.0004
17.12.2014 00:25:30.744 GMT-0000,1977.615,1977.275,0,0.0004
17.12.2014 00:25:33.247 GMT-0000,1977.4089999999999,1977.299,0,0.0004
17.12.2014 00:25:33.949 GMT-0000,1977.504,1977.289,0,0.0004
17.12.2014 00:25:36.731 GMT-0000,1977.628,1977.275,0,0.0004
17.12.2014 00:25:56.987 GMT-0000,1977.506,1977.286,0,0.0004
17.12.2014 00:25:57.562 GMT-0000,1977.602,1977.2870000000003,0,0.0004
17.12.2014 00:26:06.881 GMT-0000,1977.72,1977.39,0,0.0019
17.12.2014 00:26:10.916 GMT-0000,1977.9360000000001,1977.4779999999998,0,0.0004
17.12.2014 00:26:17.860 GMT-0000,1977.808,1977.4979999999998,0,0.0004
17.12.2014 00:26:21.499 GMT-0000,1977.605,1977.49,0,0.0004
17.12.2014 00:26:21.800 GMT-0000,1977.829,1977.499,0,0.0004
17.12.2014 00:26:22.401 GMT-0000,1977.919,1977.4750000000001,0,0.0004
17.12.2014 00:26:40.574 GMT-0000,1977.904,1977.694,0,0.0004
17.12.2014 00:26:42.741 GMT-0000,1978.026,1977.684,0,0.0004
17.12.2014 00:26:42.792 GMT-0000,1977.915,1977.4879999999998,0,0.0022
17.12.2014 00:26:43.774 GMT-0000,1978.0010000000002,1977.7820000000002,0,0.0004
17.12.2014 00:26:45.827 GMT-0000,1978.115,1977.796,0,0.0004
17.12.2014 00:26:56.433 GMT-0000,1978.224,1977.794,0,0.0022
17.12.2014 00:26:56.534 GMT-0000,1978.129,1977.7770000000003,0,0.0004
17.12.2014 00:27:18.363 GMT-0000,1978.2050000000002,1977.77,0,0.0022
17.12.2014 00:27:18.964 GMT-0000,1978.1160000000002,1977.776,0,0.0004
17.12.2014 00:27:25.574 GMT-0000,1978.204,1977.7910000000002,0,0.0022
17.12.2014 00:27:25.904 GMT-0000,1978.2020000000002,1977.8729999999998,0,0.0004
17.12.2014 00:27:26.880 GMT-0000,1978.214,1977.9910000000002,0,0.0004
17.12.2014 00:27:28.284 GMT-0000,1978.109,1977.773,0,0.0004
17.12.2014 00:27:47.067 GMT-0000,1978.224,1977.796,0,0.0022
17.12.2014 00:27:48.875 GMT-0000,1978.226,1977.8970000000002,0,0.0004
17.12.2014 00:27:51.181 GMT-0000,1978.217,1977.997,0,0.0004
17.12.2014 00:28:11.575 GMT-0000,1978.1000000000001,1977.993,0,0.0004
17.12.2014 00:28:13.482 GMT-0000,1978.118,1977.774,0,0.0004
17.12.2014 00:28:38.742 GMT-0000,1978.018,1977.788,0,0.0004
17.12.2014 00:28:39.844 GMT-0000,1978.1229999999998,1977.779,0,0.0004
17.12.2014 00:28:42.343 GMT-0000,1978.004,1977.7820000000002,0,0.0004
17.12.2014 00:28:42.643 GMT-0000,1978.108,1977.779,0,0.0004
17.12.2014 00:28:49.200 GMT-0000,1978.013,1977.7920000000001,0,0.0004
17.12.2014 00:28:54.500 GMT-0000,1977.9,1977.7910000000002,0,0.0004
17.12.2014 00:28:55.601 GMT-0000,1978.01,1977.7970000000003,0,0.0004
17.12.2014 00:28:55.652 GMT-0000,1977.9379999999999,1977.499,0,0.0022
17.12.2014 00:28:56.626 GMT-0000,1978.005,1977.7920000000001,0,0.0004
17.12.2014 00:29:04.761 GMT-0000,1977.908,1977.795,0,0.0004
17.12.2014 00:29:05.985 GMT-0000,1977.935,1977.481,0,0.0004
17.12.2014 00:29:13.557 GMT-0000,1978.016,1977.789,0,0.0004
17.12.2014 00:29:14.144 GMT-0000,1977.904,1977.794,0,0.0004
17.12.2014 00:29:14.644 GMT-0000,1978.015,1977.793,0,0.0004
17.12.2014 00:29:14.695 GMT-0000,1978.004,1977.681,0,0.0004
17.12.2014 00:29:18.840 GMT-0000,1977.9,1977.469,0,0.0022
17.12.2014 00:29:19.842 GMT-0000,1978.003,1977.7810000000002,0,0.0004
17.12.2014 00:29:19.942 GMT-0000,1978.109,1977.7720000000002,0,0.0004
17.12.2014 00:29:20.143 GMT-0000,1978.02,1977.793,0,0.0004
17.12.2014 00:29:21.148 GMT-0000,1978.114,1977.79,0,0.0004
17.12.2014 00:29:28.367 GMT-0000,1978.0010000000002,1977.8,0,0.0004
17.12.2014 00:29:29.469 GMT-0000,1978.101,1977.7710000000002,0,0.0004
17.12.2014 00:29:38.381 GMT-0000,1978.2179999999998,1977.764,0,0.0022
17.12.2014 00:29:38.692 GMT-0000,1978.203,1977.987,0,0.0004
17.12.2014 00:29:45.256 GMT-0000,1978.4170000000001,1977.999,0,0.0004
17.12.2014 00:29:57.095 GMT-0000,1978.4089999999999,1978.299,0,0.0004
17.12.2014 00:29:57.916 GMT-0000,1978.517,1978.295,0,0.0004
17.12.2014 00:29:59.913 GMT-0000,1978.4020000000003,1978.295,0,0.0004
17.12.2014 00:30:01.781 GMT-0000,1978.404,1977.97,0,0.0004
17.12.2014 00:30:15.176 GMT-0000,1978.51,1978.299,0,0.0004
17.12.2014 00:30:19.333 GMT-0000,1978.401,1978.293,0,0.0004
17.12.2014 00:30:22.406 GMT-0000,1978.41,1977.997,0,0.0004
17.12.2014 00:31:41.192 GMT-0000,1978.109,1977.9920000000002,0,0.0004
17.12.2014 00:31:41.355 GMT-0000,1978.108,1977.793,0,0.0004
17.12.2014 00:32:03.356 GMT-0000,1978.106,1977.997,0,0.0004
17.12.2014 00:32:04.609 GMT-0000,1978.2,1977.9820000000002,0,0.0004
17.12.2014 00:32:05.010 GMT-0000,1978.101,1977.99,0,0.0004
17.12.2014 00:32:06.061 GMT-0000,1978.105,1977.794,0,0.0004
17.12.2014 00:32:08.212 GMT-0000,1978.2220000000002,1977.878,0,0.0019
17.12.2014 00:32:10.170 GMT-0000,1978.4120000000003,1977.9820000000002,0,0.0004
17.12.2014 00:32:16.962 GMT-0000,1978.217,1977.9910000000002,0,0.0004
17.12.2014 00:32:31.719 GMT-0000,1978.4089999999999,1977.9750000000001,0,0.0004
17.12.2014 00:33:51.829 GMT-0000,1978.4120000000003,1978.1960000000001,0,0.0004
17.12.2014 00:33:52.831 GMT-0000,1978.43,1977.981,0,0.0004
17.12.2014 00:34:12.586 GMT-0000,1978.101,1977.9979999999998,0,0.0004
17.12.2014 00:34:13.180 GMT-0000,1978.128,1977.775,0,0.0004
17.12.2014 00:34:40.616 GMT-0000,1978.21,1977.875,0,0.0019
17.12.2014 00:34:41.966 GMT-0000,1978.4279999999999,1977.987,0,0.0004
17.12.2014 00:34:53.529 GMT-0000,1978.2020000000002,1977.987,0,0.0004
17.12.2014 00:34:57.233 GMT-0000,1978.408,1977.97,0,0.0004
17.12.2014 00:35:44.085 GMT-0000,1978.1000000000001,1977.9979999999998,0,0.0004
17.12.2014 00:35:44.387 GMT-0000,1978.4,1977.977,0,0.0004
17.12.2014 00:36:02.710 GMT-0000,1978.421,1978.0770000000002,0,0.0019
17.12.2014 00:36:02.810 GMT-0000,1978.4170000000001,1977.963,0,0.0004
17.12.2014 00:36:37.896 GMT-0000,1978.42,1978.095,0,0.0019
17.12.2014 00:37:01.385 GMT-0000,1978.4379999999999,1977.9679999999998,0,0.0022
17.12.2014 00:37:23.421 GMT-0000,1978.4089999999999,1978.0900000000001,0,0.0019
17.12.2014 00:37:24.770 GMT-0000,1978.601,1978.276,0,0.0004
17.12.2014 00:37:56.119 GMT-0000,1978.608,1978.496,0,0.0004
17.12.2014 00:37:56.169 GMT-0000,1978.8120000000001,1978.4850000000001,0,0.0004
17.12.2014 00:37:56.264 GMT-0000,1978.604,1978.499,0,0.0004
17.12.2014 00:38:26.016 GMT-0000,1978.4070000000002,1978.2,0,0.0004
17.12.2014 00:38:26.178 GMT-0000,1978.408,1978.2920000000001,0,0.0004
17.12.2014 00:38:28.804 GMT-0000,1978.6229999999998,1978.2710000000002,0,0.0004
17.12.2014 00:38:28.982 GMT-0000,1978.602,1978.499,0,0.0004
17.12.2014 00:38:30.106 GMT-0000,1978.5120000000002,1978.273,0,0.0004
17.12.2014 00:38:30.207 GMT-0000,1978.608,1978.4979999999998,0,0.0004
17.12.2014 00:38:31.709 GMT-0000,1978.4020000000003,1978.2839999999999,0,0.0004
17.12.2014 00:38:31.810 GMT-0000,1978.514,1978.268,0,0.0004
17.12.2014 00:38:32.369 GMT-0000,1978.505,1978.293,0,0.0004
17.12.2014 00:38:52.941 GMT-0000,1978.4060000000002,1978.294,0,0.0004
17.12.2014 00:39:05.454 GMT-0000,1978.516,1978.294,0,0.0004
17.12.2014 00:39:06.455 GMT-0000,1978.405,1978.296,0,0.0004
17.12.2014 00:39:13.262 GMT-0000,1978.602,1978.274,0,0.0004
17.12.2014 00:40:21.506 GMT-0000,1978.405,1978.095,0,0.0019
17.12.2014 00:40:24.044 GMT-0000,1978.405,1977.984,0,0.0004
17.12.2014 00:41:46.238 GMT-0000,1978.2050000000002,1977.885,0,0.0019
17.12.2014 00:41:50.943 GMT-0000,1978.404,1977.997,0,0.0004
17.12.2014 00:43:26.387 GMT-0000,1978.223,1977.898,0,0.0019
17.12.2014 00:44:10.520 GMT-0000,1978.0020000000002,1977.783,0,0.0004
17.12.2014 00:44:10.821 GMT-0000,1978.104,1977.796,0,0.0004
17.12.2014 00:44:11.122 GMT-0000,1978.21,1977.8960000000002,0,0.0019
17.12.2014 00:44:15.636 GMT-0000,1978.1160000000002,1977.795,0,0.0004
17.12.2014 00:44:17.435 GMT-0000,1978.223,1977.769,0,0.0022
17.12.2014 00:44:58.788 GMT-0000,1978.201,1978.094,0,0.0019
17.12.2014 00:44:58.988 GMT-0000,1978.2179999999998,1977.984,0,0.0019
17.12.2014 00:44:59.390 GMT-0000,1978.209,1978.099,0,0.0019
17.12.2014 00:45:00.190 GMT-0000,1978.629,1978.295,0,0.0004
17.12.2014 00:45:14.125 GMT-0000,1978.41,1978.296,0,0.0004
17.12.2014 00:45:21.823 GMT-0000,1978.105,1978.0220000000002,0,0.0004
17.12.2014 00:45:23.632 GMT-0000,1978.108,1977.9920000000002,0,0.0004
17.12.2014 00:45:36.841 GMT-0000,1978.204,1977.9850000000001,0,0.0004
17.12.2014 00:45:37.141 GMT-0000,1978.1000000000001,1977.994,0,0.0004
17.12.2014 00:45:50.757 GMT-0000,1978.4220000000003,1977.964,0,0.0004
17.12.2014 00:45:52.116 GMT-0000,1978.404,1978.3,0,0.0004
17.12.2014 00:45:53.771 GMT-0000,1978.519,1978.29,0,0.0004
17.12.2014 00:45:55.166 GMT-0000,1978.4070000000002,1978.295,0,0.0004
17.12.2014 00:45:55.266 GMT-0000,1978.614,1978.295,0,0.0004
17.12.2014 00:47:35.974 GMT-0000,1978.4,1978.299,0,0.0004
17.12.2014 00:47:54.793 GMT-0000,1978.504,1978.283,0,0.0004
17.12.2014 00:48:08.408 GMT-0000,1978.4089999999999,1978.2970000000003,0,0.0004
17.12.2014 00:48:19.319 GMT-0000,1978.504,1978.286,0,0.0004
17.12.2014 00:48:29.531 GMT-0000,1978.408,1978.299,0,0.0004
17.12.2014 00:48:30.933 GMT-0000,1978.505,1978.2920000000001,0,0.0004
17.12.2014 00:48:40.643 GMT-0000,1978.6070000000002,1978.2770000000003,0,0.0004
17.12.2014 00:49:12.471 GMT-0000,1978.606,1978.4979999999998,0,0.0004
17.12.2014 00:49:44.413 GMT-0000,1978.9020000000003,1978.474,0,0.0004
17.12.2014 00:49:47.921 GMT-0000,1978.9089999999999,1978.7970000000003,0,0.0004
17.12.2014 00:50:17.556 GMT-0000,1978.8029999999999,1978.5670000000002,0,0.0004
17.12.2014 00:50:18.435 GMT-0000,1978.809,1978.497,0,0.0004
17.12.2014 00:50:21.761 GMT-0000,1978.92,1978.4879999999998,0,0.0004
17.12.2014 00:50:21.862 GMT-0000,1978.8029999999999,1978.48,0,0.0004
17.12.2014 00:50:23.163 GMT-0000,1978.9360000000001,1978.4979999999998,0,0.0004
17.12.2014 00:50:27.622 GMT-0000,1978.904,1978.796,0,0.0004
17.12.2014 00:50:38.038 GMT-0000,1978.9320000000002,1978.48,0,0.0004
17.12.2014 00:51:31.504 GMT-0000,1978.911,1978.588,0,0.0019
17.12.2014 00:51:31.604 GMT-0000,1978.93,1978.48,0,0.0004
17.12.2014 00:51:31.705 GMT-0000,1978.8270000000002,1978.4979999999998,0,0.0004
17.12.2014 00:51:42.319 GMT-0000,1978.9070000000002,1978.4920000000002,0,0.0004
17.12.2014 00:51:44.322 GMT-0000,1978.828,1978.4879999999998,0,0.0004
17.12.2014 00:51:44.724 GMT-0000,1978.605,1978.4950000000001,0,0.0004
17.12.2014 00:51:45.302 GMT-0000,1978.611,1978.288,0,0.0004
17.12.2014 00:51:51.933 GMT-0000,1978.7120000000002,1978.2810000000002,0,0.0004
17.12.2014 00:51:52.537 GMT-0000,1978.8229999999999,1978.477,0,0.0004
17.12.2014 00:51:59.142 GMT-0000,1978.6000000000001,1978.49,0,0.0004
17.12.2014 00:52:01.538 GMT-0000,1978.6270000000002,1978.288,0,0.0004
17.12.2014 00:53:03.412 GMT-0000,1978.7220000000002,1978.28,0,0.0004
17.12.2014 00:53:03.952 GMT-0000,1978.6170000000002,1978.273,0,0.0004
17.12.2014 00:53:04.964 GMT-0000,1978.608,1978.496,0,0.0004
17.12.2014 00:53:08.819 GMT-0000,1978.819,1978.47,0,0.0004
17.12.2014 00:53:11.924 GMT-0000,1978.602,1978.49,0,0.0004
17.12.2014 00:54:03.193 GMT-0000,1978.915,1978.489,0,0.0004
17.12.2014 00:54:03.804 GMT-0000,1978.91,1978.799,0,0.0004
17.12.2014 00:54:17.450 GMT-0000,1978.911,1978.4779999999998,0,0.0004
17.12.2014 00:54:24.815 GMT-0000,1978.9120000000003,1978.683,0,0.0004
17.12.2014 00:54:28.676 GMT-0000,1978.904,1978.7920000000001,0,0.0004
17.12.2014 00:54:29.152 GMT-0000,1978.9,1978.487,0,0.0004
17.12.2014 00:54:32.057 GMT-0000,1978.9060000000002,1978.7920000000001,0,0.0004
17.12.2014 00:54:32.858 GMT-0000,1978.915,1978.48,0,0.0004
17.12.2014 00:54:58.168 GMT-0000,1978.609,1978.4950000000001,0,0.0004
17.12.2014 00:54:59.488 GMT-0000,1978.602,1978.2720000000002,0,0.0004
17.12.2014 00:55:02.379 GMT-0000,1978.7179999999998,1978.295,0,0.0004
17.12.2014 00:55:02.480 GMT-0000,1978.707,1978.378,0,0.0019
17.12.2014 00:55:04.067 GMT-0000,1978.9060000000002,1978.4720000000002,0,0.0004
17.12.2014 00:55:07.698 GMT-0000,1978.826,1978.471,0,0.0004
17.12.2014 00:55:13.608 GMT-0000,1978.901,1978.486,0,0.0004
17.12.2014 00:55:18.567 GMT-0000,1979.01,1978.78,0,0.0004
17.12.2014 00:55:21.224 GMT-0000,1978.9089999999999,1978.795,0,0.0004
17.12.2014 00:55:35.046 GMT-0000,1978.8,1978.496,0,0.0004
17.12.2014 00:55:36.789 GMT-0000,1978.814,1978.496,0,0.0004
17.12.2014 00:55:49.966 GMT-0000,1978.915,1978.479,0,0.0004
17.12.2014 00:55:51.252 GMT-0000,1979.007,1978.785,0,0.0004
17.12.2014 00:55:51.669 GMT-0000,1978.908,1978.793,0,0.0004
17.12.2014 00:55:55.075 GMT-0000,1978.8129999999999,1978.4750000000001,0,0.0004
17.12.2014 00:55:55.259 GMT-0000,1978.8170000000002,1978.48,0,0.0004
17.12.2014 00:56:05.094 GMT-0000,1978.9020000000003,1978.4750000000001,0,0.0022
17.12.2014 00:56:07.805 GMT-0000,1978.903,1978.7920000000001,0,0.0004
17.12.2014 00:56:21.923 GMT-0000,1979.1200000000001,1978.786,0,0.0004
17.12.2014 00:56:39.751 GMT-0000,1978.908,1978.8,0,0.0004
17.12.2014 00:56:46.196 GMT-0000,1978.904,1978.4779999999998,0,0.0004
17.12.2014 00:56:47.665 GMT-0000,1978.8029999999999,1978.4950000000001,0,0.0004
17.12.2014 00:56:50.769 GMT-0000,1978.604,1978.4910000000002,0,0.0004
17.12.2014 00:56:51.972 GMT-0000,1978.829,1978.47,0,0.0004
17.12.2014 00:56:52.023 GMT-0000,1978.7150000000001,1978.26,0,0.0004
17.12.2014 00:56:52.675 GMT-0000,1978.625,1978.294,0,0.0004
17.12.2014 00:56:52.877 GMT-0000,1978.736,1978.2970000000003,0,0.0004
17.12.2014 00:56:53.278 GMT-0000,1978.622,1978.2839999999999,0,0.0004
17.12.2014 00:56:53.641 GMT-0000,1978.6070000000002,1978.4920000000002,0,0.0004
17.12.2014 00:56:55.465 GMT-0000,1978.6260000000002,1978.276,0,0.0004
17.12.2014 00:56:58.039 GMT-0000,1978.7179999999998,1978.278,0,0.0004
17.12.2014 00:56:58.268 GMT-0000,1978.828,1978.481,0,0.0004
17.12.2014 00:57:00.743 GMT-0000,1978.9379999999999,1978.461,0,0.0004
17.12.2014 00:57:04.549 GMT-0000,1978.814,1978.493,0,0.0004
17.12.2014 00:57:05.557 GMT-0000,1978.6029999999998,1978.497,0,0.0004
17.12.2014 00:57:06.823 GMT-0000,1978.614,1978.29,0,0.0004
17.12.2014 00:57:17.199 GMT-0000,1978.717,1978.393,0,0.0019
17.12.2014 00:57:17.270 GMT-0000,1978.7060000000001,1978.275,0,0.0004
17.12.2014 00:57:17.471 GMT-0000,1978.6229999999998,1978.288,0,0.0004
17.12.2014 00:57:24.882 GMT-0000,1978.72,1978.295,0,0.0004
17.12.2014 00:57:25.483 GMT-0000,1978.6229999999998,1978.283,0,0.0004
17.12.2014 00:57:35.193 GMT-0000,1978.723,1978.267,0,0.0004
17.12.2014 00:57:37.091 GMT-0000,1978.818,1978.481,0,0.0004
17.12.2014 00:57:55.817 GMT-0000,1978.608,1978.499,0,0.0004
17.12.2014 00:57:56.806 GMT-0000,1978.6260000000002,1978.276,0,0.0004
17.12.2014 00:58:03.126 GMT-0000,1978.709,1978.264,0,0.0004
17.12.2014 00:58:03.716 GMT-0000,1978.8170000000002,1978.4720000000002,0,0.0004
17.12.2014 00:58:07.532 GMT-0000,1978.609,1978.494,0,0.0004
17.12.2014 00:58:09.110 GMT-0000,1978.612,1978.2920000000001,0,0.0004
17.12.2014 00:58:37.771 GMT-0000,1978.707,1978.285,0,0.0004
17.12.2014 00:58:38.726 GMT-0000,1978.829,1978.4879999999998,0,0.0004
17.12.2014 00:58:45.480 GMT-0000,1978.9370000000001,1978.4920000000002,0,0.0004
17.12.2014 00:58:51.995 GMT-0000,1978.6070000000002,1978.494,0,0.0004
17.12.2014 00:58:52.490 GMT-0000,1978.622,1978.2970000000003,0,0.0004
17.12.2014 00:59:02.504 GMT-0000,1978.7050000000002,1978.27,0,0.0004
17.12.2014 00:59:03.373 GMT-0000,1978.82,1978.499,0,0.0004
17.12.2014 00:59:17.524 GMT-0000,1978.606,1978.497,0,0.0004
17.12.2014 00:59:17.624 GMT-0000,1978.819,1978.4920000000002,0,0.0004
17.12.2014 00:59:53.362 GMT-0000,1978.6070000000002,1978.499,0,0.0004
17.12.2014 00:59:54.450 GMT-0000,1978.601,1978.275,0,0.0004
17.12.2014 01:00:00.385 GMT-0000,1978.701,1978.38,0,0.0019
17.12.2014 01:00:02.163 GMT-0000,1978.6070000000002,1978.275,0,0.0004
17.12.2014 01:00:04.591 GMT-0000,1978.7220000000002,1978.2620000000002,0,0.0004
17.12.2014 01:00:06.694 GMT-0000,1978.6160000000002,1978.2870000000003,0,0.0004
17.12.2014 01:00:17.328 GMT-0000,1978.403,1978.0910000000001,0,0.0019
17.12.2014 01:00:18.917 GMT-0000,1978.424,1977.977,0,0.0004
17.12.2014 01:00:28.430 GMT-0000,1978.408,1978.0829999999999,0,0.0019
17.12.2014 01:00:29.261 GMT-0000,1978.612,1978.285,0,0.0004
17.12.2014 01:00:30.135 GMT-0000,1978.504,1978.296,0,0.0004
17.12.2014 01:00:30.564 GMT-0000,1978.526,1978.195,0,0.0004
17.12.2014 01:00:30.636 GMT-0000,1978.6029999999998,1978.194,0,0.0004
17.12.2014 01:00:31.565 GMT-0000,1978.606,1978.2910000000002,0,0.0004
17.12.2014 01:01:08.090 GMT-0000,1978.405,1978.296,0,0.0004
17.12.2014 01:01:08.191 GMT-0000,1978.506,1978.2870000000003,0,0.0004
17.12.2014 01:01:14.298 GMT-0000,1978.629,1978.2839999999999,0,0.0004
17.12.2014 01:01:15.600 GMT-0000,1978.509,1978.2810000000002,0,0.0004
17.12.2014 01:01:16.300 GMT-0000,1978.6200000000001,1978.274,0,0.0004
17.12.2014 01:02:02.065 GMT-0000,1978.739,1978.294,0,0.0004
17.12.2014 01:02:02.229 GMT-0000,1978.815,1978.4979999999998,0,0.0004
17.12.2014 01:02:03.068 GMT-0000,1978.609,1978.4979999999998,0,0.0004
17.12.2014 01:02:03.169 GMT-0000,1978.8270000000002,1978.489,0,0.0004
17.12.2014 01:02:03.269 GMT-0000,1978.604,1978.497,0,0.0004
17.12.2014 01:02:03.370 GMT-0000,1978.8029999999999,1978.4950000000001,0,0.0004
17.12.2014 01:02:03.475 GMT-0000,1978.6100000000001,1978.497,0,0.0004
17.12.2014 01:02:04.230 GMT-0000,1978.609,1978.288,0,0.0004
17.12.2014 01:02:18.504 GMT-0000,1978.734,1978.29,0,0.0004
17.12.2014 01:02:18.655 GMT-0000,1978.805,1978.4950000000001,0,0.0004
17.12.2014 01:02:22.711 GMT-0000,1978.905,1978.4620000000002,0,0.0004
17.12.2014 01:02:28.519 GMT-0000,1978.6029999999998,1978.4920000000002,0,0.0004
17.12.2014 01:02:32.592 GMT-0000,1978.622,1978.2839999999999,0,0.0004
17.12.2014 01:02:41.344 GMT-0000,1978.736,1978.283,0,0.0004
17.12.2014 01:02:41.785 GMT-0000,1978.8110000000001,1978.494,0,0.0004
17.12.2014 01:02:51.964 GMT-0000,1978.911,1978.4720000000002,0,0.0004
17.12.2014 01:02:55.999 GMT-0000,1978.815,1978.4950000000001,0,0.0004
17.12.2014 01:02:57.770 GMT-0000,1978.606,1978.4920000000002,0,0.0004
17.12.2014 01:02:58.897 GMT-0000,1978.6229999999998,1978.2910000000002,0,0.0004
17.12.2014 01:03:08.994 GMT-0000,1978.7060000000001,1978.2839999999999,0,0.0004
17.12.2014 01:03:09.487 GMT-0000,1978.6260000000002,1978.2870000000003,0,0.0004
17.12.2014 01:03:45.345 GMT-0000,1978.4089999999999,1978.29,0,0.0004
17.12.2014 01:03:46.398 GMT-0000,1978.408,1977.9979999999998,0,0.0004
17.12.2014 01:03:51.965 GMT-0000,1978.419,1978.094,0,0.0019
17.12.2014 01:03:53.918 GMT-0000,1978.614,1978.283,0,0.0004
17.12.2014 01:04:24.209 GMT-0000,1978.734,1978.298,0,0.0004
17.12.2014 01:04:24.710 GMT-0000,1978.621,1978.2710000000002,0,0.0004
17.12.2014 01:05:26.331 GMT-0000,1978.514,1978.29,0,0.0004
17.12.2014 01:05:26.790 GMT-0000,1978.606,1978.285,0,0.0004
17.12.2014 01:07:26.142 GMT-0000,1978.4020000000003,1978.2970000000003,0,0.0004
17.12.2014 01:07:27.022 GMT-0000,1978.433,1977.9850000000001,0,0.0004
17.12.2014 01:07:44.777 GMT-0000,1978.4170000000001,1978.079,0,0.0019
17.12.2014 01:07:45.593 GMT-0000,1978.629,1978.2720000000002,0,0.0004
17.12.2014 01:08:33.904 GMT-0000,1978.408,1978.076,0,0.0019
17.12.2014 01:08:38.662 GMT-0000,1978.625,1978.275,0,0.0004
17.12.2014 01:09:08.692 GMT-0000,1978.7379999999998,1978.289,0,0.0004
17.12.2014 01:09:09.843 GMT-0000,1978.825,1978.4879999999998,0,0.0004
17.12.2014 01:09:12.297 GMT-0000,1978.903,1978.4920000000002,0,0.0004
17.12.2014 01:10:47.617 GMT-0000,1978.601,1978.4979999999998,0,0.0004
17.12.2014 01:10:48.413 GMT-0000,1978.6260000000002,1978.283,0,0.0004
17.12.2014 01:12:01.415 GMT-0000,1978.74,1978.2920000000001,0,0.0004
17.12.2014 01:12:06.653 GMT-0000,1978.701,1978.381,0,0.0019
17.12.2014 01:12:09.228 GMT-0000,1978.701,1978.296,0,0.0004
17.12.2014 01:12:13.135 GMT-0000,1978.601,1978.2839999999999,0,0.0004
17.12.2014 01:12:20.844 GMT-0000,1978.7350000000001,1978.263,0,0.0004
17.12.2014 01:12:23.848 GMT-0000,1978.622,1978.2839999999999,0,0.0004
17.12.2014 01:13:23.257 GMT-0000,1978.7060000000001,1978.3860000000002,0,0.0019
17.12.2014 01:13:27.817 GMT-0000,1978.7250000000001,1978.273,0,0.0004
17.12.2014 01:13:28.017 GMT-0000,1978.6200000000001,1978.285,0,0.0004
17.12.2014 01:13:47.740 GMT-0000,1978.717,1978.2970000000003,0,0.0004
17.12.2014 01:13:50.011 GMT-0000,1978.8020000000001,1978.369,0,0.0004
17.12.2014 01:13:58.595 GMT-0000,1978.919,1978.497,0,0.0004
17.12.2014 01:14:00.457 GMT-0000,1978.829,1978.477,0,0.0004
17.12.2014 01:14:08.067 GMT-0000,1978.601,1978.5,0,0.0004
17.12.2014 01:14:08.169 GMT-0000,1978.81,1978.494,0,0.0004
17.12.2014 01:14:09.776 GMT-0000,1978.919,1978.497,0,0.0004
17.12.2014 01:14:09.969 GMT-0000,1978.816,1978.473,0,0.0004
17.12.2014 01:14:20.986 GMT-0000,1978.929,1978.499,0,0.0004
17.12.2014 01:14:22.686 GMT-0000,1978.808,1978.4750000000001,0,0.0004
17.12.2014 01:14:24.864 GMT-0000,1978.71,1978.289,0,0.0004
17.12.2014 01:15:00.441 GMT-0000,1978.719,1978.393,0,0.0019
17.12.2014 01:15:02.232 GMT-0000,1978.935,1978.494,0,0.0004
17.12.2014 01:16:28.830 GMT-0000,1978.7279999999998,1978.3870000000002,0,0.0019
17.12.2014 01:16:30.661 GMT-0000,1978.92,1978.4979999999998,0,0.0004
17.12.2014 01:17:19.185 GMT-0000,1978.8170000000002,1978.473,0,0.0004
17.12.2014 01:17:19.286 GMT-0000,1978.923,1978.463,0,0.0004
17.12.2014 01:18:19.791 GMT-0000,1978.7079999999999,1978.389,0,0.0019
17.12.2014 01:18:24.897 GMT-0000,1978.904,1978.4679999999998,0,0.0004
17.12.2014 01:18:52.525 GMT-0000,1978.8270000000002,1978.392,0,0.0022
17.12.2014 01:18:56.705 GMT-0000,1978.933,1978.464,0,0.0004
17.12.2014 01:18:58.889 GMT-0000,1978.709,1978.3870000000002,0,0.0019
17.12.2014 01:18:59.491 GMT-0000,1978.825,1978.385,0,0.0022
17.12.2014 01:19:02.996 GMT-0000,1978.9020000000003,1978.4720000000002,0,0.0004
17.12.2014 01:20:03.556 GMT-0000,1978.908,1978.5870000000002,0,0.0019
17.12.2014 01:20:04.359 GMT-0000,1979.1229999999998,1978.794,0,0.0004
17.12.2014 01:20:12.036 GMT-0000,1978.9020000000003,1978.598,0,0.0019
17.12.2014 01:20:15.829 GMT-0000,1979.131,1978.683,0,0.0004
17.12.2014 01:20:20.022 GMT-0000,1979.101,1978.799,0,0.0004
17.12.2014 01:20:27.483 GMT-0000,1978.921,1978.598,0,0.0019
17.12.2014 01:20:38.706 GMT-0000,1978.924,1978.4720000000002,0,0.0004
17.12.2014 01:20:55.730 GMT-0000,1978.608,1978.4920000000002,0,0.0004
17.12.2014 01:20:57.045 GMT-0000,1978.629,1978.2770000000003,0,0.0004
17.12.2014 01:20:59.035 GMT-0000,1978.71,1978.263,0,0.0004
17.12.2014 01:21:05.144 GMT-0000,1978.709,1978.395,0,0.0019
17.12.2014 01:21:06.497 GMT-0000,1978.9360000000001,1978.4679999999998,0,0.0004
17.12.2014 01:22:17.943 GMT-0000,1978.9,1978.5810000000001,0,0.0019
17.12.2014 01:22:18.768 GMT-0000,1978.602,1978.4979999999998,0,0.0004
17.12.2014 01:22:19.048 GMT-0000,1978.828,1978.474,0,0.0004
17.12.2014 01:22:19.220 GMT-0000,1978.7160000000001,1978.264,0,0.0004
17.12.2014 01:22:26.062 GMT-0000,1978.629,1978.2970000000003,0,0.0004
17.12.2014 01:22:27.766 GMT-0000,1978.7150000000001,1978.275,0,0.0004
17.12.2014 01:22:32.775 GMT-0000,1978.6170000000002,1978.274,0,0.0004
17.12.2014 01:22:40.642 GMT-0000,1978.403,1978.075,0,0.0019
17.12.2014 01:22:50.703 GMT-0000,1978.4120000000003,1977.984,0,0.0022
17.12.2014 01:23:07.531 GMT-0000,1978.413,1978.096,0,0.0019
17.12.2014 01:23:07.631 GMT-0000,1978.4060000000002,1977.994,0,0.0022
17.12.2014 01:23:08.696 GMT-0000,1978.5020000000002,1978.296,0,0.0004
17.12.2014 01:23:09.334 GMT-0000,1978.612,1978.279,0,0.0004
17.12.2014 01:23:10.937 GMT-0000,1978.737,1978.274,0,0.0004
17.12.2014 01:23:12.040 GMT-0000,1978.606,1978.2810000000002,0,0.0004
17.12.2014 01:23:46.795 GMT-0000,1978.71,1978.267,0,0.0004
17.12.2014 01:23:47.933 GMT-0000,1978.8110000000001,1978.398,0,0.0004
17.12.2014 01:23:49.337 GMT-0000,1978.9060000000002,1978.4650000000001,0,0.0004
17.12.2014 01:23:51.206 GMT-0000,1978.609,1978.5,0,0.0004
17.12.2014 01:23:52.946 GMT-0000,1978.618,1978.286,0,0.0004
17.12.2014 01:24:42.053 GMT-0000,1978.4270000000001,1978.084,0,0.0019
17.12.2014 01:24:44.279 GMT-0000,1978.4279999999999,1977.993,0,0.0004
17.12.2014 01:25:13.022 GMT-0000,1978.411,1978.084,0,0.0019
17.12.2014 01:25:16.426 GMT-0000,1978.4270000000001,1977.994,0,0.0022
17.12.2014 01:25:47.846 GMT-0000,1978.401,1978.1820000000002,0,0.0004
17.12.2014 01:25:49.181 GMT-0000,1978.5110000000002,1978.1960000000001,0,0.0004
17.12.2014 01:25:51.664 GMT-0000,1978.435,1977.994,0,0.0022
17.12.2014 01:25:53.786 GMT-0000,1978.411,1978.0929999999998,0,0.0019
17.12.2014 01:25:55.169 GMT-0000,1978.6000000000001,1978.174,0,0.0004
17.12.2014 01:25:56.372 GMT-0000,1978.619,1978.29,0,0.0004
17.12.2014 01:26:01.586 GMT-0000,1978.6260000000002,1978.193,0,0.0004
17.12.2014 01:26:04.003 GMT-0000,1978.515,1978.1760000000002,0,0.0004
17.12.2014 01:26:06.448 GMT-0000,1978.403,1977.981,0,0.0022
17.12.2014 01:26:07.908 GMT-0000,1978.403,1978.089,0,0.0019
17.12.2014 01:26:08.411 GMT-0000,1978.418,1977.984,0,0.0004
17.12.2014 01:27:27.028 GMT-0000,1978.201,1977.874,0,0.0019
17.12.2014 01:27:47.123 GMT-0000,1978.4089999999999,1977.973,0,0.0004
17.12.2014 01:27:50.072 GMT-0000,1978.207,1977.878,0,0.0019
17.12.2014 01:27:53.967 GMT-0000,1978.237,1977.7839999999999,0,0.0022
17.12.2014 01:28:10.194 GMT-0000,1978.1200000000001,1977.7970000000003,0,0.0004
17.12.2014 01:28:12.412 GMT-0000,1978.239,1977.798,0.0022,0.0022
17.12.2014 01:28:12.801 GMT-0000,1978.109,1977.773,0,0.0004
17.12.2014 01:28:14.004 GMT-0000,1978.2150000000001,1977.885,0,0.0019
17.12.2014 01:28:15.453 GMT-0000,1978.433,1977.9779999999998,0,0.0004
17.12.2014 01:28:56.230 GMT-0000,1978.2120000000002,1977.8860000000002,0,0.0019
17.12.2014 01:28:58.735 GMT-0000,1978.419,1978,0,0.0004
17.12.2014 01:29:06.081 GMT-0000,1978.2179999999998,1977.99,0,0.0004
17.12.2014 01:29:09.387 GMT-0000,1978.439,1977.9720000000002,0,0.0004
17.12.2014 01:29:09.455 GMT-0000,1978.203,1977.8860000000002,0,0.0019
17.12.2014 01:29:13.695 GMT-0000,1978.23,1977.7620000000002,0,0.0022
17.12.2014 01:29:17.099 GMT-0000,1978.207,1977.8729999999998,0,0.0019
17.12.2014 01:29:17.487 GMT-0000,1978.415,1977.9879999999998,0,0.0004
17.12.2014 01:29:36.234 GMT-0000,1978.414,1978.0870000000002,0,0.0019
17.12.2014 01:29:36.863 GMT-0000,1978.625,1978.28,0,0.0004
17.12.2014 01:29:42.545 GMT-0000,1978.4089999999999,1978.29,0,0.0004
17.12.2014 01:29:44.130 GMT-0000,1978.433,1977.983,0,0.0004
17.12.2014 01:30:00.380 GMT-0000,1978.104,1977.999,0,0.0004
17.12.2014 01:30:00.848 GMT-0000,1978.101,1977.7910000000002,0,0.0004
17.12.2014 01:30:18.921 GMT-0000,1977.9070000000002,1977.8,0,0.0004
17.12.2014 01:30:19.022 GMT-0000,1978.015,1977.79,0,0.0004
17.12.2014 01:30:19.123 GMT-0000,1978.119,1977.785,0,0.0004
17.12.2014 01:30:34.152 GMT-0000,1978.2020000000002,1977.766,0,0.0022
17.12.2014 01:30:36.129 GMT-0000,1978.203,1977.9950000000001,0,0.0004
17.12.2014 01:30:37.058 GMT-0000,1978.108,1977.996,0,0.0004
17.12.2014 01:30:40.065 GMT-0000,1978.005,1977.75,0,0.0004
17.12.2014 01:30:40.213 GMT-0000,1978.016,1977.798,0,0.0004
17.12.2014 01:30:46.476 GMT-0000,1977.9060000000002,1977.796,0,0.0004
17.12.2014 01:30:49.801 GMT-0000,1977.933,1977.4679999999998,0,0.0004
17.12.2014 01:31:02.775 GMT-0000,1978.0010000000002,1977.7870000000003,0,0.0004
17.12.2014 01:31:05.007 GMT-0000,1977.9,1977.796,0,0.0004
17.12.2014 01:31:05.108 GMT-0000,1978.0010000000002,1977.798,0,0.0004
17.12.2014 01:31:05.909 GMT-0000,1978.106,1977.795,0,0.0004
17.12.2014 01:31:14.129 GMT-0000,1977.9060000000002,1977.8,0,0.0004
17.12.2014 01:31:14.386 GMT-0000,1977.923,1977.47,0,0.0004
17.12.2014 01:31:15.125 GMT-0000,1977.904,1977.5829999999999,0,0.0019
17.12.2014 01:31:15.753 GMT-0000,1978.109,1977.7910000000002,0,0.0004
17.12.2014 01:31:30.351 GMT-0000,1978.017,1977.786,0,0.0004
17.12.2014 01:31:31.053 GMT-0000,1977.9089999999999,1977.793,0,0.0004
17.12.2014 01:31:31.310 GMT-0000,1977.9089999999999,1977.4720000000002,0,0.0004
17.12.2014 01:31:46.479 GMT-0000,1977.903,1977.586,0,0.0019
17.12.2014 01:31:46.579 GMT-0000,1977.9070000000002,1977.4910000000002,0,0.0004
17.12.2014 01:31:57.102 GMT-0000,1977.901,1977.5770000000002,0,0.0019
17.12.2014 01:31:57.302 GMT-0000,1977.935,1977.493,0,0.0022
17.12.2014 01:32:00.209 GMT-0000,1977.919,1977.5910000000001,0,0.0019
17.12.2014 01:32:14.964 GMT-0000,1977.931,1977.496,0,0.0022
17.12.2014 01:33:57.859 GMT-0000,1977.709,1977.392,0,0.0019
17.12.2014 01:34:07.519 GMT-0000,1977.914,1977.463,0,0.0004
17.12.2014 01:35:17.466 GMT-0000,1977.924,1977.5870000000002,0,0.0019
17.12.2014 01:35:18.562 GMT-0000,1978.1200000000001,1977.774,0,0.0004
17.12.2014 01:35:19.071 GMT-0000,1978.209,1977.894,0,0.0019
17.12.2014 01:35:19.766 GMT-0000,1978.42,1977.981,0,0.0004
17.12.2014 01:35:32.397 GMT-0000,1978.109,1977.9920000000002,0,0.0004
17.12.2014 01:35:35.698 GMT-0000,1978.108,1977.778,0,0.0004
17.12.2014 01:36:12.765 GMT-0000,1978.224,1977.894,0,0.0019
17.12.2014 01:36:14.407 GMT-0000,1978.4320000000002,1977.994,0,0.0004
17.12.2014 01:36:38.006 GMT-0000,1978.4020000000003,1978.075,0,0.0019
17.12.2014 01:36:39.771 GMT-0000,1978.601,1978.2970000000003,0,0.0004
17.12.2014 01:37:29.785 GMT-0000,1978.505,1978.28,0,0.0004
17.12.2014 01:37:31.028 GMT-0000,1978.4320000000002,1977.963,0,0.0022
17.12.2014 01:38:11.463 GMT-0000,1978.1029999999998,1977.993,0,0.0004
17.12.2014 01:38:12.055 GMT-0000,1978.1160000000002,1977.799,0,0.0004
17.12.2014 01:38:14.160 GMT-0000,1977.9060000000002,1977.5829999999999,0,0.0019
17.12.2014 01:38:16.936 GMT-0000,1978.1100000000001,1977.79,0,0.0004
17.12.2014 01:38:41.966 GMT-0000,1977.923,1977.578,0,0.0019
17.12.2014 01:38:52.538 GMT-0000,1978.1029999999998,1977.783,0,0.0004
17.12.2014 01:38:54.497 GMT-0000,1977.914,1977.5870000000002,0,0.0019
17.12.2014 01:39:40.533 GMT-0000,1978.1129999999998,1977.789,0,0.0004
17.12.2014 01:39:44.332 GMT-0000,1978.014,1977.7839999999999,0,0.0004
17.12.2014 01:39:45.135 GMT-0000,1977.9020000000003,1977.7910000000002,0,0.0004
17.12.2014 01:39:46.080 GMT-0000,1977.9120000000003,1977.499,0,0.0004
17.12.2014 01:39:48.041 GMT-0000,1977.9279999999999,1977.585,0,0.0019
17.12.2014 01:39:52.023 GMT-0000,1978.124,1977.775,0,0.0004
17.12.2014 01:40:23.921 GMT-0000,1978.016,1977.785,0,0.0004
17.12.2014 01:40:28.239 GMT-0000,1977.9089999999999,1977.499,0,0.0022
17.12.2014 01:40:36.683 GMT-0000,1977.8210000000001,1977.3870000000002,0,0.0022
17.12.2014 01:40:39.199 GMT-0000,1977.729,1977.372,0,0.0019
17.12.2014 01:40:51.963 GMT-0000,1977.404,1977.29,0,0.0004
17.12.2014 01:40:55.412 GMT-0000,1977.403,1976.9910000000002,0,0.0004
17.12.2014 01:41:51.163 GMT-0000,1977.419,1977.084,0,0.0019
17.12.2014 01:41:51.556 GMT-0000,1977.618,1977.274,0,0.0004
17.12.2014 01:42:37.841 GMT-0000,1977.7120000000002,1977.286,0,0.0004
17.12.2014 01:42:41.448 GMT-0000,1977.6170000000002,1977.2810000000002,0,0.0004
17.12.2014 01:42:43.452 GMT-0000,1977.7150000000001,1977.265,0,0.0004
17.12.2014 01:43:08.791 GMT-0000,1977.7060000000001,1977.383,0,0.0019
17.12.2014 01:43:10.138 GMT-0000,1977.92,1977.484,0,0.0004
17.12.2014 01:43:14.918 GMT-0000,1977.8220000000001,1977.496,0,0.0004
17.12.2014 01:43:15.295 GMT-0000,1977.608,1977.4920000000002,0,0.0004
17.12.2014 01:43:15.787 GMT-0000,1977.615,1977.295,0,0.0004
17.12.2014 01:44:20.403 GMT-0000,1977.504,1977.296,0,0.0004
17.12.2014 01:44:20.604 GMT-0000,1977.6260000000002,1977.288,0,0.0004
17.12.2014 01:44:23.409 GMT-0000,1977.517,1977.293,0,0.0004
17.12.2014 01:44:24.533 GMT-0000,1977.408,1976.97,0,0.0022
17.12.2014 01:44:29.521 GMT-0000,1977.4270000000001,1977.0910000000001,0,0.0019
17.12.2014 01:44:30.847 GMT-0000,1977.606,1977.2970000000003,0,0.0004
17.12.2014 01:44:39.126 GMT-0000,1977.6000000000001,1977.4910000000002,0,0.0004
17.12.2014 01:44:48.961 GMT-0000,1977.939,1977.496,0,0.0004
17.12.2014 01:44:49.817 GMT-0000,1977.723,1977.388,0,0.0019
17.12.2014 01:44:54.545 GMT-0000,1977.9,1977.4950000000001,0,0.0004
17.12.2014 01:45:11.285 GMT-0000,1977.7150000000001,1977.374,0,0.0019
17.12.2014 01:45:11.612 GMT-0000,1977.514,1977.294,0,0.0004
17.12.2014 01:45:12.187 GMT-0000,1977.413,1976.999,0,0.0022
17.12.2014 01:45:39.971 GMT-0000,1977.401,1977.0800000000002,0,0.0019
17.12.2014 01:45:41.074 GMT-0000,1977.625,1977.274,0,0.0004
17.12.2014 01:45:48.287 GMT-0000,1977.7379999999998,1977.278,0,0.0004
17.12.2014 01:45:54.097 GMT-0000,1977.609,1977.2870000000003,0,0.0004
17.12.2014 01:45:54.599 GMT-0000,1977.7160000000001,1977.264,0,0.0004
17.12.2014 01:45:56.102 GMT-0000,1977.6029999999998,1977.275,0,0.0004
17.12.2014 01:46:05.816 GMT-0000,1977.7279999999998,1977.273,0,0.0004
17.12.2014 01:46:16.236 GMT-0000,1977.726,1977.374,0,0.0019
17.12.2014 01:46:17.429 GMT-0000,1977.9020000000003,1977.497,0,0.0004
17.12.2014 01:46:22.650 GMT-0000,1977.8129999999999,1977.5,0,0.0004
17.12.2014 01:46:25.973 GMT-0000,1977.714,1977.299,0,0.0004
17.12.2014 01:46:27.259 GMT-0000,1977.6160000000002,1977.275,0,0.0004
17.12.2014 01:47:02.914 GMT-0000,1977.704,1977.2920000000001,0,0.0004
17.12.2014 01:47:07.121 GMT-0000,1977.719,1977.388,0,0.0019
17.12.2014 01:47:07.819 GMT-0000,1977.9160000000002,1977.49,0,0.0004
17.12.2014 01:47:58.341 GMT-0000,1977.7250000000001,1977.389,0,0.0019
17.12.2014 01:48:01.522 GMT-0000,1977.6070000000002,1977.2720000000002,0,0.0004
17.12.2014 01:48:01.623 GMT-0000,1977.733,1977.278,0,0.0004
17.12.2014 01:48:02.025 GMT-0000,1977.624,1977.2910000000002,0,0.0004
17.12.2014 01:48:04.443 GMT-0000,1977.504,1977.2920000000001,0,0.0004
17.12.2014 01:48:05.562 GMT-0000,1977.4320000000002,1976.9979999999998,0,0.0022
17.12.2014 01:48:11.254 GMT-0000,1977.2150000000001,1976.9979999999998,0,0.0004
17.12.2014 01:48:11.356 GMT-0000,1977.434,1976.9650000000001,0,0.0004
17.12.2014 01:48:26.082 GMT-0000,1977.4,1977.096,0,0.0019
17.12.2014 01:48:26.584 GMT-0000,1977.41,1977.1970000000001,0,0.0019
17.12.2014 01:48:27.257 GMT-0000,1977.7,1977.293,0,0.0004
17.12.2014 01:48:31.096 GMT-0000,1977.724,1977.3870000000002,0,0.0019
17.12.2014 01:48:31.524 GMT-0000,1977.9279999999999,1977.481,0,0.0004
17.12.2014 01:48:34.203 GMT-0000,1977.8229999999999,1977.476,0,0.0004
17.12.2014 01:48:35.131 GMT-0000,1977.713,1977.263,0,0.0004
17.12.2014 01:48:38.814 GMT-0000,1977.609,1977.29,0,0.0004
17.12.2014 01:48:53.337 GMT-0000,1977.51,1977.288,0,0.0004
17.12.2014 01:48:53.912 GMT-0000,1977.404,1977.295,0,0.0004
17.12.2014 01:48:57.262 GMT-0000,1977.4120000000003,1976.9850000000001,0,0.0004
17.12.2014 01:50:10.778 GMT-0000,1977.419,1977.076,0,0.0019
17.12.2014 01:50:12.028 GMT-0000,1977.6100000000001,1977.293,0,0.0004
17.12.2014 01:50:39.327 GMT-0000,1977.507,1977.299,0,0.0004
17.12.2014 01:50:40.630 GMT-0000,1977.6100000000001,1977.274,0,0.0004
17.12.2014 01:51:29.412 GMT-0000,1977.408,1977.293,0,0.0004
17.12.2014 01:51:30.541 GMT-0000,1977.4089999999999,1976.9620000000002,0,0.0004
17.12.2014 01:51:58.664 GMT-0000,1977.41,1977.078,0,0.0019
17.12.2014 01:51:59.369 GMT-0000,1977.414,1977.1870000000001,0,0.0019
17.12.2014 01:52:03.062 GMT-0000,1977.737,1977.279,0,0.0004
17.12.2014 01:52:04.174 GMT-0000,1977.6129999999998,1977.2870000000003,0,0.0004
17.12.2014 01:52:04.876 GMT-0000,1977.723,1977.391,0,0.0019
17.12.2014 01:52:05.584 GMT-0000,1977.92,1977.464,0,0.0004
17.12.2014 01:53:43.040 GMT-0000,1977.8270000000002,1977.494,0,0.0004
17.12.2014 01:53:44.200 GMT-0000,1977.7320000000002,1977.275,0,0.0004
17.12.2014 01:53:46.247 GMT-0000,1977.621,1977.274,0,0.0004
17.12.2014 01:53:57.867 GMT-0000,1977.7020000000002,1977.288,0,0.0004
17.12.2014 01:53:59.747 GMT-0000,1977.82,1977.399,0,0.0004
17.12.2014 01:54:02.251 GMT-0000,1977.9120000000003,1977.464,0,0.0004
17.12.2014 01:54:34.030 GMT-0000,1977.913,1977.579,0,0.0019
17.12.2014 01:54:34.152 GMT-0000,1977.9370000000001,1977.4879999999998,0,0.0022
17.12.2014 01:56:32.118 GMT-0000,1977.901,1977.576,0,0.0019
17.12.2014 01:56:34.897 GMT-0000,1978.1070000000002,1977.794,0,0.0004
17.12.2014 01:57:12.735 GMT-0000,1978.2279999999998,1977.898,0,0.0019
17.12.2014 01:57:13.282 GMT-0000,1978.4170000000001,1977.997,0,0.0004
17.12.2014 01:57:14.794 GMT-0000,1978.408,1978.0929999999998,0,0.0019
17.12.2014 01:57:15.388 GMT-0000,1978.6200000000001,1978.299,0,0.0004
17.12.2014 01:57:16.397 GMT-0000,1978.739,1978.285,0,0.0004
17.12.2014 01:57:21.510 GMT-0000,1978.7150000000001,1978.375,0,0.0019
17.12.2014 01:57:22.549 GMT-0000,1978.92,1978.4910000000002,0,0.0004
17.12.2014 01:57:43.549 GMT-0000,1978.6029999999998,1978.4950000000001,0,0.0004
17.12.2014 01:57:45.935 GMT-0000,1978.606,1978.3,0,0.0004
17.12.2014 01:59:48.154 GMT-0000,1978.4,1978.29,0,0.0004
17.12.2014 01:59:48.652 GMT-0000,1978.2079999999999,1978.0110000000002,0,0.0004
17.12.2014 01:59:48.754 GMT-0000,1978.1070000000002,1978.019,0,0.0004
17.12.2014 01:59:49.096 GMT-0000,1978.1270000000002,1977.786,0,0.0004
17.12.2014 02:00:02.882 GMT-0000,1978.22,1977.879,0,0.0019
17.12.2014 02:00:03.585 GMT-0000,1978.2079999999999,1977.999,0,0.0019
17.12.2014 02:00:04.687 GMT-0000,1978.22,1977.898,0,0.0019
17.12.2014 02:00:06.628 GMT-0000,1978.4120000000003,1977.9920000000002,0,0.0004
17.12.2014 02:00:10.800 GMT-0000,1978.207,1977.99,0,0.0004
17.12.2014 02:00:12.339 GMT-0000,1978.2279999999998,1977.8760000000002,0,0.0004
17.12.2014 02:00:15.411 GMT-0000,1978.319,1978.095,0,0.0019
17.12.2014 02:00:16.447 GMT-0000,1978.602,1978.288,0,0.0004
17.12.2014 02:00:18.826 GMT-0000,1978.4,1978.294,0,0.0004
17.12.2014 02:00:21.057 GMT-0000,1978.423,1977.999,0,0.0004
17.12.2014 02:00:42.655 GMT-0000,1978.413,1978.082,0,0.0019
17.12.2014 02:00:46.416 GMT-0000,1978.614,1978.278,0,0.0004
17.12.2014 02:00:46.956 GMT-0000,1978.513,1978.294,0,0.0004
17.12.2014 02:00:52.703 GMT-0000,1978.4070000000002,1977.983,0,0.0022
17.12.2014 02:01:31.123 GMT-0000,1978.4089999999999,1978.07,0,0.0019
17.12.2014 02:01:31.760 GMT-0000,1978.628,1978.28,0,0.0004
17.12.2014 02:02:12.582 GMT-0000,1978.7060000000001,1978.394,0,0.0019
17.12.2014 02:02:13.715 GMT-0000,1978.9370000000001,1978.494,0,0.0004
17.12.2014 02:02:36.821 GMT-0000,1978.918,1978.575,0,0.0019
17.12.2014 02:02:37.651 GMT-0000,1979.1170000000002,1978.7970000000003,0,0.0004
17.12.2014 02:03:08.668 GMT-0000,1979.008,1978.7910000000002,0,0.0004
17.12.2014 02:03:09.287 GMT-0000,1978.903,1978.7910000000002,0,0.0004
17.12.2014 02:03:09.571 GMT-0000,1979.008,1978.795,0,0.0004
17.12.2014 02:03:10.001 GMT-0000,1978.914,1978.4779999999998,0,0.0022
17.12.2014 02:04:15.059 GMT-0000,1978.924,1978.599,0,0.0019
17.12.2014 02:04:17.694 GMT-0000,1979.114,1978.786,0,0.0004
17.12.2014 02:04:28.233 GMT-0000,1978.903,1978.798,0,0.0004
17.12.2014 02:04:28.283 GMT-0000,1978.9,1978.4720000000002,0,0.0004
17.12.2014 02:04:40.731 GMT-0000,1978.726,1978.384,0,0.0019
17.12.2014 02:04:46.140 GMT-0000,1978.839,1978.388,0,0.0022
17.12.2014 02:04:48.245 GMT-0000,1978.717,1978.392,0,0.0019
17.12.2014 02:04:48.813 GMT-0000,1978.7,1978.2970000000003,0,0.0004
17.12.2014 02:04:48.914 GMT-0000,1978.6070000000002,1978.2870000000003,0,0.0004
17.12.2014 02:04:50.215 GMT-0000,1978.709,1978.265,0,0.0004
17.12.2014 02:04:56.823 GMT-0000,1978.7060000000001,1978.598,0,0.0019
17.12.2014 02:04:57.860 GMT-0000,1979.13,1978.7910000000002,0,0.0004
17.12.2014 02:05:10.144 GMT-0000,1979.2179999999998,1978.8729999999998,0,0.0019
17.12.2014 02:05:18.494 GMT-0000,1979.41,1978.994,0,0.0004
17.12.2014 02:05:40.884 GMT-0000,1979.424,1979.0870000000002,0,0.0019
17.12.2014 02:05:40.984 GMT-0000,1979.4120000000003,1978.964,0,0.0022
17.12.2014 02:05:41.084 GMT-0000,1979.425,1979.0800000000002,0,0.0019
17.12.2014 02:05:45.791 GMT-0000,1979.405,1978.9979999999998,0,0.0022
17.12.2014 02:05:58.768 GMT-0000,1979.403,1979.0800000000002,0,0.0019
17.12.2014 02:05:59.269 GMT-0000,1979.421,1978.979,0,0.0022
17.12.2014 02:06:00.973 GMT-0000,1979.41,1979.086,0,0.0019
17.12.2014 02:06:02.263 GMT-0000,1979.6170000000002,1979.298,0,0.0004
17.12.2014 02:06:13.482 GMT-0000,1979.425,1979.075,0,0.0019
17.12.2014 02:06:13.532 GMT-0000,1979.404,1978.9979999999998,0,0.0022
17.12.2014 02:06:30.517 GMT-0000,1979.4060000000002,1979.0900000000001,0,0.0019
17.12.2014 02:06:32.213 GMT-0000,1979.624,1979.27,0,0.0004
17.12.2014 02:06:37.213 GMT-0000,1979.7060000000001,1979.2710000000002,0,0.0004
17.12.2014 02:06:48.944 GMT-0000,1979.622,1979.2870000000003,0,0.0004
17.12.2014 02:06:58.658 GMT-0000,1979.513,1979.283,0,0.0004
17.12.2014 02:06:59.261 GMT-0000,1979.423,1978.999,0,0.0022
17.12.2014 02:07:14.292 GMT-0000,1979.214,1978.999,0,0.0004
17.12.2014 02:07:15.082 GMT-0000,1979.43,1978.971,0,0.0004
17.12.2014 02:07:15.180 GMT-0000,1979.2279999999998,1978.88,0,0.0019
17.12.2014 02:07:17.886 GMT-0000,1979.219,1978.779,0,0.0022
17.12.2014 02:07:22.092 GMT-0000,1979.223,1978.878,0,0.0019
17.12.2014 02:07:22.594 GMT-0000,1979.22,1978.986,0,0.0019
17.12.2014 02:07:23.395 GMT-0000,1979.4,1978.973,0,0.0022
17.12.2014 02:07:34.212 GMT-0000,1979.2079999999999,1978.999,0,0.0004
17.12.2014 02:07:35.116 GMT-0000,1979.214,1978.78,0,0.0022
17.12.2014 02:07:43.826 GMT-0000,1979.1029999999998,1978.793,0,0.0004
17.12.2014 02:07:48.241 GMT-0000,1979.217,1978.898,0,0.0019
17.12.2014 02:08:00.047 GMT-0000,1978.908,1978.796,0,0.0004
17.12.2014 02:08:01.654 GMT-0000,1978.9220000000003,1978.4850000000001,0,0.0004
17.12.2014 02:08:45.908 GMT-0000,1978.602,1978.496,0,0.0004
17.12.2014 02:08:46.718 GMT-0000,1978.6129999999998,1978.299,0,0.0004
17.12.2014 02:08:52.617 GMT-0000,1978.717,1978.274,0,0.0004
17.12.2014 02:08:55.222 GMT-0000,1978.73,1978.378,0,0.0019
17.12.2014 02:09:16.060 GMT-0000,1978.601,1978.2970000000003,0,0.0004
17.12.2014 02:09:22.863 GMT-0000,1978.7020000000002,1978.2839999999999,0,0.0004
17.12.2014 02:09:32.681 GMT-0000,1978.63,1978.286,0,0.0004
17.12.2014 02:09:33.082 GMT-0000,1978.717,1978.288,0,0.0004
17.12.2014 02:09:37.390 GMT-0000,1978.628,1978.288,0,0.0004
17.12.2014 02:09:54.716 GMT-0000,1978.513,1978.2839999999999,0,0.0004
17.12.2014 02:09:55.226 GMT-0000,1978.4020000000003,1977.974,0,0.0022
17.12.2014 02:10:01.424 GMT-0000,1978.4,1978.095,0,0.0019
17.12.2014 02:10:02.329 GMT-0000,1978.4060000000002,1978.1860000000001,0,0.0019
17.12.2014 02:10:03.039 GMT-0000,1978.719,1978.29,0,0.0004
17.12.2014 02:10:03.257 GMT-0000,1978.7179999999998,1978.3960000000002,0,0.0019
17.12.2014 02:10:05.344 GMT-0000,1978.9060000000002,1978.4620000000002,0,0.0004
17.12.2014 02:10:18.756 GMT-0000,1978.819,1978.4720000000002,0,0.0004
17.12.2014 02:10:19.257 GMT-0000,1978.92,1978.463,0,0.0004
17.12.2014 02:10:21.268 GMT-0000,1978.719,1978.3770000000002,0,0.0019
17.12.2014 02:10:23.024 GMT-0000,1978.931,1978.499,0,0.0004
17.12.2014 02:10:23.075 GMT-0000,1978.816,1978.486,0,0.0004
17.12.2014 02:10:23.295 GMT-0000,1978.934,1978.487,0,0.0004
17.12.2014 02:10:24.674 GMT-0000,1978.727,1978.379,0,0.0019
17.12.2014 02:10:35.881 GMT-0000,1978.709,1978.2770000000003,0,0.0004
17.12.2014 02:10:38.088 GMT-0000,1978.519,1978.2810000000002,0,0.0004
17.12.2014 02:10:38.198 GMT-0000,1978.4060000000002,1977.989,0,0.0022
17.12.2014 02:10:44.700 GMT-0000,1978.418,1978.086,0,0.0019
17.12.2014 02:10:53.755 GMT-0000,1978.408,1978.1870000000001,0,0.0019
17.12.2014 02:10:54.065 GMT-0000,1978.703,1978.2820000000002,0,0.0004
17.12.2014 02:10:54.115 GMT-0000,1978.6070000000002,1978.273,0,0.0004
17.12.2014 02:11:20.445 GMT-0000,1978.7150000000001,1978.295,0,0.0004
17.12.2014 02:11:21.846 GMT-0000,1978.6160000000002,1978.294,0,0.0004
17.12.2014 02:11:22.147 GMT-0000,1978.734,1978.296,0,0.0004
17.12.2014 02:11:24.753 GMT-0000,1978.6270000000002,1978.28,0,0.0004
17.12.2014 02:11:24.854 GMT-0000,1978.723,1978.296,0,0.0004
17.12.2014 02:11:51.892 GMT-0000,1978.7020000000002,1978.3770000000002,0,0.0019
17.12.2014 02:11:53.101 GMT-0000,1978.9260000000002,1978.4879999999998,0,0.0004
17.12.2014 02:12:02.610 GMT-0000,1978.818,1978.4820000000002,0,0.0004
17.12.2014 02:12:03.213 GMT-0000,1978.604,1978.4920000000002,0,0.0004
17.12.2014 02:12:03.916 GMT-0000,1978.601,1978.288,0,0.0004
17.12.2014 02:12:19.332 GMT-0000,1978.7379999999998,1978.28,0,0.0004
17.12.2014 02:12:20.735 GMT-0000,1978.6229999999998,1978.288,0,0.0004
17.12.2014 02:12:36.858 GMT-0000,1978.503,1978.283,0,0.0004
17.12.2014 02:12:37.805 GMT-0000,1978.42,1977.996,0,0.0022
17.12.2014 02:12:51.680 GMT-0000,1978.4279999999999,1978.082,0,0.0019
17.12.2014 02:12:52.834 GMT-0000,1978.621,1978.273,0,0.0004
17.12.2014 02:13:19.027 GMT-0000,1978.404,1978.096,0,0.0019
17.12.2014 02:13:37.054 GMT-0000,1978.622,1978.2920000000001,0,0.0004
17.12.2014 02:14:22.222 GMT-0000,1978.4270000000001,1978.099,0,0.0019
17.12.2014 02:14:57.163 GMT-0000,1978.4070000000002,1978.1870000000001,0,0.0019
17.12.2014 02:14:57.681 GMT-0000,1978.737,1978.289,0,0.0004
17.12.2014 02:14:59.048 GMT-0000,1978.701,1978.375,0,0.0019
17.12.2014 02:15:00.272 GMT-0000,1978.6160000000002,1978.2910000000002,0,0.0004
17.12.2014 02:15:00.372 GMT-0000,1978.7379999999998,1978.275,0,0.0004
17.12.2014 02:15:04.090 GMT-0000,1978.6129999999998,1978.27,0,0.0004
17.12.2014 02:15:04.681 GMT-0000,1978.713,1978.2970000000003,0,0.0004
17.12.2014 02:15:35.329 GMT-0000,1978.609,1978.29,0,0.0004
17.12.2014 02:15:36.548 GMT-0000,1978.424,1978.0729999999999,0,0.0019
17.12.2014 02:15:37.933 GMT-0000,1978.431,1977.993,0,0.0022
17.12.2014 02:15:59.271 GMT-0000,1978.213,1977.9920000000002,0,0.0004
17.12.2014 02:15:59.486 GMT-0000,1978.201,1977.764,0,0.0022
17.12.2014 02:16:11.694 GMT-0000,1978.1260000000002,1977.773,0,0.0004
17.12.2014 02:16:20.019 GMT-0000,1977.908,1977.5910000000001,0,0.0019
17.12.2014 02:16:27.930 GMT-0000,1978.13,1977.775,0,0.0004
17.12.2014 02:16:35.242 GMT-0000,1977.918,1977.574,0,0.0019
17.12.2014 02:16:36.545 GMT-0000,1978.106,1977.7710000000002,0,0.0004
17.12.2014 02:16:45.360 GMT-0000,1978.1160000000002,1977.6620000000003,0,0.0004
17.12.2014 02:16:46.863 GMT-0000,1977.9020000000003,1977.594,0,0.0019
17.12.2014 02:16:52.558 GMT-0000,1977.93,1977.4660000000001,0,0.0004
17.12.2014 02:16:59.777 GMT-0000,1977.82,1977.471,0,0.0004
17.12.2014 02:17:00.272 GMT-0000,1977.601,1977.497,0,0.0004
17.12.2014 02:17:00.873 GMT-0000,1977.8,1977.479,0,0.0004
17.12.2014 02:17:01.086 GMT-0000,1977.734,1977.278,0,0.0004
17.12.2014 02:17:03.376 GMT-0000,1977.6160000000002,1977.29,0,0.0004
17.12.2014 02:17:12.422 GMT-0000,1977.7350000000001,1977.269,0,0.0004
17.12.2014 02:17:15.628 GMT-0000,1977.625,1977.2870000000003,0,0.0004
17.12.2014 02:17:15.729 GMT-0000,1977.7220000000002,1977.2839999999999,0,0.0004
17.12.2014 02:17:26.549 GMT-0000,1977.6070000000002,1977.296,0,0.0004
17.12.2014 02:17:27.872 GMT-0000,1977.713,1977.266,0,0.0004
17.12.2014 02:17:58.694 GMT-0000,1977.63,1977.2710000000002,0,0.0004
17.12.2014 02:18:06.837 GMT-0000,1977.5020000000002,1977.295,0,0.0004
17.12.2014 02:18:08.990 GMT-0000,1977.4089999999999,1976.99,0,0.0022
17.12.2014 02:18:09.511 GMT-0000,1977.415,1977.0910000000001,0,0.0019
17.12.2014 02:18:10.494 GMT-0000,1977.622,1977.293,0,0.0004
17.12.2014 02:18:13.619 GMT-0000,1977.515,1977.285,0,0.0004
17.12.2014 02:18:15.403 GMT-0000,1977.4160000000002,1976.9979999999998,0,0.0022
17.12.2014 02:18:46.174 GMT-0000,1977.425,1977.075,0,0.0019
17.12.2014 02:18:46.976 GMT-0000,1977.4160000000002,1977.18,0,0.0019
17.12.2014 02:18:47.195 GMT-0000,1977.729,1977.2810000000002,0,0.0004
17.12.2014 02:18:56.789 GMT-0000,1977.727,1977.388,0,0.0019
17.12.2014 02:18:59.203 GMT-0000,1977.9320000000002,1977.4820000000002,0,0.0004
17.12.2014 02:20:06.686 GMT-0000,1977.8210000000001,1977.4920000000002,0,0.0004
17.12.2014 02:20:07.081 GMT-0000,1977.601,1977.4920000000002,0,0.0004
17.12.2014 02:20:09.372 GMT-0000,1977.601,1977.289,0,0.0004
17.12.2014 02:20:09.423 GMT-0000,1977.7150000000001,1977.299,0,0.0004
17.12.2014 02:20:11.887 GMT-0000,1977.606,1977.28,0,0.0004
17.12.2014 02:20:11.987 GMT-0000,1977.703,1977.267,0,0.0004
17.12.2014 02:20:24.405 GMT-0000,1977.703,1977.3870000000002,0,0.0019
17.12.2014 02:20:33.716 GMT-0000,1977.73,1977.269,0,0.0004
17.12.2014 02:20:56.048 GMT-0000,1977.727,1977.374,0,0.0019
17.12.2014 02:20:59.455 GMT-0000,1977.9470000000001,1977.899,0,0.0019
17.12.2014 02:21:01.046 GMT-0000,1978.22,1977.9,0,0.0019
17.12.2014 02:21:04.851 GMT-0000,1978.4320000000002,1977.961,0,0.0004
17.12.2014 02:21:16.369 GMT-0000,1978.2060000000001,1977.8860000000002,0,0.0019
17.12.2014 02:21:29.534 GMT-0000,1978.207,1977.779,0,0.0022
17.12.2014 02:22:17.604 GMT-0000,1978.221,1977.8860000000002,0,0.0019
17.12.2014 02:22:19.266 GMT-0000,1978.21,1977.766,0,0.0022
17.12.2014 02:22:25.575 GMT-0000,1978.217,1977.88,0,0.0019
17.12.2014 02:22:26.661 GMT-0000,1978.3110000000001,1977.8960000000002,0,0.0022
17.12.2014 02:22:27.964 GMT-0000,1978.435,1977.969,0,0.0004
17.12.2014 02:22:56.128 GMT-0000,1978.42,1978.074,0,0.0019
17.12.2014 02:22:57.609 GMT-0000,1978.614,1978.2810000000002,0,0.0004
17.12.2014 02:22:58.043 GMT-0000,1978.508,1978.295,0,0.0004
17.12.2014 02:22:59.112 GMT-0000,1978.403,1977.9820000000002,0,0.0022
17.12.2014 02:23:37.011 GMT-0000,1978.415,1978.076,0,0.0019
17.12.2014 02:23:38.164 GMT-0000,1978.622,1978.2810000000002,0,0.0004
17.12.2014 02:23:39.768 GMT-0000,1978.605,1978.184,0,0.0004
17.12.2014 02:23:39.818 GMT-0000,1978.5220000000002,1978.181,0,0.0004
17.12.2014 02:23:40.970 GMT-0000,1978.4070000000002,1977.9850000000001,0,0.0022
17.12.2014 02:24:03.622 GMT-0000,1978.419,1978.0710000000001,0,0.0019
17.12.2014 02:24:03.723 GMT-0000,1978.439,1977.977,0,0.0022
17.12.2014 02:24:08.630 GMT-0000,1978.4060000000002,1978.094,0,0.0019
17.12.2014 02:24:08.730 GMT-0000,1978.425,1977.979,0,0.0022
17.12.2014 02:26:12.693 GMT-0000,1978.411,1978.0870000000002,0,0.0019
17.12.2014 02:26:19.375 GMT-0000,1978.609,1978.289,0,0.0004
17.12.2014 02:26:28.618 GMT-0000,1978.7120000000002,1978.394,0,0.0019
17.12.2014 02:26:28.718 GMT-0000,1978.723,1978.296,0,0.0004
17.12.2014 02:26:33.224 GMT-0000,1978.7050000000002,1978.398,0,0.0019
17.12.2014 02:26:37.104 GMT-0000,1978.925,1978.4779999999998,0,0.0004
17.12.2014 02:27:05.668 GMT-0000,1978.604,1978.4920000000002,0,0.0004
17.12.2014 02:27:05.946 GMT-0000,1978.601,1978.275,0,0.0004
17.12.2014 02:27:07.572 GMT-0000,1978.505,1978.2810000000002,0,0.0004
17.12.2014 02:27:08.650 GMT-0000,1978.4089999999999,1977.99,0,0.0022
17.12.2014 02:27:08.701 GMT-0000,1978.4260000000002,1978.0910000000001,0,0.0019
17.12.2014 02:27:08.882 GMT-0000,1978.401,1977.9979999999998,0,0.0022
17.12.2014 02:27:46.228 GMT-0000,1978.2079999999999,1977.9879999999998,0,0.0004
17.12.2014 02:27:47.602 GMT-0000,1978.221,1977.767,0,0.0022
17.12.2014 02:27:49.027 GMT-0000,1978.203,1977.875,0,0.0019
17.12.2014 02:27:58.547 GMT-0000,1978.4060000000002,1977.9979999999998,0,0.0004
17.12.2014 02:28:12.355 GMT-0000,1978.201,1977.9979999999998,0,0.0004
17.12.2014 02:28:12.634 GMT-0000,1978.239,1977.774,0,0.0022
17.12.2014 02:28:34.720 GMT-0000,1978.217,1977.882,0,0.0019
17.12.2014 02:28:34.861 GMT-0000,1978.401,1977.973,0,0.0022
17.12.2014 02:28:47.101 GMT-0000,1977.905,1977.685,0,0.0004
17.12.2014 02:28:47.680 GMT-0000,1977.72,1977.399,0,0.0019
17.12.2014 02:28:47.889 GMT-0000,1977.729,1977.279,0,0.0004
17.12.2014 02:28:49.202 GMT-0000,1977.615,1977.2970000000003,0,0.0004
17.12.2014 02:28:50.110 GMT-0000,1977.71,1977.2839999999999,0,0.0004
17.12.2014 02:29:05.625 GMT-0000,1977.611,1977.2839999999999,0,0.0004
17.12.2014 02:30:00.147 GMT-0000,1977.404,1977.296,0,0.0004
17.12.2014 02:30:01.374 GMT-0000,1977.434,1976.977,0,0.0004
17.12.2014 02:30:39.302 GMT-0000,1977.101,1976.994,0,0.0004
17.12.2014 02:30:40.203 GMT-0000,1977.2150000000001,1977,0,0.0004
17.12.2014 02:30:40.354 GMT-0000,1977.234,1976.7970000000003,0,0.0022
17.12.2014 02:30:41.911 GMT-0000,1977.108,1976.7920000000001,0,0.0004
17.12.2014 02:30:44.910 GMT-0000,1977.2120000000002,1976.7970000000003,0,0.0022
17.12.2014 02:30:58.027 GMT-0000,1977.124,1976.796,0,0.0004
17.12.2014 02:31:07.062 GMT-0000,1976.921,1976.5910000000001,0,0.0019
17.12.2014 02:31:07.139 GMT-0000,1976.923,1976.464,0,0.0022
17.12.2014 02:31:19.853 GMT-0000,1976.605,1976.497,0,0.0004
17.12.2014 02:31:20.955 GMT-0000,1976.923,1976.47,0,0.0004
17.12.2014 02:31:27.362 GMT-0000,1976.6100000000001,1976.494,0,0.0004
17.12.2014 02:31:28.496 GMT-0000,1976.605,1976.283,0,0.0004
17.12.2014 02:31:45.097 GMT-0000,1976.4070000000002,1976.29,0,0.0004
17.12.2014 02:31:45.824 GMT-0000,1976.4020000000003,1975.961,0,0.0004
17.12.2014 02:31:49.796 GMT-0000,1976.4160000000002,1976.089,0,0.0019
17.12.2014 02:31:51.456 GMT-0000,1976.601,1976.274,0,0.0004
17.12.2014 02:31:57.807 GMT-0000,1976.41,1976.2910000000002,0,0.0004
17.12.2014 02:31:58.345 GMT-0000,1976.425,1975.9920000000002,0,0.0004
17.12.2014 02:32:03.818 GMT-0000,1976.408,1976.099,0,0.0019
17.12.2014 02:32:08.925 GMT-0000,1976.421,1975.993,0,0.0022
17.12.2014 02:32:20.539 GMT-0000,1976.414,1976.099,0,0.0019
17.12.2014 02:32:20.640 GMT-0000,1976.413,1975.989,0,0.0022
17.12.2014 02:32:21.379 GMT-0000,1976.513,1976.2810000000002,0,0.0004
17.12.2014 02:32:22.742 GMT-0000,1976.621,1976.27,0,0.0004
17.12.2014 02:32:31.353 GMT-0000,1976.7050000000002,1976.374,0,0.0019
17.12.2014 02:32:32.398 GMT-0000,1976.905,1976.464,0,0.0004
17.12.2014 02:33:00.388 GMT-0000,1976.606,1976.497,0,0.0004
17.12.2014 02:33:00.488 GMT-0000,1976.8010000000002,1976.4950000000001,0,0.0004
17.12.2014 02:33:01.535 GMT-0000,1976.739,1976.264,0,0.0004
17.12.2014 02:33:02.838 GMT-0000,1976.8120000000001,1976.3700000000001,0,0.0004
17.12.2014 02:33:04.042 GMT-0000,1976.9170000000001,1976.493,0,0.0004
17.12.2014 02:33:08.799 GMT-0000,1976.605,1976.493,0,0.0004
17.12.2014 02:33:10.653 GMT-0000,1976.624,1976.289,0,0.0004
17.12.2014 02:33:35.236 GMT-0000,1976.403,1976.296,0,0.0004
17.12.2014 02:33:36.287 GMT-0000,1976.429,1975.9820000000002,0,0.0004
17.12.2014 02:33:52.357 GMT-0000,1976.108,1975.9910000000002,0,0.0004
17.12.2014 02:33:52.813 GMT-0000,1976.114,1975.78,0,0.0004
17.12.2014 02:34:40.131 GMT-0000,1976.2220000000002,1975.779,0,0.0022
17.12.2014 02:34:44.737 GMT-0000,1976.226,1975.874,0,0.0019
17.12.2014 02:34:44.994 GMT-0000,1976.419,1975.996,0,0.0004
17.12.2014 02:34:46.841 GMT-0000,1976.104,1975.996,0,0.0004
17.12.2014 02:34:46.942 GMT-0000,1976.201,1975.9910000000002,0,0.0004
17.12.2014 02:34:47.358 GMT-0000,1976.2279999999998,1975.776,0,0.0022
17.12.2014 02:35:11.576 GMT-0000,1976.101,1975.779,0,0.0004
17.12.2014 02:35:50.024 GMT-0000,1976.0110000000002,1975.7810000000002,0,0.0004
17.12.2014 02:35:54.131 GMT-0000,1976.1170000000002,1975.796,0,0.0004
17.12.2014 02:36:03.642 GMT-0000,1976.223,1975.879,0,0.0019
17.12.2014 02:36:06.716 GMT-0000,1976.419,1975.979,0,0.0004
17.12.2014 02:37:22.060 GMT-0000,1976.401,1976.082,0,0.0019
17.12.2014 02:37:23.126 GMT-0000,1976.604,1976.273,0,0.0004
17.12.2014 02:38:07.590 GMT-0000,1976.6200000000001,1976.171,0,0.0004
17.12.2014 02:38:07.723 GMT-0000,1976.4,1976.1979999999999,0,0.0004
17.12.2014 02:38:11.495 GMT-0000,1976.413,1975.979,0,0.0004
17.12.2014 02:38:27.626 GMT-0000,1976.4020000000003,1976.2910000000002,0,0.0004
17.12.2014 02:38:34.932 GMT-0000,1976.401,1975.9879999999998,0,0.0004
17.12.2014 02:38:43.145 GMT-0000,1976.408,1976.2970000000003,0,0.0004
17.12.2014 02:39:14.089 GMT-0000,1976.418,1975.973,0,0.0004
17.12.2014 02:39:37.238 GMT-0000,1976.106,1975.997,0,0.0004
17.12.2014 02:39:37.539 GMT-0000,1976.21,1975.99,0,0.0004
17.12.2014 02:39:39.544 GMT-0000,1976.4070000000002,1975.9950000000001,0,0.0004
17.12.2014 02:39:45.154 GMT-0000,1976.2120000000002,1975.981,0,0.0004
17.12.2014 02:39:48.646 GMT-0000,1976.2150000000001,1975.879,0,0.0004
17.12.2014 02:39:51.465 GMT-0000,1976.106,1975.888,0,0.0004
17.12.2014 02:39:52.754 GMT-0000,1976.108,1975.77,0,0.0004
17.12.2014 02:40:14.313 GMT-0000,1976.003,1975.794,0,0.0004
17.12.2014 02:40:26.412 GMT-0000,1976.108,1975.7839999999999,0,0.0004
17.12.2014 02:40:52.147 GMT-0000,1975.9020000000003,1975.793,0,0.0004
17.12.2014 02:40:52.247 GMT-0000,1976.019,1975.788,0,0.0004
17.12.2014 02:40:54.150 GMT-0000,1976.1260000000002,1975.785,0,0.0004
17.12.2014 02:41:19.883 GMT-0000,1976.223,1975.799,0,0.0022
17.12.2014 02:41:39.507 GMT-0000,1976.122,1975.79,0,0.0004
17.12.2014 02:41:49.320 GMT-0000,1976.214,1975.7620000000002,0,0.0022
17.12.2014 02:42:16.144 GMT-0000,1976.2050000000002,1975.881,0,0.0004
17.12.2014 02:42:17.455 GMT-0000,1976.324,1975.898,0,0.0022
17.12.2014 02:42:17.548 GMT-0000,1976.4170000000001,1975.9660000000001,0,0.0004
17.12.2014 02:43:06.232 GMT-0000,1976.404,1976.076,0,0.0019
17.12.2014 02:43:08.629 GMT-0000,1976.614,1976.2839999999999,0,0.0004
17.12.2014 02:43:53.891 GMT-0000,1976.734,1976.296,0,0.0004
17.12.2014 02:43:56.093 GMT-0000,1976.7160000000001,1976.3729999999998,0,0.0019
17.12.2014 02:43:58.093 GMT-0000,1976.9270000000001,1976.47,0,0.0004
17.12.2014 02:44:29.945 GMT-0000,1976.901,1976.5810000000001,0,0.0019
17.12.2014 02:44:30.053 GMT-0000,1976.903,1976.4850000000001,0,0.0022
17.12.2014 02:44:30.248 GMT-0000,1976.9160000000002,1976.596,0,0.0019
17.12.2014 02:44:32.042 GMT-0000,1977.118,1976.796,0,0.0004
17.12.2014 02:44:41.262 GMT-0000,1977.219,1976.7839999999999,0,0.0022
17.12.2014 02:44:42.559 GMT-0000,1977.2060000000001,1976.898,0,0.0004
17.12.2014 02:44:43.366 GMT-0000,1977.3310000000001,1976.899,0,0.0022
17.12.2014 02:44:43.761 GMT-0000,1977.42,1976.969,0,0.0004
17.12.2014 02:45:00.193 GMT-0000,1977.017,1976.713,0,0.0004
17.12.2014 02:45:00.788 GMT-0000,1976.908,1976.7710000000002,0,0.0004
17.12.2014 02:45:01.818 GMT-0000,1976.914,1976.4660000000001,0,0.0004
17.12.2014 02:45:52.801 GMT-0000,1976.6029999999998,1976.499,0,0.0004
17.12.2014 02:45:56.858 GMT-0000,1976.629,1976.285,0,0.0004
17.12.2014 02:45:57.059 GMT-0000,1976.709,1976.2720000000002,0,0.0004
17.12.2014 02:45:59.963 GMT-0000,1976.609,1976.293,0,0.0004
17.12.2014 02:47:04.148 GMT-0000,1976.513,1976.289,0,0.0004
17.12.2014 02:47:04.750 GMT-0000,1976.408,1976.295,0,0.0004
17.12.2014 02:47:05.156 GMT-0000,1976.419,1975.994,0,0.0004
17.12.2014 02:47:49.007 GMT-0000,1976.414,1976.074,0,0.0019
17.12.2014 02:47:49.108 GMT-0000,1976.425,1975.987,0,0.0004
17.12.2014 02:48:27.552 GMT-0000,1976.2079999999999,1975.993,0,0.0004
17.12.2014 02:48:28.773 GMT-0000,1976.223,1975.8970000000002,0,0.0004
17.12.2014 02:48:28.854 GMT-0000,1976.1200000000001,1975.88,0,0.0004
17.12.2014 02:48:30.979 GMT-0000,1976.125,1975.7810000000002,0,0.0004
17.12.2014 02:48:42.381 GMT-0000,1976.234,1975.778,0,0.0022
17.12.2014 02:48:43.076 GMT-0000,1976.1100000000001,1975.7870000000003,0,0.0004
17.12.2014 02:48:44.579 GMT-0000,1976.219,1975.765,0,0.0022
17.12.2014 02:48:45.004 GMT-0000,1976.2279999999998,1975.8870000000002,0,0.0004
17.12.2014 02:48:50.185 GMT-0000,1976.3010000000002,1975.8970000000002,0,0.0022
17.12.2014 02:48:50.286 GMT-0000,1976.2279999999998,1975.894,0,0.0004
17.12.2014 02:48:54.517 GMT-0000,1976.224,1975.789,0,0.0022
17.12.2014 02:49:13.516 GMT-0000,1976.1129999999998,1975.795,0,0.0004
17.12.2014 02:49:15.218 GMT-0000,1976.2250000000001,1975.7820000000002,0,0.0022
17.12.2014 02:49:21.526 GMT-0000,1976.115,1975.788,0,0.0004
17.12.2014 02:49:31.742 GMT-0000,1975.908,1975.7970000000003,0,0.0004
17.12.2014 02:49:31.843 GMT-0000,1976.007,1975.7870000000003,0,0.0004
17.12.2014 02:49:35.049 GMT-0000,1976.1100000000001,1975.7920000000001,0,0.0004
17.12.2014 02:49:37.754 GMT-0000,1975.903,1975.794,0,0.0004
17.12.2014 02:49:38.182 GMT-0000,1975.9370000000001,1975.4850000000001,0,0.0004
17.12.2014 02:50:56.201 GMT-0000,1975.834,1975.394,0,0.0022
17.12.2014 02:50:57.202 GMT-0000,1975.9260000000002,1975.49,0,0.0004
17.12.2014 02:51:05.315 GMT-0000,1975.834,1975.374,0,0.0022
17.12.2014 02:51:06.416 GMT-0000,1975.7,1975.38,0,0.0019
17.12.2014 02:51:08.187 GMT-0000,1975.615,1975.29,0,0.0004
17.12.2014 02:51:33.853 GMT-0000,1975.418,1975.076,0,0.0019
17.12.2014 02:51:59.653 GMT-0000,1975.435,1974.977,0,0.0004
17.12.2014 02:52:04.800 GMT-0000,1975.102,1974.993,0,0.0004
17.12.2014 02:52:05.406 GMT-0000,1975.101,1974.774,0,0.0004
17.12.2014 02:52:44.319 GMT-0000,1975.008,1974.78,0,0.0004
17.12.2014 02:52:47.723 GMT-0000,1975.105,1974.8,0,0.0004
17.12.2014 02:53:20.879 GMT-0000,1975.003,1974.79,0,0.0004
17.12.2014 02:53:21.879 GMT-0000,1975.111,1974.776,0,0.0004
17.12.2014 02:53:25.481 GMT-0000,1975.019,1974.786,0,0.0004
17.12.2014 02:53:44.906 GMT-0000,1975.124,1974.785,0,0.0004
17.12.2014 02:54:33.771 GMT-0000,1975.22,1974.89,0,0.0019
17.12.2014 02:54:34.382 GMT-0000,1975.2060000000001,1975.092,0,0.0019
17.12.2014 02:54:36.014 GMT-0000,1975.6229999999998,1975.294,0,0.0004
17.12.2014 02:54:53.404 GMT-0000,1975.719,1975.375,0,0.0019
17.12.2014 02:54:54.042 GMT-0000,1975.9160000000002,1975.497,0,0.0004
17.12.2014 02:55:30.580 GMT-0000,1975.9170000000001,1975.574,0,0.0019
17.12.2014 02:55:31.694 GMT-0000,1976.121,1975.783,0,0.0004
17.12.2014 02:55:45.425 GMT-0000,1975.9020000000003,1975.8,0,0.0004
17.12.2014 02:55:50.219 GMT-0000,1975.9020000000003,1975.4850000000001,0,0.0004
17.12.2014 02:56:02.628 GMT-0000,1975.602,1975.499,0,0.0004
17.12.2014 02:56:03.739 GMT-0000,1975.6229999999998,1975.298,0,0.0004
17.12.2014 02:56:31.967 GMT-0000,1975.7020000000002,1975.265,0,0.0004
17.12.2014 02:56:33.269 GMT-0000,1975.629,1975.279,0,0.0004
17.12.2014 02:57:11.819 GMT-0000,1975.719,1975.3960000000002,0,0.0019
17.12.2014 02:57:13.037 GMT-0000,1975.901,1975.4950000000001,0,0.0004
17.12.2014 02:57:27.841 GMT-0000,1975.9279999999999,1975.586,0,0.0019
17.12.2014 02:57:27.942 GMT-0000,1975.911,1975.4720000000002,0,0.0022
17.12.2014 02:57:28.559 GMT-0000,1976.014,1975.795,0,0.0004
17.12.2014 02:57:29.344 GMT-0000,1976.1070000000002,1975.775,0,0.0004
17.12.2014 02:57:33.552 GMT-0000,1976.201,1975.7820000000002,0,0.0022
17.12.2014 02:57:33.657 GMT-0000,1976.223,1975.878,0,0.0019
17.12.2014 02:57:35.271 GMT-0000,1976.425,1975.98,0,0.0004
17.12.2014 02:57:37.260 GMT-0000,1976.2050000000002,1975.997,0,0.0004
17.12.2014 02:57:45.071 GMT-0000,1976.4220000000003,1975.986,0,0.0004
17.12.2014 02:58:44.548 GMT-0000,1976.1070000000002,1976,0,0.0004
17.12.2014 02:58:50.362 GMT-0000,1976.106,1975.7720000000002,0,0.0004
17.12.2014 02:59:12.584 GMT-0000,1976.2120000000002,1975.766,0,0.0022
17.12.2014 02:59:12.685 GMT-0000,1976.115,1975.7720000000002,0,0.0004
17.12.2014 02:59:59.739 GMT-0000,1975.9020000000003,1975.799,0,0.0004
17.12.2014 03:00:00.140 GMT-0000,1975.64,1975.1000000000001,0,0.0019
17.12.2014 03:00:00.751 GMT-0000,1975.6160000000002,1975.285,0,0.0004
17.12.2014 03:00:17.668 GMT-0000,1975.516,1975.283,0,0.0004
17.12.2014 03:00:17.802 GMT-0000,1975.612,1975.275,0,0.0004
17.12.2014 03:00:34.196 GMT-0000,1975.7,1975.278,0,0.0004
17.12.2014 03:00:35.201 GMT-0000,1975.81,1975.497,0,0.0004
17.12.2014 03:00:35.392 GMT-0000,1975.931,1975.4750000000001,0,0.0004
17.12.2014 03:00:40.800 GMT-0000,1975.519,1975.194,0,0.0004
17.12.2014 03:00:40.901 GMT-0000,1975.411,1975.1979999999999,0,0.0004
17.12.2014 03:00:42.014 GMT-0000,1975.4370000000001,1974.969,0,0.0004
17.12.2014 03:00:43.407 GMT-0000,1975.2160000000001,1974.9910000000002,0,0.0004
17.12.2014 03:00:44.363 GMT-0000,1975.106,1974.9979999999998,0,0.0004
17.12.2014 03:00:45.920 GMT-0000,1975.125,1974.79,0,0.0004
17.12.2014 03:02:04.322 GMT-0000,1975.2150000000001,1974.879,0,0.0019
17.12.2014 03:02:07.845 GMT-0000,1975.411,1974.9720000000002,0,0.0004
17.12.2014 03:02:23.446 GMT-0000,1975.1029999999998,1974.997,0,0.0004
17.12.2014 03:02:24.865 GMT-0000,1975.1200000000001,1974.7820000000002,0,0.0004
17.12.2014 03:02:55.295 GMT-0000,1974.9089999999999,1974.7970000000003,0,0.0004
17.12.2014 03:02:55.509 GMT-0000,1974.9070000000002,1974.484,0,0.0004
17.12.2014 03:03:05.713 GMT-0000,1974.604,1974.5,0,0.0004
17.12.2014 03:03:06.129 GMT-0000,1974.423,1974.0720000000001,0,0.0019
17.12.2014 03:03:06.718 GMT-0000,1974.4020000000003,1973.993,0,0.0004
17.12.2014 03:03:06.920 GMT-0000,1974.4270000000001,1974.095,0,0.0019
17.12.2014 03:03:07.433 GMT-0000,1974.619,1974.286,0,0.0004
17.12.2014 03:03:20.858 GMT-0000,1974.63,1974.1670000000001,0,0.0004
17.12.2014 03:03:21.959 GMT-0000,1974.605,1974.295,0,0.0004
17.12.2014 03:03:38.996 GMT-0000,1974.629,1974.1960000000001,0,0.0004
17.12.2014 03:03:44.590 GMT-0000,1974.519,1974.1760000000002,0,0.0004
17.12.2014 03:03:44.896 GMT-0000,1974.519,1974.294,0,0.0004
17.12.2014 03:03:45.192 GMT-0000,1974.6229999999998,1974.2710000000002,0,0.0004
17.12.2014 03:04:04.520 GMT-0000,1974.505,1974.2910000000002,0,0.0004
17.12.2014 03:04:04.821 GMT-0000,1974.4070000000002,1974.294,0,0.0004
17.12.2014 03:04:06.630 GMT-0000,1974.421,1973.9820000000002,0,0.0004
17.12.2014 03:04:43.883 GMT-0000,1974.101,1973.997,0,0.0004
17.12.2014 03:04:44.188 GMT-0000,1974.112,1973.785,0,0.0004
17.12.2014 03:04:53.487 GMT-0000,1974.233,1973.7910000000002,0,0.0022
17.12.2014 03:04:56.592 GMT-0000,1974.104,1973.794,0,0.0004
17.12.2014 03:04:59.432 GMT-0000,1973.905,1973.5810000000001,0,0.0019
17.12.2014 03:05:11.134 GMT-0000,1974.101,1973.7970000000003,0,0.0004
17.12.2014 03:05:26.137 GMT-0000,1974.2320000000002,1973.766,0,0.0022
17.12.2014 03:05:26.938 GMT-0000,1974.1029999999998,1973.776,0,0.0004
17.12.2014 03:05:28.361 GMT-0000,1974.1100000000001,1973.671,0,0.0004
17.12.2014 03:05:29.385 GMT-0000,1973.925,1973.5729999999999,0,0.0019
17.12.2014 03:05:37.252 GMT-0000,1973.931,1973.496,0,0.0022
17.12.2014 03:05:49.067 GMT-0000,1973.9089999999999,1973.595,0,0.0019
17.12.2014 03:05:50.896 GMT-0000,1974.125,1973.783,0,0.0004
17.12.2014 03:06:11.400 GMT-0000,1974.2220000000002,1973.799,0,0.0022
17.12.2014 03:06:12.102 GMT-0000,1974.2120000000002,1973.88,0,0.0019
17.12.2014 03:06:12.530 GMT-0000,1974.316,1973.8770000000002,0,0.0022
17.12.2014 03:06:17.138 GMT-0000,1974.4379999999999,1973.9820000000002,0,0.0004
17.12.2014 03:07:04.073 GMT-0000,1974.106,1973.9910000000002,0,0.0004
17.12.2014 03:07:05.102 GMT-0000,1974.1170000000002,1973.779,0,0.0004
17.12.2014 03:07:17.320 GMT-0000,1974.1070000000002,1973.6760000000002,0,0.0004
17.12.2014 03:07:18.523 GMT-0000,1973.9120000000003,1973.596,0,0.0019
17.12.2014 03:07:22.797 GMT-0000,1973.9360000000001,1973.464,0,0.0004
17.12.2014 03:07:31.569 GMT-0000,1973.91,1973.585,0,0.0019
17.12.2014 03:07:53.071 GMT-0000,1974.1229999999998,1973.6670000000001,0,0.0004
17.12.2014 03:07:55.176 GMT-0000,1973.925,1973.5810000000001,0,0.0019
17.12.2014 03:07:57.079 GMT-0000,1974.105,1973.665,0,0.0004
17.12.2014 03:07:58.908 GMT-0000,1974.112,1973.885,0,0.0019
17.12.2014 03:07:58.980 GMT-0000,1974.2250000000001,1973.885,0,0.0019
17.12.2014 03:07:59.031 GMT-0000,1974.219,1973.775,0,0.0022
17.12.2014 03:07:59.109 GMT-0000,1974.1229999999998,1973.783,0,0.0004
17.12.2014 03:08:00.013 GMT-0000,1974.2379999999998,1973.764,0,0.0022
17.12.2014 03:08:12.634 GMT-0000,1974.115,1973.793,0,0.0004
17.12.2014 03:08:35.832 GMT-0000,1973.918,1973.5800000000002,0,0.0019
17.12.2014 03:08:40.983 GMT-0000,1974.111,1973.785,0,0.0004
17.12.2014 03:08:53.758 GMT-0000,1973.903,1973.5720000000001,0,0.0019
17.12.2014 03:08:56.387 GMT-0000,1973.935,1973.467,0,0.0022
17.12.2014 03:09:37.924 GMT-0000,1973.714,1973.372,0,0.0019
17.12.2014 03:09:39.279 GMT-0000,1973.911,1973.471,0,0.0004
17.12.2014 03:09:40.130 GMT-0000,1973.719,1973.3960000000002,0,0.0019
17.12.2014 03:09:42.633 GMT-0000,1973.826,1973.399,0,0.0022
17.12.2014 03:09:42.746 GMT-0000,1973.612,1973.39,0,0.0004
17.12.2014 03:09:43.737 GMT-0000,1973.622,1973.274,0,0.0004
17.12.2014 03:09:46.754 GMT-0000,1973.508,1973.2970000000003,0,0.0004
17.12.2014 03:09:47.756 GMT-0000,1973.1029999999998,1973.0470000000003,0,0.0004
17.12.2014 03:09:47.857 GMT-0000,1973.207,1973.044,0,0.0004
17.12.2014 03:09:47.944 GMT-0000,1973.203,1972.987,0,0.0004
17.12.2014 03:09:48.160 GMT-0000,1973.101,1972.994,0,0.0004
17.12.2014 03:09:48.261 GMT-0000,1973.203,1972.9950000000001,0,0.0004
17.12.2014 03:09:48.945 GMT-0000,1973.2279999999998,1972.78,0,0.0022
17.12.2014 03:09:48.996 GMT-0000,1973.102,1972.775,0,0.0004
17.12.2014 03:09:49.164 GMT-0000,1973.214,1972.7720000000002,0,0.0022
17.12.2014 03:09:53.670 GMT-0000,1973.1070000000002,1972.788,0,0.0004
17.12.2014 03:10:36.927 GMT-0000,1973.224,1972.893,0,0.0019
17.12.2014 03:10:39.724 GMT-0000,1973.4279999999999,1972.98,0,0.0004
17.12.2014 03:10:59.154 GMT-0000,1973.4120000000003,1973.089,0,0.0019
17.12.2014 03:11:00.348 GMT-0000,1973.6129999999998,1973.296,0,0.0004
17.12.2014 03:11:04.467 GMT-0000,1973.71,1973.393,0,0.0019
17.12.2014 03:11:05.064 GMT-0000,1973.7050000000002,1973.6000000000001,0,0.0019
17.12.2014 03:11:05.858 GMT-0000,1974.112,1973.774,0,0.0004
17.12.2014 03:11:07.269 GMT-0000,1973.91,1973.799,0,0.0004
17.12.2014 03:11:08.072 GMT-0000,1973.931,1973.544,0,0.0004
17.12.2014 03:11:08.364 GMT-0000,1973.9279999999999,1973.4660000000001,0,0.0004
17.12.2014 03:13:01.104 GMT-0000,1973.911,1973.586,0,0.0019
17.12.2014 03:13:03.309 GMT-0000,1974.405,1973.894,0.0026,0.0019
17.12.2014 03:13:03.487 GMT-0000,1974.224,1973.871,0,0.0019
17.12.2014 03:13:03.912 GMT-0000,1974.2050000000002,1973.9850000000001,0,0.0019
17.12.2014 03:13:04.420 GMT-0000,1974.201,1974.092,0,0.0019
17.12.2014 03:13:04.690 GMT-0000,1974.6260000000002,1974.2770000000003,0,0.0004
17.12.2014 03:13:08.723 GMT-0000,1974.4070000000002,1974.2970000000003,0,0.0004
17.12.2014 03:13:10.200 GMT-0000,1974.4360000000001,1973.986,0,0.0004
17.12.2014 03:13:17.439 GMT-0000,1974.4070000000002,1974.084,0,0.0019
17.12.2014 03:13:18.233 GMT-0000,1974.6070000000002,1974.29,0,0.0004
17.12.2014 03:14:36.944 GMT-0000,1974.7150000000001,1974.2810000000002,0,0.0004
17.12.2014 03:14:37.195 GMT-0000,1974.7150000000001,1974.3770000000002,0,0.0019
17.12.2014 03:14:37.923 GMT-0000,1974.9320000000002,1974.487,0,0.0004
17.12.2014 03:15:00.173 GMT-0000,1974.608,1974.4920000000002,0,0.0004
17.12.2014 03:15:01.258 GMT-0000,1974.6229999999998,1974.299,0,0.0004
17.12.2014 03:15:31.321 GMT-0000,1974.404,1974.3,0,0.0004
17.12.2014 03:15:34.810 GMT-0000,1974.44,1973.993,0,0.0004
17.12.2014 03:15:55.257 GMT-0000,1974.425,1974.088,0,0.0019
17.12.2014 03:15:56.342 GMT-0000,1974.615,1974.294,0,0.0004
17.12.2014 03:15:57.860 GMT-0000,1974.503,1974.295,0,0.0004
17.12.2014 03:15:59.548 GMT-0000,1974.528,1974.173,0,0.0004
17.12.2014 03:15:59.863 GMT-0000,1974.4020000000003,1974.1970000000001,0,0.0004
17.12.2014 03:15:59.963 GMT-0000,1974.518,1974.171,0,0.0004
17.12.2014 03:16:03.655 GMT-0000,1974.516,1974.283,0,0.0004
17.12.2014 03:16:07.360 GMT-0000,1974.5270000000003,1974.19,0,0.0004
17.12.2014 03:16:08.077 GMT-0000,1974.4070000000002,1974.195,0,0.0004
17.12.2014 03:16:08.363 GMT-0000,1974.4070000000002,1973.98,0,0.0004
17.12.2014 03:16:54.721 GMT-0000,1974.528,1974.185,0,0.0004
17.12.2014 03:16:57.231 GMT-0000,1974.612,1974.19,0,0.0004
17.12.2014 03:16:57.525 GMT-0000,1974.6229999999998,1974.293,0,0.0004
17.12.2014 03:16:57.576 GMT-0000,1974.737,1974.2810000000002,0,0.0004
17.12.2014 03:16:59.030 GMT-0000,1974.8400000000001,1974.38,0,0.0004
17.12.2014 03:17:02.135 GMT-0000,1974.9120000000003,1974.4850000000001,0,0.0004
17.12.2014 03:17:03.339 GMT-0000,1974.925,1974.582,0,0.0019
17.12.2014 03:17:04.742 GMT-0000,1975.105,1974.788,0,0.0004
17.12.2014 03:17:09.358 GMT-0000,1974.9089999999999,1974.7970000000003,0,0.0004
17.12.2014 03:17:10.551 GMT-0000,1974.919,1974.4879999999998,0,0.0004
17.12.2014 03:17:16.360 GMT-0000,1975.003,1974.793,0,0.0004
17.12.2014 03:17:26.171 GMT-0000,1975.119,1974.798,0,0.0004
17.12.2014 03:17:28.274 GMT-0000,1975.01,1974.7810000000002,0,0.0004
17.12.2014 03:17:29.576 GMT-0000,1975.112,1974.7770000000003,0,0.0004
17.12.2014 03:17:29.777 GMT-0000,1975.016,1974.798,0,0.0004
17.12.2014 03:17:30.378 GMT-0000,1975.129,1974.799,0,0.0004
17.12.2014 03:17:30.429 GMT-0000,1974.918,1974.589,0,0.0019
17.12.2014 03:17:30.579 GMT-0000,1974.9170000000001,1974.48,0,0.0022
17.12.2014 03:17:31.582 GMT-0000,1975.006,1974.689,0,0.0004
17.12.2014 03:17:33.386 GMT-0000,1975.019,1974.789,0,0.0004
17.12.2014 03:17:41.395 GMT-0000,1975.2020000000002,1974.895,0,0.0019
17.12.2014 03:17:41.998 GMT-0000,1975.4370000000001,1974.9650000000001,0,0.0004
17.12.2014 03:19:07.524 GMT-0000,1975.403,1975.3,0,0.0004
17.12.2014 03:19:29.257 GMT-0000,1975.4070000000002,1975.1860000000001,0,0.0004
17.12.2014 03:19:31.559 GMT-0000,1975.4089999999999,1975.295,0,0.0004
17.12.2014 03:19:32.763 GMT-0000,1975.4160000000002,1975.1879999999999,0,0.0004
17.12.2014 03:19:50.486 GMT-0000,1975.415,1974.9979999999998,0,0.0004
17.12.2014 03:20:25.229 GMT-0000,1975.413,1975.189,0,0.0004
17.12.2014 03:20:28.434 GMT-0000,1975.401,1974.977,0,0.0004
17.12.2014 03:21:08.978 GMT-0000,1975.102,1974.9979999999998,0,0.0004
17.12.2014 03:21:09.224 GMT-0000,1974.9089999999999,1974.6879999999999,0,0.0004
17.12.2014 03:21:09.510 GMT-0000,1974.8029999999999,1974.6920000000002,0,0.0004
17.12.2014 03:21:11.096 GMT-0000,1974.809,1974.4920000000002,0,0.0004
17.12.2014 03:21:18.992 GMT-0000,1974.605,1974.4950000000001,0,0.0004
17.12.2014 03:21:19.607 GMT-0000,1974.621,1974.274,0,0.0004
17.12.2014 03:21:48.332 GMT-0000,1974.404,1974.299,0,0.0004
17.12.2014 03:21:51.063 GMT-0000,1974.4220000000003,1973.977,0,0.0004
17.12.2014 03:21:52.139 GMT-0000,1974.42,1974.0770000000002,0,0.0019
17.12.2014 03:21:53.455 GMT-0000,1974.6260000000002,1974.283,0,0.0004
17.12.2014 03:22:04.358 GMT-0000,1974.507,1974.295,0,0.0004
17.12.2014 03:22:04.459 GMT-0000,1974.609,1974.294,0,0.0004
17.12.2014 03:22:05.461 GMT-0000,1974.7350000000001,1974.288,0,0.0004
17.12.2014 03:22:07.077 GMT-0000,1974.8010000000002,1974.3660000000002,0,0.0004
17.12.2014 03:22:12.484 GMT-0000,1974.73,1974.268,0,0.0004
17.12.2014 03:22:13.254 GMT-0000,1974.624,1974.273,0,0.0004
17.12.2014 03:22:36.206 GMT-0000,1974.727,1974.295,0,0.0004
17.12.2014 03:22:36.307 GMT-0000,1974.717,1974.393,0,0.0019
17.12.2014 03:22:36.818 GMT-0000,1974.91,1974.481,0,0.0004
17.12.2014 03:22:45.922 GMT-0000,1974.93,1974.586,0,0.0019
17.12.2014 03:22:47.636 GMT-0000,1975.118,1974.789,0,0.0004
17.12.2014 03:23:36.393 GMT-0000,1975.007,1974.7820000000002,0,0.0004
17.12.2014 03:23:45.805 GMT-0000,1975.1260000000002,1974.78,0,0.0004
17.12.2014 03:23:45.905 GMT-0000,1975.0110000000002,1974.78,0,0.0004
17.12.2014 03:23:46.005 GMT-0000,1975.118,1974.779,0,0.0004
17.12.2014 03:23:46.106 GMT-0000,1975.007,1974.795,0,0.0004
17.12.2014 03:23:53.524 GMT-0000,1974.904,1974.8,0,0.0004
17.12.2014 03:23:55.036 GMT-0000,1974.933,1974.487,0,0.0004
17.12.2014 03:24:32.065 GMT-0000,1974.913,1974.585,0,0.0019
17.12.2014 03:24:32.984 GMT-0000,1975.1100000000001,1974.7770000000003,0,0.0004
17.12.2014 03:24:34.970 GMT-0000,1975.219,1974.879,0,0.0019
17.12.2014 03:24:35.591 GMT-0000,1975.4260000000002,1974.961,0,0.0004
17.12.2014 03:24:47.987 GMT-0000,1975.4170000000001,1975.075,0,0.0019
17.12.2014 03:24:48.689 GMT-0000,1975.101,1975.039,0,0.0004
17.12.2014 03:24:49.191 GMT-0000,1975.211,1975.038,0,0.0004
17.12.2014 03:24:49.414 GMT-0000,1975.2179999999998,1974.984,0,0.0004
17.12.2014 03:24:58.001 GMT-0000,1975.419,1974.969,0,0.0004
17.12.2014 03:24:59.404 GMT-0000,1975.214,1974.993,0,0.0004
17.12.2014 03:25:12.124 GMT-0000,1975.4279999999999,1974.9660000000001,0,0.0004
17.12.2014 03:25:27.845 GMT-0000,1975.203,1974.99,0,0.0004
17.12.2014 03:25:28.647 GMT-0000,1975.101,1974.9950000000001,0,0.0004
17.12.2014 03:25:29.448 GMT-0000,1975.204,1974.99,0,0.0004
17.12.2014 03:25:32.352 GMT-0000,1975.403,1974.9650000000001,0,0.0004
17.12.2014 03:25:32.953 GMT-0000,1975.2120000000002,1974.994,0,0.0004
17.12.2014 03:25:48.977 GMT-0000,1975.4160000000002,1974.997,0,0.0004
17.12.2014 03:25:49.678 GMT-0000,1975.2120000000002,1974.9950000000001,0,0.0004
17.12.2014 03:25:49.778 GMT-0000,1975.421,1974.977,0,0.0004
17.12.2014 03:25:51.181 GMT-0000,1975.203,1974.996,0,0.0004
17.12.2014 03:25:51.682 GMT-0000,1975.42,1974.971,0,0.0004
17.12.2014 03:25:53.184 GMT-0000,1975.203,1974.989,0,0.0004
17.12.2014 03:25:55.114 GMT-0000,1975.207,1974.883,0,0.0004
17.12.2014 03:25:58.821 GMT-0000,1975.2160000000001,1974.987,0,0.0004
17.12.2014 03:26:03.731 GMT-0000,1975.214,1974.8960000000002,0,0.0004
17.12.2014 03:26:05.801 GMT-0000,1975.105,1974.882,0,0.0004
17.12.2014 03:26:06.803 GMT-0000,1975.328,1974.884,0,0.0022
17.12.2014 03:26:06.903 GMT-0000,1975.204,1974.889,0,0.0004
17.12.2014 03:26:08.435 GMT-0000,1975.213,1974.9920000000002,0,0.0004
17.12.2014 03:26:09.537 GMT-0000,1975.214,1974.895,0,0.0004
17.12.2014 03:26:11.239 GMT-0000,1975.2120000000002,1974.999,0,0.0004
17.12.2014 03:26:15.415 GMT-0000,1975.105,1974.997,0,0.0004
17.12.2014 03:26:17.449 GMT-0000,1975.124,1974.793,0,0.0004
17.12.2014 03:27:08.684 GMT-0000,1975.227,1974.78,0,0.0022
17.12.2014 03:27:13.520 GMT-0000,1975.2120000000002,1974.999,0,0.0004
17.12.2014 03:27:26.905 GMT-0000,1975.434,1974.977,0,0.0004
17.12.2014 03:27:34.614 GMT-0000,1975.101,1974.9979999999998,0,0.0004
17.12.2014 03:27:35.548 GMT-0000,1975.1270000000002,1974.794,0,0.0004
17.12.2014 03:28:07.070 GMT-0000,1975.203,1974.779,0,0.0022
17.12.2014 03:28:11.067 GMT-0000,1975.1100000000001,1974.7920000000001,0,0.0004
17.12.2014 03:28:12.569 GMT-0000,1975.203,1974.767,0,0.0022
17.12.2014 03:28:12.669 GMT-0000,1975.1260000000002,1974.783,0,0.0004
17.12.2014 03:28:12.770 GMT-0000,1975.23,1974.768,0,0.0022
17.12.2014 03:28:17.677 GMT-0000,1975.121,1974.783,0,0.0004
17.12.2014 03:29:34.372 GMT-0000,1975.2079999999999,1974.765,0,0.0022
17.12.2014 03:29:35.315 GMT-0000,1975.217,1974.989,0,0.0004
17.12.2014 03:29:47.890 GMT-0000,1975.411,1974.9920000000002,0,0.0004
17.12.2014 03:30:00.206 GMT-0000,1974.628,1974.054,0.0019,0.0019
17.12.2014 03:30:00.311 GMT-0000,1974.42,1973.874,0.0019,0.0019
17.12.2014 03:30:00.754 GMT-0000,1974.429,1973.994,0,0.0004
17.12.2014 03:30:03.519 GMT-0000,1974.401,1974.098,0,0.0019
17.12.2014 03:30:04.065 GMT-0000,1974.612,1974.275,0,0.0004
17.12.2014 03:30:17.637 GMT-0000,1974.721,1974.3729999999998,0,0.0019
17.12.2014 03:30:18.788 GMT-0000,1974.925,1974.4879999999998,0,0.0004
17.12.2014 03:30:28.852 GMT-0000,1974.911,1974.589,0,0.0019
17.12.2014 03:30:29.302 GMT-0000,1975.1100000000001,1974.79,0,0.0004
17.12.2014 03:30:30.577 GMT-0000,1975.005,1974.789,0,0.0004
17.12.2014 03:30:30.854 GMT-0000,1975.1200000000001,1974.788,0,0.0004
17.12.2014 03:30:31.355 GMT-0000,1975.006,1974.7970000000003,0,0.0004
17.12.2014 03:30:31.756 GMT-0000,1974.91,1974.794,0,0.0004
17.12.2014 03:30:33.208 GMT-0000,1974.901,1974.4620000000002,0,0.0004
17.12.2014 03:31:00.045 GMT-0000,1975.017,1974.7,0,0.0004
17.12.2014 03:31:00.847 GMT-0000,1975.014,1974.7810000000002,0,0.0004
17.12.2014 03:31:04.701 GMT-0000,1975.119,1974.776,0,0.0004
17.12.2014 03:31:08.400 GMT-0000,1975.229,1974.8729999999998,0,0.0019
17.12.2014 03:31:20.513 GMT-0000,1975.924,1975.381,0.0022,0.0019
17.12.2014 03:31:21.124 GMT-0000,1975.7160000000001,1975.3760000000002,0,0.0019
17.12.2014 03:31:22.280 GMT-0000,1975.9170000000001,1975.496,0,0.0004
17.12.2014 03:33:01.690 GMT-0000,1975.915,1975.5810000000001,0,0.0019
17.12.2014 03:33:03.022 GMT-0000,1976.13,1975.776,0,0.0004
17.12.2014 03:33:04.298 GMT-0000,1976.214,1975.881,0,0.0019
17.12.2014 03:33:05.327 GMT-0000,1976.423,1975.999,0,0.0004
17.12.2014 03:33:55.862 GMT-0000,1976.91,1976.369,0.0026,0.0019
17.12.2014 03:33:56.901 GMT-0000,1976.9120000000003,1976.4920000000002,0,0.0004
17.12.2014 03:35:00.535 GMT-0000,1976.918,1976.585,0,0.0019
17.12.2014 03:35:00.735 GMT-0000,1976.921,1976.4679999999998,0,0.0022
17.12.2014 03:35:18.858 GMT-0000,1976.825,1976.49,0,0.0004
17.12.2014 03:35:19.508 GMT-0000,1976.605,1976.496,0,0.0004
17.12.2014 03:35:20.008 GMT-0000,1976.612,1976.289,0,0.0004
17.12.2014 03:35:21.567 GMT-0000,1976.7,1976.276,0,0.0004
17.12.2014 03:35:32.480 GMT-0000,1976.726,1976.3729999999998,0,0.0019
17.12.2014 03:35:32.783 GMT-0000,1976.7020000000002,1976.4820000000002,0,0.0019
17.12.2014 03:35:35.633 GMT-0000,1976.9070000000002,1976.489,0,0.0022
17.12.2014 03:35:51.954 GMT-0000,1976.713,1976.393,0,0.0019
17.12.2014 03:35:53.657 GMT-0000,1976.925,1976.46,0,0.0004
17.12.2014 03:36:38.178 GMT-0000,1976.814,1976.486,0,0.0004
17.12.2014 03:36:40.717 GMT-0000,1976.7160000000001,1976.276,0,0.0004
17.12.2014 03:36:44.086 GMT-0000,1976.6000000000001,1976.2820000000002,0,0.0004
17.12.2014 03:37:12.221 GMT-0000,1976.5,1976.289,0,0.0004
17.12.2014 03:37:12.459 GMT-0000,1976.421,1975.9950000000001,0,0.0022
17.12.2014 03:37:24.135 GMT-0000,1976.41,1976.1000000000001,0,0.0019
17.12.2014 03:37:24.336 GMT-0000,1976.431,1975.963,0,0.0022
17.12.2014 03:37:53.466 GMT-0000,1976.419,1976.085,0,0.0019
17.12.2014 03:37:54.167 GMT-0000,1976.404,1976.19,0,0.0019
17.12.2014 03:37:54.417 GMT-0000,1976.7279999999998,1976.275,0,0.0004
17.12.2014 03:37:54.870 GMT-0000,1976.7160000000001,1976.378,0,0.0019
17.12.2014 03:37:55.420 GMT-0000,1976.911,1976.487,0,0.0004
17.12.2014 03:39:34.841 GMT-0000,1976.709,1976.383,0,0.0019
17.12.2014 03:40:38.844 GMT-0000,1976.408,1976.294,0,0.0004
17.12.2014 03:40:40.533 GMT-0000,1976.4,1975.9750000000001,0,0.0004
17.12.2014 03:40:50.260 GMT-0000,1976.101,1975.99,0,0.0004
17.12.2014 03:40:50.360 GMT-0000,1976.2179999999998,1975.9979999999998,0,0.0004
17.12.2014 03:40:50.675 GMT-0000,1976.2250000000001,1975.798,0,0.0022
17.12.2014 03:41:02.975 GMT-0000,1976.115,1975.8,0,0.0004
17.12.2014 03:41:42.663 GMT-0000,1976.213,1975.879,0,0.0019
17.12.2014 03:41:44.216 GMT-0000,1976.423,1975.9920000000002,0,0.0004
17.12.2014 03:42:14.949 GMT-0000,1976.4170000000001,1976.074,0,0.0019
17.12.2014 03:42:16.155 GMT-0000,1976.6129999999998,1976.2910000000002,0,0.0004
17.12.2014 03:42:16.485 GMT-0000,1976.7179999999998,1976.279,0,0.0004
17.12.2014 03:42:49.780 GMT-0000,1976.7,1976.3860000000002,0,0.0019
17.12.2014 03:43:30.319 GMT-0000,1976.7350000000001,1976.2620000000002,0,0.0004
17.12.2014 03:43:33.924 GMT-0000,1976.7120000000002,1976.383,0,0.0019
17.12.2014 03:43:51.944 GMT-0000,1976.701,1976.2720000000002,0,0.0004
17.12.2014 03:43:52.074 GMT-0000,1976.609,1976.2820000000002,0,0.0004
17.12.2014 03:44:02.888 GMT-0000,1976.4120000000003,1976.089,0,0.0019
17.12.2014 03:45:00.118 GMT-0000,1976.415,1975.9820000000002,0,0.0004
17.12.2014 03:47:46.600 GMT-0000,1976.4089999999999,1976.0929999999998,0,0.0019
17.12.2014 03:47:47.201 GMT-0000,1976.405,1976.1820000000002,0,0.0019
17.12.2014 03:47:47.962 GMT-0000,1976.711,1976.2820000000002,0,0.0004
17.12.2014 03:47:48.303 GMT-0000,1976.726,1976.399,0,0.0019
17.12.2014 03:47:48.964 GMT-0000,1976.9270000000001,1976.463,0,0.0004
17.12.2014 03:48:20.980 GMT-0000,1976.8270000000002,1976.481,0,0.0004
17.12.2014 03:48:22.318 GMT-0000,1976.74,1976.2970000000003,0,0.0004
17.12.2014 03:48:23.285 GMT-0000,1976.6100000000001,1976.295,0,0.0004
17.12.2014 03:48:27.492 GMT-0000,1976.513,1976.2870000000003,0,0.0004
17.12.2014 03:48:27.627 GMT-0000,1976.431,1975.993,0,0.0022
17.12.2014 03:49:37.364 GMT-0000,1976.4060000000002,1976.086,0,0.0019
17.12.2014 03:49:38.814 GMT-0000,1976.619,1976.283,0,0.0004
17.12.2014 03:49:41.768 GMT-0000,1976.724,1976.2920000000001,0,0.0004
17.12.2014 03:49:49.389 GMT-0000,1976.721,1976.3970000000002,0,0.0019
17.12.2014 03:49:54.691 GMT-0000,1976.606,1976.28,0,0.0004
17.12.2014 03:49:54.784 GMT-0000,1976.736,1976.269,0,0.0004
17.12.2014 03:50:29.526 GMT-0000,1976.612,1976.2810000000002,0,0.0004
17.12.2014 03:50:36.130 GMT-0000,1976.71,1976.26,0,0.0004
17.12.2014 03:50:40.837 GMT-0000,1976.601,1976.275,0,0.0004
17.12.2014 03:50:44.742 GMT-0000,1976.506,1976.2839999999999,0,0.0004
17.12.2014 03:50:44.999 GMT-0000,1976.421,1975.9950000000001,0,0.0022
17.12.2014 03:52:06.537 GMT-0000,1976.4070000000002,1976.088,0,0.0019
17.12.2014 03:52:07.039 GMT-0000,1976.4160000000002,1976.1820000000002,0,0.0019
17.12.2014 03:52:07.502 GMT-0000,1976.7279999999998,1976.275,0,0.0004
17.12.2014 03:52:49.591 GMT-0000,1976.714,1976.394,0,0.0019
17.12.2014 03:53:04.808 GMT-0000,1976.739,1976.268,0,0.0004
17.12.2014 03:53:17.623 GMT-0000,1976.709,1976.484,0,0.0019
17.12.2014 03:53:18.494 GMT-0000,1976.919,1976.4910000000002,0,0.0022
17.12.2014 03:53:19.428 GMT-0000,1976.929,1976.5910000000001,0,0.0019
17.12.2014 03:53:24.434 GMT-0000,1976.9089999999999,1976.793,0,0.0019
17.12.2014 03:53:25.306 GMT-0000,1977.224,1976.7910000000002,0,0.0022
17.12.2014 03:53:41.354 GMT-0000,1977.214,1976.9,0,0.0019
17.12.2014 03:53:43.457 GMT-0000,1977.203,1976.9879999999998,0,0.0019
17.12.2014 03:53:44.033 GMT-0000,1977.401,1976.961,0,0.0022
17.12.2014 03:54:03.981 GMT-0000,1976.91,1976.767,0,0.0004
17.12.2014 03:54:04.089 GMT-0000,1976.6229999999998,1976.059,0.0019,0.0019
17.12.2014 03:54:04.762 GMT-0000,1976.6229999999998,1976.2920000000001,0,0.0004
17.12.2014 03:54:06.387 GMT-0000,1976.7079999999999,1976.265,0,0.0004
17.12.2014 03:54:08.190 GMT-0000,1976.625,1976.273,0,0.0004
17.12.2014 03:54:14.096 GMT-0000,1976.723,1976.2820000000002,0,0.0004
17.12.2014 03:54:14.196 GMT-0000,1976.621,1976.2810000000002,0,0.0004
17.12.2014 03:54:19.553 GMT-0000,1976.723,1976.2920000000001,0,0.0004
17.12.2014 03:55:06.056 GMT-0000,1976.721,1976.372,0,0.0019
17.12.2014 03:55:08.146 GMT-0000,1976.913,1976.497,0,0.0004
17.12.2014 03:55:17.158 GMT-0000,1977.01,1976.7,0,0.0004
17.12.2014 03:55:18.361 GMT-0000,1977.01,1976.788,0,0.0004
17.12.2014 03:55:18.773 GMT-0000,1977.104,1976.7920000000001,0,0.0004
17.12.2014 03:55:29.086 GMT-0000,1976.91,1976.794,0,0.0004
