Local time,Ask,Bid,AskVolume,BidVolume
11.12.2019 00:00:02.860 GMT+0100,3135.83,3135.37,0.0001,0.0009
11.12.2019 00:00:02.960 GMT+0100,3135.33,3134.67,0.0027,0.0031
11.12.2019 00:00:09.307 GMT+0100,3135.03,3134.67,0.0001,0.0009
11.12.2019 00:00:09.357 GMT+0100,3135.03,3134.37,0.0027,0.0031
11.12.2019 00:00:10.646 GMT+0100,3134.83,3134.37,0.0001,0.0009
11.12.2019 00:00:10.696 GMT+0100,3134.83,3134.17,0.0001,0.003
11.12.2019 00:00:11.026 GMT+0100,3134.83,3134.369,0.0001,0.0008
11.12.2019 00:00:11.077 GMT+0100,3135.03,3134.37,0.0025,0.0023
11.12.2019 00:00:11.459 GMT+0100,3134.83,3134.17,0.0001,0.0022
11.12.2019 00:00:11.612 GMT+0100,3134.8309999999997,3134.369,0,0.0022
11.12.2019 00:00:11.662 GMT+0100,3135.03,3134.37,0,0.0009
11.12.2019 00:00:15.994 GMT+0100,3135.03,3134.6690000000003,0,0.0022
11.12.2019 00:00:16.044 GMT+0100,3135.3309999999997,3134.67,0.0027,0.0008
11.12.2019 00:00:18.884 GMT+0100,3135.3309999999997,3134.869,0.0001,0.0001
11.12.2019 00:00:18.935 GMT+0100,3135.531,3134.869,0.0027,0.0031
11.12.2019 00:00:19.388 GMT+0100,3135.83,3135.17,0,0.0001
11.12.2019 00:00:20.710 GMT+0100,3136.03,3135.37,0,0.0001
11.12.2019 00:00:21.754 GMT+0100,3136.03,3135.67,0,0.0022
11.12.2019 00:00:21.804 GMT+0100,3136.33,3135.67,0.0025,0.0023
11.12.2019 00:00:22.359 GMT+0100,3136.031,3135.37,0.0027,0.0008
11.12.2019 00:00:24.408 GMT+0100,3135.8309999999997,3135.37,0.0001,0.0008
11.12.2019 00:00:24.458 GMT+0100,3135.8309999999997,3135.17,0.0027,0.0008
11.12.2019 00:00:34.455 GMT+0100,3135.531,3135.17,0.0001,0.0008
11.12.2019 00:00:34.505 GMT+0100,3135.53,3134.87,0,0.0009
11.12.2019 00:00:36.324 GMT+0100,3135.53,3134.9690000000005,0,0.0022
11.12.2019 00:00:36.375 GMT+0100,3135.631,3134.9700000000003,0.0027,0.0008
11.12.2019 00:00:36.490 GMT+0100,3135.53,3134.9700000000003,0.0001,0.0008
11.12.2019 00:00:36.540 GMT+0100,3135.53,3134.87,0.0025,0.0023
11.12.2019 00:00:49.512 GMT+0100,3135.53,3135.1690000000003,0,0.0022
11.12.2019 00:00:49.563 GMT+0100,3135.8309999999997,3135.1690000000003,0.0027,0.0031
11.12.2019 00:00:50.685 GMT+0100,3135.631,3135.1690000000003,0.0001,0.0009
11.12.2019 00:00:50.735 GMT+0100,3135.63,3134.9700000000003,0,0.0009
11.12.2019 00:00:51.207 GMT+0100,3135.531,3134.9700000000003,0.0001,0.0009
11.12.2019 00:00:51.257 GMT+0100,3135.53,3134.87,0,0.0001
11.12.2019 00:00:51.520 GMT+0100,3135.53,3134.9700000000003,0,0.0022
11.12.2019 00:00:51.571 GMT+0100,3135.63,3134.9700000000003,0.0025,0.0023
11.12.2019 00:00:51.690 GMT+0100,3135.531,3134.9700000000003,0.0001,0.0001
11.12.2019 00:00:51.740 GMT+0100,3135.53,3134.87,0,0.0001
11.12.2019 00:00:52.012 GMT+0100,3135.53,3135.1690000000003,0,0.0022
11.12.2019 00:00:52.062 GMT+0100,3135.8309999999997,3135.1690000000003,0.0027,0.0031
11.12.2019 00:00:52.176 GMT+0100,3135.53,3135.1690000000003,0.0001,0.0009
11.12.2019 00:00:52.226 GMT+0100,3135.53,3134.87,0.0027,0.0031
11.12.2019 00:00:57.441 GMT+0100,3135.53,3134.9700000000003,0,0.0022
11.12.2019 00:00:57.492 GMT+0100,3135.63,3134.9700000000003,0.0025,0.0023
11.12.2019 00:00:57.668 GMT+0100,3135.63,3135.17,0,0.0022
11.12.2019 00:00:57.718 GMT+0100,3135.83,3135.17,0.0001,0.003
11.12.2019 00:00:57.832 GMT+0100,3135.531,3135.17,0.0001,0.0008
11.12.2019 00:00:57.882 GMT+0100,3135.53,3134.87,0,0.0009
11.12.2019 00:01:00.234 GMT+0100,3135.53,3135.17,0,0.0022
11.12.2019 00:01:00.285 GMT+0100,3135.83,3135.17,0.0001,0.003
11.12.2019 00:01:00.401 GMT+0100,3135.53,3135.17,0.0001,0.0008
11.12.2019 00:01:00.516 GMT+0100,3135.53,3134.87,0.0025,0.0023
11.12.2019 00:01:00.604 GMT+0100,3135.83,3135.17,0,0.0009
11.12.2019 00:01:00.878 GMT+0100,3135.63,3135.17,0.0001,0.0009
11.12.2019 00:01:00.928 GMT+0100,3135.63,3134.9700000000003,0.0025,0.0023
11.12.2019 00:01:01.199 GMT+0100,3135.531,3134.9700000000003,0.0001,0.0001
11.12.2019 00:01:01.250 GMT+0100,3135.53,3134.87,0,0.0001
11.12.2019 00:01:01.375 GMT+0100,3135.63,3134.9700000000003,0,0.0009
11.12.2019 00:01:01.523 GMT+0100,3135.53,3134.9700000000003,0.0001,0.0009
11.12.2019 00:01:01.573 GMT+0100,3135.53,3134.87,0.0001,0.003
11.12.2019 00:01:10.299 GMT+0100,3135.3309999999997,3134.67,0.0027,0.0008
11.12.2019 00:01:11.669 GMT+0100,3135.3309999999997,3134.87,0,0.0022
11.12.2019 00:01:11.719 GMT+0100,3135.53,3134.87,0.0025,0.0023
11.12.2019 00:01:13.399 GMT+0100,3135.33,3134.87,0.0001,0.0001
11.12.2019 00:01:13.449 GMT+0100,3135.33,3134.67,0.0025,0.0023
11.12.2019 00:01:14.467 GMT+0100,3135.33,3134.87,0,0.0022
11.12.2019 00:01:14.526 GMT+0100,3135.53,3134.87,0.0001,0.003
11.12.2019 00:01:16.239 GMT+0100,3135.3309999999997,3134.6690000000003,0.0027,0.0031
11.12.2019 00:01:20.649 GMT+0100,3135.13,3134.6690000000003,0.0001,0.0009
11.12.2019 00:01:20.699 GMT+0100,3135.13,3134.4700000000003,0.0025,0.0023
11.12.2019 00:01:20.809 GMT+0100,3135.031,3134.4700000000003,0.0001,0.0001
11.12.2019 00:01:20.860 GMT+0100,3135.03,3134.37,0,0.0001
11.12.2019 00:01:22.425 GMT+0100,3135.03,3134.6690000000003,0,0.0022
11.12.2019 00:01:22.475 GMT+0100,3135.33,3134.67,0,0.0009
11.12.2019 00:01:22.585 GMT+0100,3135.031,3134.67,0.0001,0.0009
11.12.2019 00:01:22.635 GMT+0100,3135.031,3134.369,0.0027,0.0031
11.12.2019 00:01:24.163 GMT+0100,3135.33,3134.67,0.0027,0.0031
11.12.2019 00:02:03.089 GMT+0100,3135.33,3134.87,0.0025,0.0008
11.12.2019 00:02:03.140 GMT+0100,3135.53,3134.87,0.0027,0.0031
11.12.2019 00:02:22.187 GMT+0100,3135.3309999999997,3134.87,0.0001,0.0009
11.12.2019 00:02:22.237 GMT+0100,3135.3309999999997,3134.67,0.0027,0.0008
11.12.2019 00:04:01.935 GMT+0100,3135.4300000000003,3134.77,0.0025,0.0022
11.12.2019 00:04:01.985 GMT+0100,3135.4300000000003,3134.77,0.0025,0.0023
11.12.2019 00:04:02.676 GMT+0100,3135.4300000000003,3134.87,0,0.0022
11.12.2019 00:04:02.726 GMT+0100,3135.53,3134.87,0.0001,0.0022
11.12.2019 00:04:02.836 GMT+0100,3135.4300000000003,3134.869,0.0001,0.0009
11.12.2019 00:04:02.887 GMT+0100,3135.4300000000003,3134.77,0.0027,0.0031
11.12.2019 00:04:02.999 GMT+0100,3135.33,3134.77,0.0001,0.0009
11.12.2019 00:04:03.049 GMT+0100,3135.33,3134.67,0.0001,0.003
11.12.2019 00:04:03.160 GMT+0100,3135.3309999999997,3134.7690000000002,0,0.0022
11.12.2019 00:04:03.210 GMT+0100,3135.4300000000003,3134.77,0,0.0009
11.12.2019 00:04:04.037 GMT+0100,3135.4300000000003,3134.87,0,0.0022
11.12.2019 00:04:04.087 GMT+0100,3135.53,3134.87,0.0001,0.0022
11.12.2019 00:04:04.194 GMT+0100,3135.431,3134.869,0.0001,0.0009
11.12.2019 00:04:04.244 GMT+0100,3135.4300000000003,3134.77,0,0.0001
11.12.2019 00:04:05.603 GMT+0100,3135.33,3134.77,0.0001,0.0001
11.12.2019 00:04:05.653 GMT+0100,3135.33,3134.67,0.0001,0.0022
11.12.2019 00:04:32.982 GMT+0100,3135.031,3134.6690000000003,0.0001,0.0009
11.12.2019 00:04:33.032 GMT+0100,3135.03,3134.37,0,0.0001
11.12.2019 00:05:33.047 GMT+0100,3135.031,3134.369,0.0025,0.003
11.12.2019 00:05:37.729 GMT+0100,3135.13,3134.4700000000003,0.0025,0.0022
11.12.2019 00:05:37.779 GMT+0100,3135.13,3134.4700000000003,0.0025,0.0023
11.12.2019 00:05:37.901 GMT+0100,3135.13,3134.6690000000003,0,0.0022
11.12.2019 00:05:37.952 GMT+0100,3135.3309999999997,3134.67,0.0027,0.0008
11.12.2019 00:05:38.061 GMT+0100,3135.03,3134.67,0.0001,0.0008
11.12.2019 00:05:38.111 GMT+0100,3135.03,3134.37,0.0025,0.0023
11.12.2019 00:05:38.220 GMT+0100,3135.03,3134.67,0,0.0022
11.12.2019 00:05:38.271 GMT+0100,3135.33,3134.67,0.0001,0.003
11.12.2019 00:05:38.385 GMT+0100,3135.13,3134.67,0.0001,0.0008
11.12.2019 00:05:38.436 GMT+0100,3135.13,3134.4700000000003,0.0001,0.0022
11.12.2019 00:05:38.542 GMT+0100,3135.131,3134.67,0,0.0022
11.12.2019 00:05:38.593 GMT+0100,3135.33,3134.67,0.0027,0.0031
11.12.2019 00:06:16.840 GMT+0100,3135.03,3134.67,0.0001,0.0009
11.12.2019 00:06:16.890 GMT+0100,3135.03,3134.37,0.0001,0.0022
11.12.2019 00:06:19.170 GMT+0100,3134.8309999999997,3134.369,0.0001,0.0009
11.12.2019 00:06:19.221 GMT+0100,3134.83,3134.17,0,0.0001
11.12.2019 00:06:49.281 GMT+0100,3134.83,3134.37,0,0.0022
11.12.2019 00:06:49.332 GMT+0100,3135.03,3134.37,0.0001,0.0022
11.12.2019 00:07:04.752 GMT+0100,3134.8309999999997,3134.369,0.0001,0.0009
11.12.2019 00:07:04.802 GMT+0100,3134.8309999999997,3134.17,0.0027,0.0008
11.12.2019 00:07:18.240 GMT+0100,3134.531,3133.869,0.0027,0.0031
11.12.2019 00:07:22.661 GMT+0100,3134.531,3134.1690000000003,0,0.0022
11.12.2019 00:07:22.711 GMT+0100,3134.8309999999997,3134.1690000000003,0.0027,0.0031
11.12.2019 00:07:28.002 GMT+0100,3134.53,3134.1690000000003,0.0001,0.0009
11.12.2019 00:07:28.053 GMT+0100,3134.53,3133.87,0.0001,0.003
11.12.2019 00:07:30.482 GMT+0100,3134.631,3133.9700000000003,0.0027,0.0008
11.12.2019 00:07:33.373 GMT+0100,3134.531,3133.9700000000003,0.0001,0.0008
11.12.2019 00:07:33.423 GMT+0100,3134.531,3133.869,0.0027,0.0031
11.12.2019 00:07:36.029 GMT+0100,3134.531,3134.17,0,0.0022
11.12.2019 00:07:36.079 GMT+0100,3134.83,3134.17,0.0001,0.003
11.12.2019 00:08:02.678 GMT+0100,3134.531,3134.17,0.0001,0.0008
11.12.2019 00:08:02.728 GMT+0100,3134.531,3133.87,0.0027,0.0008
11.12.2019 00:08:09.637 GMT+0100,3134.531,3133.9700000000003,0,0.0022
11.12.2019 00:08:09.688 GMT+0100,3134.63,3133.9700000000003,0.0027,0.0031
11.12.2019 00:08:10.799 GMT+0100,3134.531,3133.9700000000003,0.0001,0.0009
11.12.2019 00:08:10.849 GMT+0100,3134.53,3133.87,0,0.0009
11.12.2019 00:08:12.777 GMT+0100,3134.53,3134.17,0,0.0022
11.12.2019 00:08:12.828 GMT+0100,3134.83,3134.17,0.0001,0.003
11.12.2019 00:08:12.938 GMT+0100,3134.53,3134.17,0.0001,0.0008
11.12.2019 00:08:12.989 GMT+0100,3134.53,3133.87,0.0027,0.0031
11.12.2019 00:08:17.472 GMT+0100,3134.53,3134.17,0,0.0022
11.12.2019 00:08:17.522 GMT+0100,3134.83,3134.17,0.0025,0.0023
11.12.2019 00:08:23.301 GMT+0100,3134.53,3133.87,0,0.0001
11.12.2019 00:08:31.386 GMT+0100,3134.3309999999997,3133.87,0.0001,0.0001
11.12.2019 00:08:31.437 GMT+0100,3134.33,3133.67,0,0.0001
11.12.2019 00:08:39.885 GMT+0100,3134.33,3133.869,0,0.0022
11.12.2019 00:08:39.936 GMT+0100,3134.53,3133.87,0,0.0009
11.12.2019 00:08:57.975 GMT+0100,3134.33,3133.67,0.0027,0.0031
11.12.2019 00:09:22.852 GMT+0100,3134.33,3133.87,0,0.0022
11.12.2019 00:09:22.902 GMT+0100,3134.53,3133.87,0.0025,0.0023
11.12.2019 00:10:08.157 GMT+0100,3134.53,3134.17,0,0.0022
11.12.2019 00:10:08.207 GMT+0100,3134.83,3134.17,0.0027,0.0031
11.12.2019 00:10:22.281 GMT+0100,3134.53,3134.17,0.0001,0.0009
11.12.2019 00:10:22.332 GMT+0100,3134.53,3133.87,0.0025,0.0023
11.12.2019 00:10:47.541 GMT+0100,3134.53,3134.1690000000003,0,0.0022
11.12.2019 00:10:47.591 GMT+0100,3134.8309999999997,3134.1690000000003,0.0027,0.0031
11.12.2019 00:10:54.295 GMT+0100,3134.53,3133.87,0,0.0001
11.12.2019 00:11:02.548 GMT+0100,3134.83,3134.17,0.0025,0.0023
11.12.2019 00:11:03.540 GMT+0100,3134.53,3133.87,0,0.0001
11.12.2019 00:11:35.070 GMT+0100,3134.53,3134.1690000000003,0,0.0022
11.12.2019 00:11:35.121 GMT+0100,3134.83,3134.17,0,0.0001
11.12.2019 00:12:28.176 GMT+0100,3135.03,3134.37,0,0.0001
11.12.2019 00:12:34.496 GMT+0100,3134.83,3134.37,0.0001,0.0001
11.12.2019 00:12:34.546 GMT+0100,3134.83,3134.17,0.0001,0.0022
11.12.2019 00:12:52.202 GMT+0100,3134.53,3134.1690000000003,0.0001,0.0009
11.12.2019 00:12:52.253 GMT+0100,3134.53,3133.87,0.0027,0.0031
11.12.2019 00:12:54.400 GMT+0100,3134.53,3134.17,0,0.0022
11.12.2019 00:12:54.450 GMT+0100,3134.83,3134.17,0.0001,0.003
11.12.2019 00:13:20.315 GMT+0100,3134.531,3134.17,0.0001,0.0008
11.12.2019 00:13:20.365 GMT+0100,3134.53,3133.87,0,0.0009
11.12.2019 00:14:16.399 GMT+0100,3134.53,3134.17,0,0.0022
11.12.2019 00:14:16.449 GMT+0100,3134.83,3134.17,0.0025,0.0023
11.12.2019 00:14:17.329 GMT+0100,3134.53,3133.87,0.0027,0.0031
11.12.2019 00:14:17.485 GMT+0100,3134.53,3134.17,0,0.0022
11.12.2019 00:14:17.535 GMT+0100,3134.83,3134.17,0.0001,0.0022
11.12.2019 00:15:56.014 GMT+0100,3135.031,3134.369,0.0025,0.0022
11.12.2019 00:15:56.064 GMT+0100,3135.03,3134.37,0,0.0001
11.12.2019 00:15:56.699 GMT+0100,3134.9300000000003,3134.37,0.0001,0.0001
11.12.2019 00:15:56.750 GMT+0100,3134.9300000000003,3134.27,0.0027,0.0031
11.12.2019 00:15:56.866 GMT+0100,3134.9300000000003,3134.369,0,0.0022
11.12.2019 00:15:56.917 GMT+0100,3135.031,3134.37,0.0027,0.0008
11.12.2019 00:18:05.961 GMT+0100,3135.33,3134.67,0.0025,0.0022
11.12.2019 00:18:06.045 GMT+0100,3135.33,3134.67,0.0025,0.0023
11.12.2019 00:19:18.371 GMT+0100,3135.53,3134.87,0.0025,0.0022
11.12.2019 00:19:18.422 GMT+0100,3135.53,3134.87,0.0025,0.0023
11.12.2019 00:19:19.335 GMT+0100,3135.33,3134.87,0.0001,0.0001
11.12.2019 00:19:19.386 GMT+0100,3135.33,3134.67,0.0001,0.0022
11.12.2019 00:19:51.632 GMT+0100,3135.3309999999997,3134.869,0,0.0022
11.12.2019 00:19:51.683 GMT+0100,3135.531,3134.869,0.0027,0.0031
11.12.2019 00:21:11.284 GMT+0100,3135.531,3135.17,0.0001,0.0001
11.12.2019 00:21:11.334 GMT+0100,3135.83,3135.17,0.0027,0.0031
11.12.2019 00:22:10.496 GMT+0100,3135.83,3135.37,0,0.0022
11.12.2019 00:22:10.546 GMT+0100,3136.03,3135.37,0.0025,0.0023
11.12.2019 00:22:28.001 GMT+0100,3136.03,3135.6690000000003,0,0.0022
11.12.2019 00:22:28.051 GMT+0100,3136.3309999999997,3135.6690000000003,0.0027,0.0031
11.12.2019 00:22:30.912 GMT+0100,3136.3309999999997,3135.87,0,0.0022
11.12.2019 00:22:30.962 GMT+0100,3136.53,3135.87,0.0025,0.0023
11.12.2019 00:22:34.102 GMT+0100,3136.53,3136.17,0.0025,0.0008
11.12.2019 00:22:34.161 GMT+0100,3136.8309999999997,3136.17,0.0027,0.0008
11.12.2019 00:22:34.259 GMT+0100,3136.8309999999997,3136.37,0,0.0022
11.12.2019 00:22:34.309 GMT+0100,3137.03,3136.37,0.0025,0.0023
11.12.2019 00:22:34.416 GMT+0100,3137.03,3136.6690000000003,0,0.0022
11.12.2019 00:22:34.467 GMT+0100,3137.33,3136.67,0,0.0001
11.12.2019 00:22:34.747 GMT+0100,3137.031,3136.67,0.0001,0.0001
11.12.2019 00:22:34.797 GMT+0100,3137.03,3136.37,0,0.0001
11.12.2019 00:22:36.213 GMT+0100,3137.03,3136.67,0,0.0022
11.12.2019 00:22:36.263 GMT+0100,3137.33,3136.67,0.0025,0.0023
11.12.2019 00:22:36.381 GMT+0100,3137.031,3136.67,0,0.0022
11.12.2019 00:22:36.431 GMT+0100,3137.031,3136.37,0.0027,0.0008
11.12.2019 00:22:37.534 GMT+0100,3137.031,3136.67,0.0001,0.0001
11.12.2019 00:22:37.635 GMT+0100,3137.33,3136.67,0.0027,0.0031
11.12.2019 00:22:38.916 GMT+0100,3137.33,3136.869,0,0.0022
11.12.2019 00:22:38.966 GMT+0100,3137.53,3136.87,0,0.0009
11.12.2019 00:22:39.088 GMT+0100,3137.53,3137.1690000000003,0,0.0022
11.12.2019 00:22:39.139 GMT+0100,3137.8309999999997,3137.17,0.0027,0.0008
11.12.2019 00:22:39.718 GMT+0100,3137.8309999999997,3137.369,0,0.0022
11.12.2019 00:22:39.769 GMT+0100,3138.03,3137.37,0,0.0001
11.12.2019 00:22:40.205 GMT+0100,3137.83,3137.37,0.0001,0.0001
11.12.2019 00:22:40.255 GMT+0100,3137.83,3137.17,0.0027,0.0031
11.12.2019 00:22:41.815 GMT+0100,3137.53,3137.17,0.0001,0.0009
11.12.2019 00:22:41.866 GMT+0100,3137.53,3136.87,0.0027,0.0031
11.12.2019 00:22:42.943 GMT+0100,3137.53,3137.17,0,0.0022
11.12.2019 00:22:42.994 GMT+0100,3137.83,3137.17,0.0001,0.0022
11.12.2019 00:22:43.822 GMT+0100,3137.53,3137.1690000000003,0.0001,0.0009
11.12.2019 00:22:43.873 GMT+0100,3137.53,3136.87,0.0025,0.0023
11.12.2019 00:22:51.405 GMT+0100,3137.33,3136.87,0.0001,0.0001
11.12.2019 00:22:51.455 GMT+0100,3137.33,3136.67,0.0027,0.0031
11.12.2019 00:23:02.291 GMT+0100,3137.031,3136.67,0.0001,0.0009
11.12.2019 00:23:02.342 GMT+0100,3137.03,3136.37,0,0.0001
11.12.2019 00:23:11.139 GMT+0100,3137.03,3136.6690000000003,0,0.0022
11.12.2019 00:23:11.190 GMT+0100,3137.33,3136.67,0,0.0001
11.12.2019 00:23:12.977 GMT+0100,3137.031,3136.67,0.0001,0.0001
11.12.2019 00:23:13.028 GMT+0100,3137.03,3136.37,0,0.0009
11.12.2019 00:23:18.247 GMT+0100,3137.03,3136.67,0,0.0022
11.12.2019 00:23:18.297 GMT+0100,3137.33,3136.67,0.0001,0.0022
11.12.2019 00:23:18.563 GMT+0100,3137.03,3136.6690000000003,0.0001,0.0009
11.12.2019 00:23:18.614 GMT+0100,3137.03,3136.37,0.0025,0.0023
11.12.2019 00:23:36.339 GMT+0100,3136.83,3136.37,0.0001,0.0001
11.12.2019 00:23:36.389 GMT+0100,3136.83,3136.17,0.0001,0.0022
11.12.2019 00:23:36.655 GMT+0100,3136.8309999999997,3136.369,0,0.0022
11.12.2019 00:23:36.706 GMT+0100,3137.031,3136.369,0.0027,0.0031
11.12.2019 00:23:42.433 GMT+0100,3136.931,3136.369,0.0001,0.0009
11.12.2019 00:23:42.483 GMT+0100,3136.9300000000003,3136.27,0,0.0009
11.12.2019 00:23:42.594 GMT+0100,3136.9300000000003,3136.369,0,0.0022
11.12.2019 00:23:42.644 GMT+0100,3137.031,3136.37,0.0027,0.0008
11.12.2019 00:23:44.185 GMT+0100,3136.8309999999997,3136.17,0.0027,0.0008
11.12.2019 00:23:51.652 GMT+0100,3136.531,3136.17,0.0001,0.0008
11.12.2019 00:23:51.702 GMT+0100,3136.53,3135.87,0,0.0009
11.12.2019 00:24:34.763 GMT+0100,3136.33,3135.67,0.0025,0.0023
11.12.2019 00:24:58.227 GMT+0100,3136.53,3135.87,0.0001,0.0022
11.12.2019 00:25:00.460 GMT+0100,3136.33,3135.869,0.0001,0.0009
11.12.2019 00:25:00.510 GMT+0100,3136.33,3135.67,0.0025,0.0023
11.12.2019 00:25:03.511 GMT+0100,3136.53,3135.87,0.0027,0.0031
11.12.2019 00:25:03.621 GMT+0100,3136.3309999999997,3135.87,0.0001,0.0009
11.12.2019 00:25:03.671 GMT+0100,3136.3309999999997,3135.6690000000003,0.0027,0.0031
11.12.2019 00:25:28.284 GMT+0100,3136.03,3135.37,0,0.0001
11.12.2019 00:25:41.921 GMT+0100,3136.03,3135.67,0,0.0022
11.12.2019 00:25:41.971 GMT+0100,3136.33,3135.67,0.0001,0.003
11.12.2019 00:26:10.274 GMT+0100,3136.031,3135.67,0.0001,0.0008
11.12.2019 00:26:10.324 GMT+0100,3136.03,3135.37,0,0.0009
11.12.2019 00:26:14.536 GMT+0100,3136.13,3135.4700000000003,0.0027,0.0031
11.12.2019 00:26:15.676 GMT+0100,3136.031,3135.4700000000003,0.0001,0.0009
11.12.2019 00:26:15.744 GMT+0100,3136.031,3135.37,0.0027,0.0008
11.12.2019 00:26:19.101 GMT+0100,3136.031,3135.4690000000005,0,0.0022
11.12.2019 00:26:19.152 GMT+0100,3136.13,3135.4700000000003,0,0.0001
11.12.2019 00:26:19.871 GMT+0100,3136.13,3135.67,0,0.0022
11.12.2019 00:26:19.921 GMT+0100,3136.33,3135.67,0.0001,0.003
11.12.2019 00:26:35.802 GMT+0100,3136.03,3135.67,0.0001,0.0008
11.12.2019 00:26:35.852 GMT+0100,3136.03,3135.37,0.0001,0.003
11.12.2019 00:27:29.002 GMT+0100,3136.031,3135.6690000000003,0,0.0022
11.12.2019 00:27:29.052 GMT+0100,3136.3309999999997,3135.67,0.0027,0.0008
11.12.2019 00:27:29.213 GMT+0100,3136.13,3135.4700000000003,0,0.0001
11.12.2019 00:27:30.773 GMT+0100,3136.031,3135.4700000000003,0.0001,0.0001
11.12.2019 00:27:30.823 GMT+0100,3136.03,3135.37,0,0.0009
11.12.2019 00:27:31.094 GMT+0100,3136.03,3135.4690000000005,0,0.0022
11.12.2019 00:27:31.144 GMT+0100,3136.131,3135.4700000000003,0.0027,0.0008
11.12.2019 00:27:31.256 GMT+0100,3136.031,3135.4700000000003,0.0001,0.0008
11.12.2019 00:27:31.306 GMT+0100,3136.031,3135.37,0.0027,0.0008
11.12.2019 00:27:31.416 GMT+0100,3136.031,3135.4700000000003,0,0.0022
11.12.2019 00:27:31.466 GMT+0100,3136.13,3135.4700000000003,0.0025,0.0023
11.12.2019 00:27:32.225 GMT+0100,3136.13,3135.67,0,0.0022
11.12.2019 00:27:32.275 GMT+0100,3136.33,3135.67,0.0001,0.0022
11.12.2019 00:27:32.390 GMT+0100,3136.131,3135.6690000000003,0.0001,0.0009
11.12.2019 00:27:32.440 GMT+0100,3136.13,3135.4700000000003,0,0.0009
11.12.2019 00:27:33.559 GMT+0100,3136.03,3135.4700000000003,0.0001,0.0009
11.12.2019 00:27:33.653 GMT+0100,3136.03,3135.37,0.0027,0.0031
11.12.2019 00:27:40.557 GMT+0100,3136.03,3135.4690000000005,0,0.0022
11.12.2019 00:27:40.608 GMT+0100,3136.13,3135.4700000000003,0,0.0001
11.12.2019 00:27:41.758 GMT+0100,3136.33,3135.67,0.0027,0.0031
11.12.2019 00:27:41.901 GMT+0100,3136.13,3135.67,0.0001,0.0009
11.12.2019 00:27:41.951 GMT+0100,3136.13,3135.4700000000003,0.0025,0.0023
11.12.2019 00:27:42.677 GMT+0100,3136.03,3135.4700000000003,0.0001,0.0001
11.12.2019 00:27:42.727 GMT+0100,3136.03,3135.37,0.0027,0.0031
11.12.2019 00:28:54.829 GMT+0100,3136.131,3135.4690000000005,0.0025,0.0022
11.12.2019 00:28:54.880 GMT+0100,3136.13,3135.4700000000003,0,0.0009
11.12.2019 00:28:57.909 GMT+0100,3136.13,3135.67,0,0.0022
11.12.2019 00:28:57.960 GMT+0100,3136.33,3135.67,0.0001,0.003
11.12.2019 00:28:58.074 GMT+0100,3136.031,3135.67,0.0001,0.0008
11.12.2019 00:28:58.124 GMT+0100,3136.031,3135.369,0.0027,0.0031
11.12.2019 00:29:30.238 GMT+0100,3136.031,3135.67,0,0.0022
11.12.2019 00:29:30.289 GMT+0100,3136.33,3135.67,0.0025,0.0023
11.12.2019 00:29:30.417 GMT+0100,3136.03,3135.37,0.0027,0.0031
11.12.2019 00:30:06.210 GMT+0100,3135.83,3135.37,0.0001,0.0009
11.12.2019 00:30:06.260 GMT+0100,3135.83,3135.17,0.0027,0.0031
11.12.2019 00:30:49.154 GMT+0100,3135.3340000000003,3135.17,0.0001,0.0009
11.12.2019 00:30:49.204 GMT+0100,3135.33,3134.67,0.0001,0.003
11.12.2019 00:30:49.311 GMT+0100,3135.3309999999997,3134.87,0,0.0022
11.12.2019 00:30:49.362 GMT+0100,3135.53,3134.87,0.0001,0.0022
11.12.2019 00:30:49.472 GMT+0100,3135.33,3134.869,0.0001,0.0009
11.12.2019 00:30:49.522 GMT+0100,3135.33,3134.67,0.0001,0.0022
11.12.2019 00:30:56.593 GMT+0100,3135.031,3134.6690000000003,0.0001,0.0009
11.12.2019 00:30:56.643 GMT+0100,3135.031,3134.37,0.0027,0.0008
11.12.2019 00:31:23.254 GMT+0100,3134.8309999999997,3134.37,0.0001,0.0008
11.12.2019 00:31:23.304 GMT+0100,3134.8309999999997,3134.1690000000003,0.0027,0.0031
11.12.2019 00:31:29.157 GMT+0100,3134.8309999999997,3134.369,0,0.0022
11.12.2019 00:31:29.207 GMT+0100,3135.031,3134.369,0.0027,0.0031
11.12.2019 00:33:06.972 GMT+0100,3135.33,3134.67,0.0025,0.0022
11.12.2019 00:33:07.022 GMT+0100,3135.33,3134.67,0.0001,0.0022
11.12.2019 00:33:22.883 GMT+0100,3135.031,3134.6690000000003,0.0001,0.0009
11.12.2019 00:33:22.934 GMT+0100,3135.03,3134.37,0,0.0001
11.12.2019 00:33:23.063 GMT+0100,3135.031,3134.4690000000005,0.0001,0.0009
11.12.2019 00:33:23.113 GMT+0100,3135.13,3134.4700000000003,0.0001,0.0022
11.12.2019 00:33:24.351 GMT+0100,3135.031,3134.4690000000005,0.0001,0.0009
11.12.2019 00:33:24.402 GMT+0100,3135.031,3134.37,0.0027,0.0008
11.12.2019 00:34:04.699 GMT+0100,3135.031,3134.6690000000003,0,0.0022
11.12.2019 00:34:04.749 GMT+0100,3135.33,3134.67,0,0.0001
11.12.2019 00:34:06.830 GMT+0100,3135.03,3134.67,0.0001,0.0001
11.12.2019 00:34:06.881 GMT+0100,3135.03,3134.37,0.0001,0.003
11.12.2019 00:34:24.497 GMT+0100,3134.83,3134.37,0.0001,0.0008
11.12.2019 00:34:24.547 GMT+0100,3134.83,3134.17,0.0025,0.0023
11.12.2019 00:35:58.615 GMT+0100,3135.031,3134.369,0.0025,0.0022
11.12.2019 00:35:58.665 GMT+0100,3135.03,3134.37,0,0.0001
11.12.2019 00:36:58.635 GMT+0100,3135.031,3134.369,0.0025,0.003
11.12.2019 00:37:24.960 GMT+0100,3134.8309999999997,3134.369,0.0022,0.0008
11.12.2019 00:37:25.010 GMT+0100,3134.8309999999997,3134.17,0.0027,0.0008
11.12.2019 00:37:25.286 GMT+0100,3134.53,3134.17,0,0.0008
11.12.2019 00:37:25.337 GMT+0100,3134.53,3133.87,0.0025,0.0023
11.12.2019 00:37:25.780 GMT+0100,3134.33,3133.67,0.0025,0.0023
11.12.2019 00:37:25.934 GMT+0100,3134.33,3133.67,0.0027,0.0023
11.12.2019 00:37:26.035 GMT+0100,3134.031,3133.369,0.0027,0.0031
11.12.2019 00:37:26.771 GMT+0100,3133.8309999999997,3133.17,0.0027,0.0008
11.12.2019 00:37:26.901 GMT+0100,3133.531,3133.17,0,0.0008
11.12.2019 00:37:27.051 GMT+0100,3133.53,3133.17,0.0001,0.0008
11.12.2019 00:37:27.101 GMT+0100,3133.53,3132.87,0.0001,0.003
11.12.2019 00:37:27.628 GMT+0100,3133.33,3132.87,0.0001,0.0008
11.12.2019 00:37:27.678 GMT+0100,3133.33,3132.67,0.0027,0.0031
11.12.2019 00:37:27.786 GMT+0100,3133.33,3132.869,0,0.0022
11.12.2019 00:37:27.836 GMT+0100,3133.531,3132.869,0.0027,0.0031
11.12.2019 00:37:28.946 GMT+0100,3133.531,3133.1690000000003,0,0.0022
11.12.2019 00:37:28.996 GMT+0100,3133.8309999999997,3133.1690000000003,0.0027,0.0031
11.12.2019 00:37:30.732 GMT+0100,3133.53,3132.87,0.0001,0.0022
11.12.2019 00:37:34.806 GMT+0100,3133.531,3133.1690000000003,0,0.0022
11.12.2019 00:37:34.856 GMT+0100,3133.8309999999997,3133.1690000000003,0.0027,0.0031
11.12.2019 00:37:40.302 GMT+0100,3134.031,3133.37,0.0027,0.0008
11.12.2019 00:37:41.074 GMT+0100,3133.8309999999997,3133.37,0.0001,0.0008
11.12.2019 00:37:41.124 GMT+0100,3133.8309999999997,3133.17,0.0027,0.0008
11.12.2019 00:37:55.598 GMT+0100,3133.8309999999997,3133.369,0,0.0022
11.12.2019 00:37:55.649 GMT+0100,3134.031,3133.37,0.0027,0.0008
11.12.2019 00:38:35.469 GMT+0100,3134.031,3133.6690000000003,0,0.0022
11.12.2019 00:38:35.519 GMT+0100,3134.33,3133.67,0,0.0009
11.12.2019 00:38:48.585 GMT+0100,3134.03,3133.67,0.0001,0.0009
11.12.2019 00:38:48.636 GMT+0100,3134.03,3133.37,0.0001,0.003
11.12.2019 00:38:51.362 GMT+0100,3134.031,3133.6690000000003,0,0.0022
11.12.2019 00:38:51.413 GMT+0100,3134.33,3133.67,0,0.0009
11.12.2019 00:38:57.300 GMT+0100,3134.031,3133.67,0.0001,0.0009
11.12.2019 00:38:57.350 GMT+0100,3134.031,3133.37,0.0027,0.0008
11.12.2019 00:39:16.729 GMT+0100,3134.031,3133.67,0,0.0022
11.12.2019 00:39:16.780 GMT+0100,3134.33,3133.67,0.0027,0.0031
11.12.2019 00:39:59.108 GMT+0100,3134.33,3133.7690000000002,0,0.0022
11.12.2019 00:39:59.158 GMT+0100,3134.431,3133.7690000000002,0.0027,0.0031
11.12.2019 00:39:59.748 GMT+0100,3134.431,3133.87,0,0.0022
11.12.2019 00:39:59.799 GMT+0100,3134.53,3133.87,0.0025,0.0023
11.12.2019 00:40:07.474 GMT+0100,3134.53,3134.17,0,0.0022
11.12.2019 00:40:07.525 GMT+0100,3134.83,3134.17,0.0027,0.0031
11.12.2019 00:40:07.636 GMT+0100,3134.53,3134.17,0.0001,0.0009
11.12.2019 00:40:07.686 GMT+0100,3134.53,3133.87,0.0025,0.0023
11.12.2019 00:40:08.807 GMT+0100,3134.53,3134.1690000000003,0,0.0022
11.12.2019 00:40:08.858 GMT+0100,3134.8309999999997,3134.17,0.0027,0.0008
11.12.2019 00:40:14.093 GMT+0100,3134.53,3134.17,0.0001,0.0008
11.12.2019 00:40:14.143 GMT+0100,3134.53,3133.87,0.0025,0.0023
11.12.2019 00:40:18.017 GMT+0100,3134.3309999999997,3133.87,0.0001,0.0001
11.12.2019 00:40:18.068 GMT+0100,3134.3309999999997,3133.6690000000003,0.0027,0.0031
11.12.2019 00:40:20.330 GMT+0100,3134.3309999999997,3133.87,0,0.0022
11.12.2019 00:40:20.381 GMT+0100,3134.53,3133.87,0.0001,0.003
11.12.2019 00:40:37.851 GMT+0100,3134.531,3134.17,0,0.0022
11.12.2019 00:40:37.901 GMT+0100,3134.83,3134.17,0.0025,0.0023
11.12.2019 00:41:16.569 GMT+0100,3134.53,3134.17,0.0001,0.0001
11.12.2019 00:41:16.619 GMT+0100,3134.53,3133.87,0.0025,0.0023
11.12.2019 00:41:40.702 GMT+0100,3134.53,3134.17,0,0.0022
11.12.2019 00:41:40.753 GMT+0100,3134.83,3134.17,0.0001,0.0022
11.12.2019 00:41:54.860 GMT+0100,3134.531,3134.1690000000003,0.0001,0.0009
11.12.2019 00:41:54.910 GMT+0100,3134.53,3133.87,0,0.0009
11.12.2019 00:41:56.513 GMT+0100,3134.53,3134.1690000000003,0,0.0022
11.12.2019 00:41:56.564 GMT+0100,3134.8309999999997,3134.17,0.0027,0.0008
11.12.2019 00:43:00.237 GMT+0100,3134.53,3134.17,0.0022,0.0008
11.12.2019 00:43:00.288 GMT+0100,3134.53,3133.87,0.0025,0.0023
11.12.2019 00:43:23.281 GMT+0100,3134.3309999999997,3133.87,0.0001,0.0001
11.12.2019 00:43:23.331 GMT+0100,3134.33,3133.67,0,0.0001
11.12.2019 00:43:25.359 GMT+0100,3134.33,3133.869,0,0.0022
11.12.2019 00:43:25.410 GMT+0100,3134.53,3133.87,0,0.0009
11.12.2019 00:43:38.828 GMT+0100,3134.4300000000003,3133.87,0.0001,0.0009
11.12.2019 00:43:38.879 GMT+0100,3134.4300000000003,3133.77,0.0025,0.0023
11.12.2019 00:43:39.705 GMT+0100,3134.53,3133.87,0.0001,0.003
11.12.2019 00:43:41.604 GMT+0100,3134.431,3133.87,0.0001,0.0008
11.12.2019 00:43:41.654 GMT+0100,3134.4300000000003,3133.77,0,0.0001
11.12.2019 00:43:42.709 GMT+0100,3134.33,3133.67,0.0001,0.0022
11.12.2019 00:43:42.871 GMT+0100,3134.3309999999997,3133.7690000000002,0,0.0022
11.12.2019 00:43:42.921 GMT+0100,3134.4300000000003,3133.77,0,0.0001
11.12.2019 00:43:50.090 GMT+0100,3134.33,3133.77,0.0001,0.0001
11.12.2019 00:43:50.140 GMT+0100,3134.33,3133.67,0.0025,0.0023
11.12.2019 00:43:53.639 GMT+0100,3134.33,3133.869,0,0.0022
11.12.2019 00:43:53.689 GMT+0100,3134.531,3133.87,0.0027,0.0008
11.12.2019 00:44:01.043 GMT+0100,3134.531,3133.869,0.0027,0.0023
11.12.2019 00:44:01.094 GMT+0100,3134.33,3133.67,0.0001,0.0022
11.12.2019 00:44:01.735 GMT+0100,3134.3309999999997,3133.87,0,0.0022
11.12.2019 00:44:01.785 GMT+0100,3134.53,3133.87,0.0001,0.0022
11.12.2019 00:44:05.762 GMT+0100,3134.4300000000003,3133.869,0.0001,0.0009
11.12.2019 00:44:05.813 GMT+0100,3134.4300000000003,3133.77,0.0001,0.003
11.12.2019 00:44:05.928 GMT+0100,3134.33,3133.77,0.0001,0.0008
11.12.2019 00:44:05.978 GMT+0100,3134.33,3133.67,0.0001,0.003
11.12.2019 00:44:15.340 GMT+0100,3134.3309999999997,3133.869,0,0.0022
11.12.2019 00:44:15.390 GMT+0100,3134.53,3133.87,0,0.0009
11.12.2019 00:44:18.264 GMT+0100,3134.33,3133.87,0.0001,0.0009
11.12.2019 00:44:18.314 GMT+0100,3134.33,3133.67,0.0001,0.003
11.12.2019 00:44:45.606 GMT+0100,3134.33,3133.87,0.0001,0.0008
11.12.2019 00:44:45.656 GMT+0100,3134.53,3133.87,0.0001,0.003
11.12.2019 00:45:20.751 GMT+0100,3134.3309999999997,3133.87,0.0001,0.0008
11.12.2019 00:45:20.801 GMT+0100,3134.33,3133.67,0,0.0009
11.12.2019 00:45:22.975 GMT+0100,3134.33,3133.87,0,0.0022
11.12.2019 00:45:23.025 GMT+0100,3134.53,3133.87,0.0001,0.003
11.12.2019 00:45:50.475 GMT+0100,3134.33,3133.87,0.0001,0.0008
11.12.2019 00:45:50.526 GMT+0100,3134.33,3133.67,0.0001,0.0022
11.12.2019 00:45:50.631 GMT+0100,3134.3309999999997,3133.869,0,0.0022
11.12.2019 00:45:50.682 GMT+0100,3134.531,3133.869,0.0027,0.0031
11.12.2019 00:46:45.799 GMT+0100,3134.8309999999997,3134.1690000000003,0.0027,0.0031
11.12.2019 00:46:45.911 GMT+0100,3134.53,3134.1690000000003,0.0001,0.0009
11.12.2019 00:46:45.962 GMT+0100,3134.53,3133.87,0.0025,0.0023
11.12.2019 00:46:55.835 GMT+0100,3134.53,3133.9700000000003,0,0.0022
11.12.2019 00:46:55.885 GMT+0100,3134.63,3133.9700000000003,0.0025,0.0023
11.12.2019 00:46:57.092 GMT+0100,3134.63,3134.1690000000003,0.0025,0.0008
11.12.2019 00:46:57.142 GMT+0100,3134.83,3134.17,0.0001,0.0022
11.12.2019 00:47:00.330 GMT+0100,3134.531,3133.869,0.0027,0.0031
11.12.2019 00:47:17.498 GMT+0100,3134.33,3133.67,0,0.0009
11.12.2019 00:48:05.148 GMT+0100,3134.031,3133.67,0.0001,0.0009
11.12.2019 00:48:05.199 GMT+0100,3134.03,3133.37,0,0.0001
11.12.2019 00:48:23.308 GMT+0100,3134.03,3133.67,0,0.0022
11.12.2019 00:48:23.359 GMT+0100,3134.33,3133.67,0.0001,0.0022
11.12.2019 00:48:23.788 GMT+0100,3134.3309999999997,3133.869,0,0.0022
11.12.2019 00:48:23.838 GMT+0100,3134.53,3133.87,0,0.0001
11.12.2019 00:49:16.590 GMT+0100,3134.53,3133.87,0,0.0001
11.12.2019 00:49:16.641 GMT+0100,3134.33,3133.67,0.0027,0.0031
11.12.2019 00:50:00.225 GMT+0100,3134.33,3133.869,0,0.0022
11.12.2019 00:50:00.276 GMT+0100,3134.531,3133.869,0.0027,0.0031
11.12.2019 00:50:14.345 GMT+0100,3134.531,3134.17,0,0.0022
11.12.2019 00:50:14.395 GMT+0100,3134.83,3134.17,0.0001,0.0022
11.12.2019 00:50:15.642 GMT+0100,3134.53,3134.1690000000003,0.0001,0.0009
11.12.2019 00:50:15.693 GMT+0100,3134.53,3133.87,0.0001,0.003
11.12.2019 00:50:46.785 GMT+0100,3134.33,3133.67,0.0027,0.0031
11.12.2019 00:51:19.898 GMT+0100,3134.33,3133.67,0.0027,0.0023
11.12.2019 00:51:19.948 GMT+0100,3134.03,3133.37,0.0025,0.0023
11.12.2019 00:51:20.049 GMT+0100,3133.83,3133.37,0.0001,0.0001
11.12.2019 00:51:20.100 GMT+0100,3133.83,3133.17,0.0001,0.0022
11.12.2019 00:51:20.211 GMT+0100,3133.8309999999997,3133.37,0,0.0022
11.12.2019 00:51:20.262 GMT+0100,3134.03,3133.37,0.0001,0.003
11.12.2019 00:51:20.375 GMT+0100,3133.83,3133.37,0.0001,0.0008
11.12.2019 00:51:20.425 GMT+0100,3133.83,3133.17,0.0025,0.0023
11.12.2019 00:51:26.824 GMT+0100,3133.83,3133.37,0,0.0022
11.12.2019 00:51:26.874 GMT+0100,3134.03,3133.37,0.0001,0.003
11.12.2019 00:51:36.439 GMT+0100,3134.031,3133.67,0,0.0022
11.12.2019 00:51:36.490 GMT+0100,3134.33,3133.67,0.0027,0.0031
11.12.2019 00:52:08.322 GMT+0100,3134.33,3133.87,0,0.0022
11.12.2019 00:52:08.372 GMT+0100,3134.53,3133.87,0.0025,0.0023
11.12.2019 00:52:09.081 GMT+0100,3134.33,3133.67,0.0001,0.0022
11.12.2019 00:52:31.708 GMT+0100,3134.03,3133.6690000000003,0.0001,0.0009
11.12.2019 00:52:31.784 GMT+0100,3134.03,3133.37,0.0001,0.003
11.12.2019 00:52:34.466 GMT+0100,3133.83,3133.37,0.0001,0.0008
11.12.2019 00:52:34.517 GMT+0100,3133.83,3133.17,0.0001,0.003
11.12.2019 00:52:34.627 GMT+0100,3133.8309999999997,3133.2690000000002,0,0.0022
11.12.2019 00:52:34.678 GMT+0100,3133.9300000000003,3133.27,0,0.0001
11.12.2019 00:52:35.756 GMT+0100,3133.83,3133.27,0.0001,0.0001
11.12.2019 00:52:35.806 GMT+0100,3133.83,3133.17,0.0001,0.003
11.12.2019 00:52:35.919 GMT+0100,3134.03,3133.37,0.0025,0.0023
11.12.2019 00:52:36.287 GMT+0100,3133.931,3133.2690000000002,0.0027,0.0031
11.12.2019 00:52:36.399 GMT+0100,3133.931,3133.369,0,0.0022
11.12.2019 00:52:36.449 GMT+0100,3134.03,3133.37,0,0.0001
11.12.2019 00:52:37.240 GMT+0100,3133.931,3133.27,0.0027,0.0008
11.12.2019 00:52:38.229 GMT+0100,3133.83,3133.17,0,0.0009
11.12.2019 00:52:38.371 GMT+0100,3133.83,3133.37,0,0.0022
11.12.2019 00:52:38.422 GMT+0100,3134.03,3133.37,0.0001,0.003
11.12.2019 00:52:52.061 GMT+0100,3134.031,3133.6690000000003,0,0.0022
11.12.2019 00:52:52.112 GMT+0100,3134.33,3133.67,0,0.0001
11.12.2019 00:52:53.049 GMT+0100,3134.031,3133.67,0.0001,0.0001
11.12.2019 00:52:53.099 GMT+0100,3134.031,3133.37,0.0027,0.0008
11.12.2019 00:53:06.495 GMT+0100,3133.8309999999997,3133.37,0.0001,0.0008
11.12.2019 00:53:06.545 GMT+0100,3133.83,3133.17,0,0.0009
11.12.2019 00:53:12.035 GMT+0100,3133.83,3133.369,0,0.0022
11.12.2019 00:53:12.085 GMT+0100,3134.031,3133.37,0.0027,0.0008
11.12.2019 00:54:05.889 GMT+0100,3133.8309999999997,3133.37,0.0001,0.0008
11.12.2019 00:54:05.939 GMT+0100,3133.8309999999997,3133.17,0.0027,0.0008
11.12.2019 00:54:31.014 GMT+0100,3133.53,3133.17,0.0001,0.0008
11.12.2019 00:54:31.064 GMT+0100,3133.53,3132.87,0.0001,0.003
11.12.2019 00:55:27.532 GMT+0100,3133.531,3133.17,0,0.0022
11.12.2019 00:55:27.583 GMT+0100,3133.83,3133.17,0.0001,0.0022
11.12.2019 00:55:47.862 GMT+0100,3133.8309999999997,3133.37,0,0.0022
11.12.2019 00:55:47.913 GMT+0100,3134.03,3133.37,0.0025,0.0023
11.12.2019 00:55:48.352 GMT+0100,3134.03,3133.67,0,0.0022
11.12.2019 00:55:48.402 GMT+0100,3134.33,3133.67,0.0025,0.0023
11.12.2019 00:55:48.508 GMT+0100,3134.03,3133.67,0.0001,0.0001
11.12.2019 00:55:48.558 GMT+0100,3134.03,3133.37,0.0001,0.003
11.12.2019 00:56:00.398 GMT+0100,3133.83,3133.37,0.0001,0.0008
11.12.2019 00:56:00.449 GMT+0100,3133.83,3133.17,0.0027,0.0031
11.12.2019 00:56:59.514 GMT+0100,3133.531,3133.17,0.0001,0.0009
11.12.2019 00:56:59.564 GMT+0100,3133.531,3132.869,0.0027,0.0031
11.12.2019 00:57:56.115 GMT+0100,3133.3309999999997,3132.869,0.0001,0.0009
11.12.2019 00:57:56.166 GMT+0100,3133.3309999999997,3132.67,0.0027,0.0008
11.12.2019 00:57:56.785 GMT+0100,3133.3309999999997,3132.869,0,0.0022
11.12.2019 00:57:56.835 GMT+0100,3133.53,3132.87,0,0.0001
11.12.2019 00:57:56.949 GMT+0100,3133.3309999999997,3132.87,0.0001,0.0001
11.12.2019 00:57:56.999 GMT+0100,3133.3309999999997,3132.6690000000003,0.0027,0.0031
11.12.2019 00:58:00.506 GMT+0100,3133.3309999999997,3132.87,0,0.0022
11.12.2019 00:58:00.557 GMT+0100,3133.53,3132.87,0.0001,0.003
11.12.2019 00:59:33.097 GMT+0100,3133.53,3133.17,0.0022,0.0008
11.12.2019 00:59:33.147 GMT+0100,3133.8309999999997,3133.17,0.0027,0.0008
11.12.2019 00:59:36.235 GMT+0100,3133.8309999999997,3133.369,0,0.0022
11.12.2019 00:59:36.285 GMT+0100,3134.03,3133.37,0,0.0001
11.12.2019 00:59:36.846 GMT+0100,3133.9300000000003,3133.27,0.0025,0.0023
11.12.2019 00:59:37.179 GMT+0100,3133.8309999999997,3133.17,0.0027,0.0008
11.12.2019 00:59:43.606 GMT+0100,3133.8309999999997,3133.37,0,0.0022
11.12.2019 00:59:43.657 GMT+0100,3134.03,3133.37,0.0027,0.0031
11.12.2019 01:00:00.153 GMT+0100,3134.03,3133.67,0,0.0022
11.12.2019 01:00:00.203 GMT+0100,3134.33,3133.67,0.0001,0.0022
11.12.2019 01:00:00.317 GMT+0100,3134.031,3133.6690000000003,0.0001,0.0009
11.12.2019 01:00:00.367 GMT+0100,3134.031,3133.369,0.0027,0.0031
11.12.2019 01:00:03.118 GMT+0100,3134.031,3133.369,0.0027,0.0023
11.12.2019 01:00:03.168 GMT+0100,3133.83,3133.17,0.0025,0.0023
11.12.2019 01:00:05.597 GMT+0100,3133.83,3133.369,0,0.0022
11.12.2019 01:00:05.647 GMT+0100,3134.03,3133.37,0,0.0001
11.12.2019 01:00:06.900 GMT+0100,3133.83,3133.37,0.0001,0.0001
11.12.2019 01:00:06.951 GMT+0100,3133.83,3133.17,0.0001,0.003
11.12.2019 01:00:10.306 GMT+0100,3133.8309999999997,3133.369,0,0.0022
11.12.2019 01:00:10.356 GMT+0100,3134.031,3133.37,0.0027,0.0008
11.12.2019 01:00:10.871 GMT+0100,3133.83,3133.17,0.0001,0.003
11.12.2019 01:00:56.147 GMT+0100,3134.031,3133.37,0.0027,0.0008
11.12.2019 01:01:08.092 GMT+0100,3134.031,3133.67,0,0.0022
11.12.2019 01:01:08.143 GMT+0100,3134.33,3133.67,0.0025,0.0023
11.12.2019 01:01:10.268 GMT+0100,3134.031,3133.67,0.0001,0.0001
11.12.2019 01:01:10.334 GMT+0100,3134.03,3133.37,0,0.0001
11.12.2019 01:01:17.473 GMT+0100,3134.03,3133.67,0,0.0022
11.12.2019 01:01:17.524 GMT+0100,3134.33,3133.67,0.0001,0.003
11.12.2019 01:01:23.774 GMT+0100,3134.031,3133.67,0.0001,0.0008
11.12.2019 01:01:23.824 GMT+0100,3134.031,3133.37,0.0027,0.0008
11.12.2019 01:01:24.474 GMT+0100,3133.534,3133.37,0.0001,0.0008
11.12.2019 01:01:24.525 GMT+0100,3133.531,3132.87,0.0027,0.0008
11.12.2019 01:01:24.795 GMT+0100,3133.531,3133.1690000000003,0,0.0022
11.12.2019 01:01:24.877 GMT+0100,3133.83,3133.17,0,0.0009
11.12.2019 01:01:28.912 GMT+0100,3133.83,3133.369,0,0.0022
11.12.2019 01:01:28.962 GMT+0100,3134.03,3133.37,0,0.0009
11.12.2019 01:01:42.430 GMT+0100,3133.8309999999997,3133.37,0.0001,0.0009
11.12.2019 01:01:42.480 GMT+0100,3133.83,3133.17,0,0.0001
11.12.2019 01:01:43.296 GMT+0100,3133.83,3133.369,0,0.0022
11.12.2019 01:01:43.346 GMT+0100,3134.031,3133.369,0.0027,0.0031
11.12.2019 01:02:01.639 GMT+0100,3133.83,3133.17,0,0.0009
11.12.2019 01:02:18.548 GMT+0100,3133.83,3133.37,0,0.0022
11.12.2019 01:02:18.598 GMT+0100,3134.03,3133.37,0.0001,0.0022
11.12.2019 01:02:18.649 GMT+0100,3133.83,3133.369,0.0001,0.0009
11.12.2019 01:02:18.699 GMT+0100,3133.83,3133.17,0.0001,0.003
11.12.2019 01:02:32.008 GMT+0100,3133.53,3132.87,0.0001,0.003
11.12.2019 01:03:00.761 GMT+0100,3133.8309999999997,3133.1690000000003,0.0027,0.0031
11.12.2019 01:03:00.901 GMT+0100,3133.63,3133.1690000000003,0.0001,0.0009
11.12.2019 01:03:00.951 GMT+0100,3133.63,3132.9700000000003,0.0001,0.0022
11.12.2019 01:03:01.113 GMT+0100,3133.631,3133.17,0,0.0022
11.12.2019 01:03:01.164 GMT+0100,3133.83,3133.17,0.0001,0.0022
11.12.2019 01:03:01.284 GMT+0100,3133.631,3133.1690000000003,0.0001,0.0009
11.12.2019 01:03:01.334 GMT+0100,3133.631,3132.9690000000005,0.0027,0.0031
11.12.2019 01:03:02.167 GMT+0100,3133.531,3132.9690000000005,0.0001,0.0009
11.12.2019 01:03:02.218 GMT+0100,3133.531,3132.87,0.0027,0.0008
11.12.2019 01:03:03.305 GMT+0100,3133.531,3132.9700000000003,0,0.0022
11.12.2019 01:03:03.355 GMT+0100,3133.63,3132.9700000000003,0.0001,0.003
11.12.2019 01:03:03.982 GMT+0100,3133.53,3132.9700000000003,0.0001,0.0008
11.12.2019 01:03:04.032 GMT+0100,3133.53,3132.87,0.0001,0.003
11.12.2019 01:03:04.143 GMT+0100,3133.531,3132.9690000000005,0,0.0022
11.12.2019 01:03:04.193 GMT+0100,3133.631,3132.9700000000003,0.0027,0.0008
11.12.2019 01:03:04.303 GMT+0100,3133.53,3132.9700000000003,0.0001,0.0008
11.12.2019 01:03:04.353 GMT+0100,3133.53,3132.87,0.0001,0.003
11.12.2019 01:03:05.554 GMT+0100,3133.53,3133.17,0.0001,0.0008
11.12.2019 01:03:05.604 GMT+0100,3133.8309999999997,3133.17,0.0027,0.0008
11.12.2019 01:03:23.137 GMT+0100,3133.8309999999997,3133.369,0,0.0022
11.12.2019 01:03:23.188 GMT+0100,3134.031,3133.369,0.0027,0.0031
11.12.2019 01:03:57.417 GMT+0100,3133.9300000000003,3133.369,0.0001,0.0009
11.12.2019 01:03:57.468 GMT+0100,3133.9300000000003,3133.27,0.0001,0.0022
11.12.2019 01:03:57.582 GMT+0100,3133.8309999999997,3133.2690000000002,0.0001,0.0009
11.12.2019 01:03:57.632 GMT+0100,3133.83,3133.17,0,0.0001
11.12.2019 01:04:00.517 GMT+0100,3133.53,3133.17,0.0001,0.0001
11.12.2019 01:04:00.568 GMT+0100,3133.53,3132.87,0.0001,0.0022
11.12.2019 01:04:05.313 GMT+0100,3133.531,3132.9700000000003,0,0.0022
11.12.2019 01:04:05.363 GMT+0100,3133.63,3132.9700000000003,0.0027,0.0031
11.12.2019 01:04:05.474 GMT+0100,3133.63,3133.17,0,0.0022
11.12.2019 01:04:05.545 GMT+0100,3133.83,3133.17,0.0001,0.0022
11.12.2019 01:04:22.438 GMT+0100,3134.031,3133.37,0.0027,0.0008
11.12.2019 01:04:27.747 GMT+0100,3134.13,3133.4700000000003,0.0001,0.0022
11.12.2019 01:04:27.868 GMT+0100,3134.131,3133.67,0,0.0022
11.12.2019 01:04:27.918 GMT+0100,3134.33,3133.67,0.0027,0.0031
11.12.2019 01:04:32.443 GMT+0100,3134.031,3133.67,0.0001,0.0009
11.12.2019 01:04:32.493 GMT+0100,3134.031,3133.37,0.0027,0.0008
11.12.2019 01:04:35.115 GMT+0100,3134.031,3133.67,0,0.0022
11.12.2019 01:04:35.166 GMT+0100,3134.33,3133.67,0.0025,0.0023
11.12.2019 01:05:13.741 GMT+0100,3134.031,3133.67,0.0001,0.0001
11.12.2019 01:05:13.792 GMT+0100,3134.031,3133.369,0.0027,0.0031
11.12.2019 01:05:13.900 GMT+0100,3134.031,3133.67,0,0.0022
11.12.2019 01:05:13.951 GMT+0100,3134.33,3133.67,0.0027,0.0031
11.12.2019 01:05:44.559 GMT+0100,3134.33,3133.869,0,0.0022
11.12.2019 01:05:44.610 GMT+0100,3134.53,3133.87,0,0.0009
11.12.2019 01:06:15.153 GMT+0100,3134.53,3134.1690000000003,0,0.0022
11.12.2019 01:06:15.203 GMT+0100,3134.8309999999997,3134.17,0.0027,0.0008
11.12.2019 01:06:17.809 GMT+0100,3134.8309999999997,3134.37,0.0025,0.0008
11.12.2019 01:06:17.859 GMT+0100,3135.03,3134.37,0.0001,0.003
11.12.2019 01:06:23.251 GMT+0100,3134.83,3134.17,0.0025,0.0023
11.12.2019 01:06:28.121 GMT+0100,3134.531,3134.17,0.0001,0.0001
11.12.2019 01:06:28.172 GMT+0100,3134.53,3133.87,0,0.0009
11.12.2019 01:06:35.447 GMT+0100,3134.3309999999997,3133.87,0.0001,0.0009
11.12.2019 01:06:35.497 GMT+0100,3134.33,3133.67,0,0.0001
11.12.2019 01:06:42.034 GMT+0100,3134.33,3133.77,0,0.0022
11.12.2019 01:06:42.085 GMT+0100,3134.4300000000003,3133.77,0.0001,0.003
11.12.2019 01:06:42.328 GMT+0100,3134.431,3133.87,0,0.0022
11.12.2019 01:06:42.378 GMT+0100,3134.53,3133.87,0.0001,0.0022
11.12.2019 01:06:42.487 GMT+0100,3134.3309999999997,3133.869,0.0001,0.0009
11.12.2019 01:06:42.537 GMT+0100,3134.3309999999997,3133.67,0.0027,0.0008
11.12.2019 01:06:54.110 GMT+0100,3134.3309999999997,3133.87,0,0.0022
11.12.2019 01:06:54.161 GMT+0100,3134.53,3133.87,0.0001,0.003
11.12.2019 01:07:00.841 GMT+0100,3134.531,3134.17,0,0.0022
11.12.2019 01:07:00.891 GMT+0100,3134.83,3134.17,0.0001,0.0022
11.12.2019 01:07:19.024 GMT+0100,3134.8309999999997,3134.369,0,0.0022
11.12.2019 01:07:19.075 GMT+0100,3135.031,3134.37,0.0027,0.0008
11.12.2019 01:07:21.626 GMT+0100,3134.931,3134.37,0.0001,0.0008
11.12.2019 01:07:21.676 GMT+0100,3134.9300000000003,3134.27,0,0.0009
11.12.2019 01:07:22.755 GMT+0100,3134.9300000000003,3134.37,0,0.0022
11.12.2019 01:07:22.823 GMT+0100,3135.03,3134.37,0.0001,0.003
11.12.2019 01:07:34.273 GMT+0100,3135.031,3134.6690000000003,0,0.0022
11.12.2019 01:07:34.323 GMT+0100,3135.3309999999997,3134.67,0.0027,0.0008
11.12.2019 01:08:03.231 GMT+0100,3135.031,3134.67,0.0001,0.0008
11.12.2019 01:08:03.282 GMT+0100,3135.03,3134.37,0,0.0001
11.12.2019 01:08:07.352 GMT+0100,3134.83,3134.17,0.0025,0.0023
11.12.2019 01:08:09.119 GMT+0100,3134.83,3134.369,0,0.0022
11.12.2019 01:08:09.169 GMT+0100,3135.03,3134.37,0,0.0009
11.12.2019 01:08:12.671 GMT+0100,3134.83,3134.37,0.0001,0.0009
11.12.2019 01:08:12.722 GMT+0100,3134.83,3134.17,0.0001,0.003
11.12.2019 01:08:13.435 GMT+0100,3134.8309999999997,3134.37,0,0.0022
11.12.2019 01:08:13.486 GMT+0100,3135.03,3134.37,0.0001,0.0022
11.12.2019 01:08:18.493 GMT+0100,3134.83,3134.369,0.0001,0.0009
11.12.2019 01:08:18.543 GMT+0100,3134.83,3134.17,0.0001,0.003
11.12.2019 01:08:32.140 GMT+0100,3134.8309999999997,3134.37,0,0.0022
11.12.2019 01:08:32.191 GMT+0100,3135.03,3134.37,0.0001,0.0022
11.12.2019 01:08:35.199 GMT+0100,3134.8309999999997,3134.369,0.0001,0.0009
11.12.2019 01:08:35.249 GMT+0100,3134.8309999999997,3134.1690000000003,0.0027,0.0031
11.12.2019 01:08:38.920 GMT+0100,3134.531,3134.1690000000003,0.0001,0.0009
11.12.2019 01:08:38.971 GMT+0100,3134.53,3133.87,0,0.0009
11.12.2019 01:08:41.110 GMT+0100,3134.33,3133.87,0.0001,0.0009
11.12.2019 01:08:41.160 GMT+0100,3134.33,3133.67,0.0001,0.0022
11.12.2019 01:08:44.940 GMT+0100,3134.3309999999997,3133.87,0,0.0022
11.12.2019 01:08:44.990 GMT+0100,3134.53,3133.87,0.0001,0.003
11.12.2019 01:08:47.245 GMT+0100,3134.3309999999997,3133.87,0.0001,0.0008
11.12.2019 01:08:47.295 GMT+0100,3134.33,3133.67,0,0.0001
11.12.2019 01:08:47.407 GMT+0100,3134.33,3133.869,0,0.0022
11.12.2019 01:08:47.457 GMT+0100,3134.531,3133.87,0.0027,0.0008
11.12.2019 01:09:01.289 GMT+0100,3134.531,3134.17,0,0.0022
11.12.2019 01:09:01.339 GMT+0100,3134.83,3134.17,0.0025,0.0023
11.12.2019 01:09:08.450 GMT+0100,3134.631,3133.9700000000003,0.0027,0.0008
11.12.2019 01:09:08.780 GMT+0100,3134.83,3134.17,0,0.0001
11.12.2019 01:09:18.158 GMT+0100,3134.531,3134.17,0.0001,0.0001
11.12.2019 01:09:18.209 GMT+0100,3134.531,3133.87,0.0027,0.0008
11.12.2019 01:09:21.508 GMT+0100,3134.531,3134.17,0,0.0022
11.12.2019 01:09:21.559 GMT+0100,3134.83,3134.17,0.0025,0.0023
11.12.2019 01:09:26.850 GMT+0100,3134.53,3134.17,0.0001,0.0001
11.12.2019 01:09:26.900 GMT+0100,3134.53,3133.87,0.0001,0.0022
11.12.2019 01:09:28.148 GMT+0100,3134.531,3134.1690000000003,0,0.0022
11.12.2019 01:09:28.199 GMT+0100,3134.83,3134.17,0,0.0001
11.12.2019 01:10:01.307 GMT+0100,3134.53,3134.17,0.0001,0.0001
11.12.2019 01:10:01.357 GMT+0100,3134.53,3133.87,0.0001,0.003
11.12.2019 01:10:07.585 GMT+0100,3134.531,3134.17,0,0.0022
11.12.2019 01:10:07.636 GMT+0100,3134.83,3134.17,0.0025,0.0023
11.12.2019 01:10:07.745 GMT+0100,3134.53,3134.17,0.0001,0.0001
11.12.2019 01:10:07.795 GMT+0100,3134.53,3133.87,0.0027,0.0031
11.12.2019 01:10:34.159 GMT+0100,3134.33,3133.87,0.0001,0.0009
11.12.2019 01:10:34.210 GMT+0100,3134.33,3133.67,0.0001,0.0022
11.12.2019 01:10:39.214 GMT+0100,3134.3309999999997,3133.869,0,0.0022
11.12.2019 01:10:39.265 GMT+0100,3134.53,3133.87,0,0.0001
11.12.2019 01:10:44.817 GMT+0100,3134.53,3134.1690000000003,0,0.0008
11.12.2019 01:10:44.867 GMT+0100,3134.83,3134.17,0.0025,0.0023
11.12.2019 01:10:51.737 GMT+0100,3134.83,3134.369,0.0001,0.0009
11.12.2019 01:10:51.788 GMT+0100,3135.03,3134.37,0.0001,0.0022
11.12.2019 01:11:00.382 GMT+0100,3134.83,3134.369,0.0001,0.0009
11.12.2019 01:11:00.432 GMT+0100,3134.83,3134.17,0.0001,0.0022
11.12.2019 01:11:04.744 GMT+0100,3134.8309999999997,3134.369,0,0.0022
11.12.2019 01:11:04.795 GMT+0100,3135.03,3134.37,0,0.0001
11.12.2019 01:11:08.610 GMT+0100,3134.83,3134.37,0.0001,0.0001
11.12.2019 01:11:08.661 GMT+0100,3134.83,3134.17,0.0001,0.003
11.12.2019 01:11:34.077 GMT+0100,3134.8309999999997,3134.369,0,0.0022
11.12.2019 01:11:34.127 GMT+0100,3135.03,3134.37,0,0.0001
11.12.2019 01:11:43.295 GMT+0100,3134.83,3134.37,0.0001,0.0001
11.12.2019 01:11:43.345 GMT+0100,3134.83,3134.17,0.0025,0.0023
11.12.2019 01:12:28.884 GMT+0100,3134.531,3134.17,0.0001,0.0001
11.12.2019 01:12:28.934 GMT+0100,3134.53,3133.87,0,0.0009
11.12.2019 01:12:39.069 GMT+0100,3134.3309999999997,3133.87,0.0001,0.0009
11.12.2019 01:12:39.120 GMT+0100,3134.3309999999997,3133.6690000000003,0.0027,0.0031
11.12.2019 01:12:58.087 GMT+0100,3134.53,3133.87,0.0027,0.0031
11.12.2019 01:13:00.964 GMT+0100,3134.33,3133.87,0.0001,0.0009
11.12.2019 01:13:01.015 GMT+0100,3134.33,3133.67,0.0001,0.0022
11.12.2019 01:13:01.127 GMT+0100,3134.3309999999997,3133.7690000000002,0,0.0022
11.12.2019 01:13:01.178 GMT+0100,3134.431,3133.77,0.0027,0.0008
11.12.2019 01:13:01.283 GMT+0100,3134.431,3133.87,0,0.0022
11.12.2019 01:13:01.333 GMT+0100,3134.53,3133.87,0.0025,0.0023
11.12.2019 01:13:03.248 GMT+0100,3134.431,3133.87,0.0001,0.0001
11.12.2019 01:13:03.298 GMT+0100,3134.4300000000003,3133.77,0,0.0009
11.12.2019 01:13:04.466 GMT+0100,3134.4300000000003,3133.869,0,0.0022
11.12.2019 01:13:04.516 GMT+0100,3134.53,3133.87,0,0.0009
11.12.2019 01:13:04.628 GMT+0100,3134.431,3133.87,0.0001,0.0009
11.12.2019 01:13:04.679 GMT+0100,3134.4300000000003,3133.77,0,0.0001
11.12.2019 01:13:05.551 GMT+0100,3134.431,3133.87,0.0001,0.0009
11.12.2019 01:13:05.601 GMT+0100,3134.53,3133.87,0,0.0009
11.12.2019 01:13:19.544 GMT+0100,3134.33,3133.67,0,0.0001
11.12.2019 01:14:00.684 GMT+0100,3134.33,3133.7690000000002,0,0.0022
11.12.2019 01:14:00.735 GMT+0100,3134.431,3133.77,0.0027,0.0008
11.12.2019 01:14:00.863 GMT+0100,3134.53,3133.87,0.0001,0.0022
11.12.2019 01:14:01.006 GMT+0100,3134.3309999999997,3133.869,0.0001,0.0009
11.12.2019 01:14:01.057 GMT+0100,3134.3309999999997,3133.6690000000003,0.0027,0.0031
11.12.2019 01:14:03.337 GMT+0100,3134.3309999999997,3133.7690000000002,0,0.0022
11.12.2019 01:14:03.387 GMT+0100,3134.4300000000003,3133.77,0,0.0009
11.12.2019 01:14:03.504 GMT+0100,3134.33,3133.67,0.0027,0.0031
11.12.2019 01:14:07.514 GMT+0100,3134.33,3133.869,0,0.0022
11.12.2019 01:14:07.564 GMT+0100,3134.531,3133.87,0.0027,0.0008
11.12.2019 01:14:24.962 GMT+0100,3134.83,3134.17,0,0.0001
11.12.2019 01:14:25.091 GMT+0100,3134.53,3134.17,0.0001,0.0001
11.12.2019 01:14:25.141 GMT+0100,3134.53,3133.87,0.0001,0.0022
11.12.2019 01:15:00.842 GMT+0100,3134.531,3134.17,0,0.0022
11.12.2019 01:15:00.893 GMT+0100,3134.83,3134.17,0.0025,0.0023
11.12.2019 01:15:28.568 GMT+0100,3134.83,3134.6659999999997,0,0.0022
11.12.2019 01:15:28.618 GMT+0100,3135.3309999999997,3134.67,0.0027,0.0008
11.12.2019 01:15:28.727 GMT+0100,3135.031,3134.67,0.0001,0.0008
11.12.2019 01:15:28.778 GMT+0100,3135.031,3134.37,0.0027,0.0008
11.12.2019 01:15:51.321 GMT+0100,3134.8309999999997,3134.37,0.0001,0.0008
11.12.2019 01:15:51.371 GMT+0100,3134.8309999999997,3134.1690000000003,0.0027,0.0031
11.12.2019 01:15:53.146 GMT+0100,3134.531,3133.87,0.0027,0.0008
11.12.2019 01:15:56.945 GMT+0100,3134.33,3133.87,0.0001,0.0008
11.12.2019 01:15:56.995 GMT+0100,3134.33,3133.67,0.0001,0.0022
11.12.2019 01:15:57.276 GMT+0100,3134.03,3133.6690000000003,0.0001,0.0009
11.12.2019 01:15:57.327 GMT+0100,3134.03,3133.37,0.0001,0.0022
11.12.2019 01:16:00.554 GMT+0100,3134.031,3133.67,0,0.0022
11.12.2019 01:16:00.604 GMT+0100,3134.33,3133.67,0.0001,0.0022
11.12.2019 01:16:04.596 GMT+0100,3134.3309999999997,3133.87,0,0.0022
11.12.2019 01:16:04.646 GMT+0100,3134.53,3133.87,0.0025,0.0023
11.12.2019 01:16:06.535 GMT+0100,3134.431,3133.87,0.0001,0.0001
11.12.2019 01:16:06.586 GMT+0100,3134.431,3133.7690000000002,0.0027,0.0031
11.12.2019 01:16:06.693 GMT+0100,3134.3309999999997,3133.7690000000002,0.0001,0.0009
11.12.2019 01:16:06.744 GMT+0100,3134.3309999999997,3133.6690000000003,0.0027,0.0031
11.12.2019 01:16:25.743 GMT+0100,3134.3309999999997,3133.869,0,0.0022
11.12.2019 01:16:25.793 GMT+0100,3134.53,3133.87,0,0.0009
11.12.2019 01:16:27.105 GMT+0100,3134.33,3133.87,0.0001,0.0009
11.12.2019 01:16:27.155 GMT+0100,3134.33,3133.67,0.0001,0.003
11.12.2019 01:16:27.429 GMT+0100,3134.3309999999997,3133.77,0,0.0022
11.12.2019 01:16:27.479 GMT+0100,3134.4300000000003,3133.77,0.0001,0.003
11.12.2019 01:16:29.241 GMT+0100,3134.33,3133.77,0.0001,0.0008
11.12.2019 01:16:29.291 GMT+0100,3134.33,3133.67,0.0025,0.0023
11.12.2019 01:17:03.333 GMT+0100,3134.33,3133.7690000000002,0,0.0022
11.12.2019 01:17:03.384 GMT+0100,3134.4300000000003,3133.77,0,0.0001
11.12.2019 01:17:05.955 GMT+0100,3134.4300000000003,3133.87,0,0.0022
11.12.2019 01:17:06.006 GMT+0100,3134.53,3133.87,0.0001,0.003
11.12.2019 01:17:15.258 GMT+0100,3134.3309999999997,3133.87,0.0001,0.0008
11.12.2019 01:17:15.309 GMT+0100,3134.33,3133.67,0,0.0001
11.12.2019 01:17:16.128 GMT+0100,3134.33,3133.869,0,0.0022
11.12.2019 01:17:16.179 GMT+0100,3134.53,3133.87,0,0.0009
11.12.2019 01:17:30.996 GMT+0100,3134.63,3133.9700000000003,0.0001,0.003
11.12.2019 01:17:31.136 GMT+0100,3134.631,3134.17,0,0.0022
11.12.2019 01:17:31.186 GMT+0100,3134.83,3134.17,0.0001,0.0022
11.12.2019 01:17:36.278 GMT+0100,3134.9300000000003,3134.27,0,0.0001
11.12.2019 01:17:38.079 GMT+0100,3134.9300000000003,3134.369,0,0.0022
11.12.2019 01:17:38.130 GMT+0100,3135.031,3134.37,0.0027,0.0008
11.12.2019 01:17:58.560 GMT+0100,3135.031,3134.67,0,0.0022
11.12.2019 01:17:58.610 GMT+0100,3135.33,3134.67,0.0027,0.0031
11.12.2019 01:18:08.233 GMT+0100,3135.031,3134.67,0.0001,0.0009
11.12.2019 01:18:08.284 GMT+0100,3135.031,3134.369,0.0027,0.0031
11.12.2019 01:18:10.081 GMT+0100,3135.031,3134.4700000000003,0,0.0022
11.12.2019 01:18:10.131 GMT+0100,3135.13,3134.4700000000003,0.0025,0.0023
11.12.2019 01:18:10.434 GMT+0100,3135.13,3134.6690000000003,0,0.0022
11.12.2019 01:18:10.484 GMT+0100,3135.3309999999997,3134.6690000000003,0.0027,0.0031
11.12.2019 01:18:10.594 GMT+0100,3135.13,3134.6690000000003,0.0001,0.0009
11.12.2019 01:18:10.673 GMT+0100,3135.13,3134.4700000000003,0.0027,0.0031
11.12.2019 01:18:10.755 GMT+0100,3135.03,3134.4700000000003,0.0001,0.0009
11.12.2019 01:18:10.805 GMT+0100,3135.03,3134.37,0.0001,0.0022
11.12.2019 01:18:18.283 GMT+0100,3134.8309999999997,3134.369,0.0001,0.0009
11.12.2019 01:18:18.334 GMT+0100,3134.83,3134.17,0,0.0009
11.12.2019 01:18:21.845 GMT+0100,3134.83,3134.369,0,0.0022
11.12.2019 01:18:21.895 GMT+0100,3135.03,3134.37,0,0.0001
11.12.2019 01:18:33.748 GMT+0100,3134.8309999999997,3134.37,0.0001,0.0001
11.12.2019 01:18:33.799 GMT+0100,3134.83,3134.17,0,0.0001
11.12.2019 01:18:37.313 GMT+0100,3134.83,3134.369,0,0.0022
11.12.2019 01:18:37.364 GMT+0100,3135.031,3134.369,0.0027,0.0031
11.12.2019 01:18:38.484 GMT+0100,3134.931,3134.369,0.0001,0.0009
11.12.2019 01:18:38.564 GMT+0100,3134.931,3134.27,0.0027,0.0008
11.12.2019 01:18:38.824 GMT+0100,3134.83,3134.27,0.0001,0.0008
11.12.2019 01:18:38.874 GMT+0100,3134.83,3134.17,0.0001,0.003
11.12.2019 01:18:39.837 GMT+0100,3134.8309999999997,3134.369,0,0.0022
11.12.2019 01:18:39.887 GMT+0100,3135.03,3134.37,0,0.0001
11.12.2019 01:18:41.065 GMT+0100,3134.8309999999997,3134.37,0.0001,0.0001
11.12.2019 01:18:41.115 GMT+0100,3134.83,3134.17,0,0.0001
11.12.2019 01:18:41.505 GMT+0100,3134.83,3134.27,0,0.0022
11.12.2019 01:18:41.555 GMT+0100,3134.9300000000003,3134.27,0.0001,0.0022
11.12.2019 01:18:41.665 GMT+0100,3134.931,3134.37,0,0.0022
11.12.2019 01:18:41.716 GMT+0100,3135.03,3134.37,0.0025,0.0023
11.12.2019 01:18:41.855 GMT+0100,3135.03,3134.37,0.0027,0.0023
11.12.2019 01:18:41.906 GMT+0100,3134.83,3134.17,0,0.0001
11.12.2019 01:18:50.426 GMT+0100,3134.83,3134.37,0,0.0022
11.12.2019 01:18:50.477 GMT+0100,3135.03,3134.37,0.0001,0.0022
11.12.2019 01:18:51.074 GMT+0100,3134.83,3134.369,0.0001,0.0009
11.12.2019 01:18:51.125 GMT+0100,3134.83,3134.17,0.0001,0.0022
11.12.2019 01:19:01.388 GMT+0100,3134.8309999999997,3134.369,0,0.0022
11.12.2019 01:19:01.439 GMT+0100,3135.031,3134.37,0.0027,0.0008
11.12.2019 01:19:01.715 GMT+0100,3134.8309999999997,3134.37,0.0001,0.0008
11.12.2019 01:19:01.765 GMT+0100,3134.83,3134.17,0,0.0009
11.12.2019 01:19:03.888 GMT+0100,3134.83,3134.37,0,0.0022
11.12.2019 01:19:03.939 GMT+0100,3135.03,3134.37,0.0001,0.003
11.12.2019 01:19:47.679 GMT+0100,3135.031,3134.6690000000003,0,0.0022
11.12.2019 01:19:47.729 GMT+0100,3135.3309999999997,3134.6690000000003,0.0027,0.0031
11.12.2019 01:20:03.113 GMT+0100,3135.03,3134.6690000000003,0.0001,0.0009
11.12.2019 01:20:03.164 GMT+0100,3135.03,3134.37,0.0025,0.0023
11.12.2019 01:20:45.355 GMT+0100,3134.83,3134.37,0.0001,0.0001
11.12.2019 01:20:45.406 GMT+0100,3134.83,3134.17,0.0027,0.0031
11.12.2019 01:20:46.864 GMT+0100,3134.83,3134.369,0,0.0022
11.12.2019 01:20:46.915 GMT+0100,3135.03,3134.37,0,0.0001
11.12.2019 01:20:47.418 GMT+0100,3134.8309999999997,3134.37,0.0001,0.0001
11.12.2019 01:20:47.468 GMT+0100,3134.83,3134.17,0,0.0001
11.12.2019 01:20:50.959 GMT+0100,3134.9300000000003,3134.27,0,0.0001
11.12.2019 01:20:51.089 GMT+0100,3134.9300000000003,3134.369,0,0.0022
11.12.2019 01:20:51.139 GMT+0100,3135.031,3134.37,0.0027,0.0008
11.12.2019 01:20:52.786 GMT+0100,3134.8309999999997,3134.37,0.0001,0.0008
11.12.2019 01:20:52.836 GMT+0100,3134.83,3134.17,0,0.0001
11.12.2019 01:20:52.946 GMT+0100,3134.83,3134.27,0,0.0022
11.12.2019 01:20:52.997 GMT+0100,3134.9300000000003,3134.27,0.0025,0.0023
11.12.2019 01:20:53.506 GMT+0100,3134.83,3134.27,0.0001,0.0001
11.12.2019 01:20:53.557 GMT+0100,3134.83,3134.17,0.0001,0.0022
11.12.2019 01:21:00.360 GMT+0100,3134.8309999999997,3134.37,0,0.0022
11.12.2019 01:21:00.411 GMT+0100,3135.03,3134.37,0.0025,0.0023
11.12.2019 01:21:17.094 GMT+0100,3135.33,3134.67,0.0027,0.0031
11.12.2019 01:22:01.715 GMT+0100,3135.03,3134.37,0.0001,0.0022
11.12.2019 01:22:24.824 GMT+0100,3134.83,3134.17,0.0025,0.0023
11.12.2019 01:23:30.919 GMT+0100,3135.031,3134.369,0.0025,0.0022
11.12.2019 01:23:30.970 GMT+0100,3135.031,3134.37,0.0027,0.0008
11.12.2019 01:23:36.556 GMT+0100,3134.8309999999997,3134.37,0.0001,0.0008
11.12.2019 01:23:36.607 GMT+0100,3134.83,3134.17,0,0.0009
11.12.2019 01:23:39.318 GMT+0100,3134.83,3134.369,0,0.0022
11.12.2019 01:23:39.394 GMT+0100,3135.03,3134.37,0,0.0001
11.12.2019 01:23:47.995 GMT+0100,3134.83,3134.37,0.0001,0.0001
11.12.2019 01:23:48.045 GMT+0100,3134.83,3134.17,0.0025,0.0023
11.12.2019 01:24:04.477 GMT+0100,3134.83,3134.369,0,0.0022
11.12.2019 01:24:04.527 GMT+0100,3135.031,3134.369,0.0027,0.0031
11.12.2019 01:24:17.157 GMT+0100,3134.8309999999997,3134.369,0.0001,0.0009
11.12.2019 01:24:17.214 GMT+0100,3134.8309999999997,3134.17,0.0027,0.0008
11.12.2019 01:27:36.216 GMT+0100,3135.03,3134.37,0.0001,0.003
11.12.2019 01:27:37.331 GMT+0100,3134.8309999999997,3134.37,0.0001,0.0008
11.12.2019 01:27:37.382 GMT+0100,3134.8309999999997,3134.17,0.0027,0.0008
11.12.2019 01:28:21.430 GMT+0100,3134.53,3134.17,0.0001,0.0008
11.12.2019 01:28:21.481 GMT+0100,3134.53,3133.87,0.0001,0.003
11.12.2019 01:28:27.955 GMT+0100,3134.531,3134.1690000000003,0,0.0022
11.12.2019 01:28:28.006 GMT+0100,3134.8309999999997,3134.17,0.0027,0.0008
11.12.2019 01:28:32.093 GMT+0100,3134.531,3134.17,0.0001,0.0008
11.12.2019 01:28:32.143 GMT+0100,3134.531,3133.87,0.0027,0.0008
11.12.2019 01:28:33.923 GMT+0100,3134.531,3134.1690000000003,0,0.0022
11.12.2019 01:28:33.974 GMT+0100,3134.8309999999997,3134.17,0.0027,0.0008
11.12.2019 01:28:45.172 GMT+0100,3134.531,3134.17,0.0001,0.0008
11.12.2019 01:28:45.223 GMT+0100,3134.53,3133.87,0,0.0009
11.12.2019 01:29:07.686 GMT+0100,3134.3309999999997,3133.87,0.0001,0.0009
11.12.2019 01:29:07.736 GMT+0100,3134.3309999999997,3133.67,0.0027,0.0008
11.12.2019 01:29:09.544 GMT+0100,3134.031,3133.67,0.0001,0.0008
11.12.2019 01:29:09.594 GMT+0100,3134.031,3133.37,0.0027,0.0008
11.12.2019 01:29:10.188 GMT+0100,3134.031,3133.4700000000003,0,0.0022
11.12.2019 01:29:10.239 GMT+0100,3134.13,3133.4700000000003,0.0027,0.0031
11.12.2019 01:29:11.047 GMT+0100,3134.03,3133.4700000000003,0.0001,0.0009
11.12.2019 01:29:11.098 GMT+0100,3134.03,3133.37,0.0027,0.0031
11.12.2019 01:29:11.198 GMT+0100,3134.03,3133.4700000000003,0,0.0022
11.12.2019 01:29:11.249 GMT+0100,3134.13,3133.4700000000003,0.0001,0.0022
11.12.2019 01:29:11.360 GMT+0100,3134.031,3133.4690000000005,0.0001,0.0009
11.12.2019 01:29:11.411 GMT+0100,3134.03,3133.37,0,0.0009
11.12.2019 01:29:14.624 GMT+0100,3134.03,3133.67,0,0.0022
11.12.2019 01:29:14.674 GMT+0100,3134.33,3133.67,0.0001,0.003
11.12.2019 01:29:15.338 GMT+0100,3134.031,3133.67,0.0001,0.0008
11.12.2019 01:29:15.389 GMT+0100,3134.03,3133.37,0,0.0009
11.12.2019 01:29:22.720 GMT+0100,3134.03,3133.67,0,0.0022
11.12.2019 01:29:22.771 GMT+0100,3134.33,3133.67,0.0027,0.0031
11.12.2019 01:30:02.055 GMT+0100,3134.33,3133.67,0.0027,0.0023
11.12.2019 01:30:02.106 GMT+0100,3134.03,3133.37,0.0001,0.003
11.12.2019 01:30:11.239 GMT+0100,3134.031,3133.6690000000003,0,0.0022
11.12.2019 01:30:11.290 GMT+0100,3134.3309999999997,3133.6690000000003,0.0027,0.0031
11.12.2019 01:30:11.401 GMT+0100,3134.03,3133.6690000000003,0.0001,0.0009
11.12.2019 01:30:11.451 GMT+0100,3134.03,3133.37,0.0001,0.003
11.12.2019 01:30:14.200 GMT+0100,3134.3309999999997,3133.6690000000003,0.0027,0.0031
11.12.2019 01:30:14.530 GMT+0100,3134.031,3133.369,0.0027,0.0031
11.12.2019 01:30:15.248 GMT+0100,3134.031,3133.67,0.0025,0.0008
11.12.2019 01:30:15.298 GMT+0100,3134.33,3133.67,0.0001,0.003
11.12.2019 01:30:22.132 GMT+0100,3134.4300000000003,3133.77,0.0001,0.0022
11.12.2019 01:30:22.271 GMT+0100,3134.431,3133.869,0,0.0022
11.12.2019 01:30:22.321 GMT+0100,3134.53,3133.87,0,0.0009
11.12.2019 01:30:24.055 GMT+0100,3134.3309999999997,3133.87,0.0001,0.0009
11.12.2019 01:30:24.106 GMT+0100,3134.3309999999997,3133.6690000000003,0.0027,0.0031
11.12.2019 01:30:26.660 GMT+0100,3134.3309999999997,3133.869,0,0.0022
11.12.2019 01:30:26.710 GMT+0100,3134.531,3133.869,0.0027,0.0031
11.12.2019 01:30:27.906 GMT+0100,3134.3309999999997,3133.869,0.0001,0.0009
11.12.2019 01:30:27.956 GMT+0100,3134.33,3133.67,0,0.0001
11.12.2019 01:30:42.328 GMT+0100,3134.4300000000003,3133.77,0,0.0001
11.12.2019 01:30:43.870 GMT+0100,3134.33,3133.77,0.0001,0.0001
11.12.2019 01:30:43.921 GMT+0100,3134.33,3133.67,0.0025,0.0023
11.12.2019 01:31:21.478 GMT+0100,3134.33,3133.869,0,0.0022
11.12.2019 01:31:21.531 GMT+0100,3134.53,3133.87,0,0.0001
11.12.2019 01:31:23.265 GMT+0100,3134.33,3133.87,0.0001,0.0001
11.12.2019 01:31:23.315 GMT+0100,3134.33,3133.67,0.0027,0.0031
11.12.2019 01:31:29.899 GMT+0100,3134.33,3133.869,0,0.0022
11.12.2019 01:31:29.949 GMT+0100,3134.531,3133.869,0.0027,0.0031
11.12.2019 01:31:30.417 GMT+0100,3134.3309999999997,3133.869,0.0001,0.0009
11.12.2019 01:31:30.467 GMT+0100,3134.33,3133.67,0,0.0001
11.12.2019 01:31:33.336 GMT+0100,3134.33,3133.87,0,0.0022
11.12.2019 01:31:33.386 GMT+0100,3134.53,3133.87,0.0025,0.0023
11.12.2019 01:31:36.160 GMT+0100,3134.3309999999997,3133.87,0.0001,0.0001
11.12.2019 01:31:36.210 GMT+0100,3134.3309999999997,3133.6690000000003,0.0027,0.0031
11.12.2019 01:31:45.055 GMT+0100,3134.53,3133.87,0.0001,0.003
11.12.2019 01:31:46.432 GMT+0100,3134.4300000000003,3133.87,0.0001,0.0008
11.12.2019 01:31:46.482 GMT+0100,3134.4300000000003,3133.77,0.0027,0.0031
11.12.2019 01:31:48.614 GMT+0100,3134.4300000000003,3133.87,0,0.0022
11.12.2019 01:31:48.664 GMT+0100,3134.53,3133.87,0.0027,0.0031
11.12.2019 01:31:49.747 GMT+0100,3134.4300000000003,3133.87,0.0001,0.0009
11.12.2019 01:31:49.797 GMT+0100,3134.4300000000003,3133.77,0.0025,0.0023
11.12.2019 01:31:50.068 GMT+0100,3134.33,3133.77,0.0001,0.0001
11.12.2019 01:31:50.118 GMT+0100,3134.33,3133.67,0.0001,0.003
11.12.2019 01:31:51.378 GMT+0100,3134.3309999999997,3133.87,0,0.0022
11.12.2019 01:31:51.429 GMT+0100,3134.53,3133.87,0.0001,0.003
11.12.2019 01:32:31.791 GMT+0100,3134.531,3134.1690000000003,0,0.0022
11.12.2019 01:32:31.842 GMT+0100,3134.8309999999997,3134.17,0.0027,0.0008
11.12.2019 01:33:06.708 GMT+0100,3134.53,3134.17,0.0001,0.0008
11.12.2019 01:33:06.759 GMT+0100,3134.53,3133.87,0.0027,0.0031
11.12.2019 01:33:17.108 GMT+0100,3134.3309999999997,3133.87,0.0001,0.0001
11.12.2019 01:33:17.159 GMT+0100,3134.3309999999997,3133.6690000000003,0.0027,0.0031
11.12.2019 01:34:06.901 GMT+0100,3134.031,3133.6690000000003,0.0001,0.0009
11.12.2019 01:34:06.951 GMT+0100,3134.03,3133.37,0,0.0001
11.12.2019 01:34:07.707 GMT+0100,3133.931,3133.37,0.0001,0.0001
11.12.2019 01:34:07.757 GMT+0100,3133.9300000000003,3133.27,0,0.0009
11.12.2019 01:34:07.866 GMT+0100,3133.9300000000003,3133.369,0,0.0022
11.12.2019 01:34:07.917 GMT+0100,3134.031,3133.37,0.0027,0.0008
11.12.2019 01:34:18.281 GMT+0100,3133.83,3133.37,0.0001,0.0008
11.12.2019 01:34:18.331 GMT+0100,3133.83,3133.17,0.0027,0.0031
11.12.2019 01:34:30.942 GMT+0100,3133.531,3133.17,0.0001,0.0009
11.12.2019 01:34:30.992 GMT+0100,3133.531,3132.869,0.0027,0.0031
11.12.2019 01:34:40.164 GMT+0100,3133.4300000000003,3132.869,0.0001,0.0009
11.12.2019 01:34:40.214 GMT+0100,3133.4300000000003,3132.77,0.0001,0.0022
11.12.2019 01:34:40.318 GMT+0100,3133.3309999999997,3132.7690000000002,0.0001,0.0009
11.12.2019 01:34:40.368 GMT+0100,3133.3309999999997,3132.67,0.0027,0.0008
11.12.2019 01:34:44.942 GMT+0100,3133.3309999999997,3132.869,0,0.0022
11.12.2019 01:34:44.993 GMT+0100,3133.53,3132.87,0,0.0001
11.12.2019 01:34:45.264 GMT+0100,3133.33,3132.87,0.0001,0.0001
11.12.2019 01:34:45.315 GMT+0100,3133.33,3132.67,0.0001,0.003
11.12.2019 01:34:46.215 GMT+0100,3133.53,3132.87,0,0.0001
11.12.2019 01:34:46.792 GMT+0100,3133.3309999999997,3132.869,0,0.0022
11.12.2019 01:34:46.842 GMT+0100,3133.33,3132.67,0.0001,0.003
11.12.2019 01:34:47.263 GMT+0100,3133.3309999999997,3132.869,0,0.0022
11.12.2019 01:34:47.313 GMT+0100,3133.53,3132.87,0,0.0001
11.12.2019 01:34:48.195 GMT+0100,3133.3309999999997,3132.67,0.0027,0.0008
11.12.2019 01:34:52.294 GMT+0100,3133.03,3132.67,0.0001,0.0008
11.12.2019 01:34:52.344 GMT+0100,3133.03,3132.37,0.0025,0.0023
11.12.2019 01:34:52.455 GMT+0100,3133.03,3132.67,0,0.0022
11.12.2019 01:34:52.505 GMT+0100,3133.33,3132.67,0.0001,0.003
11.12.2019 01:35:05.669 GMT+0100,3133.3309999999997,3132.87,0,0.0022
11.12.2019 01:35:05.720 GMT+0100,3133.53,3132.87,0.0001,0.003
11.12.2019 01:35:07.630 GMT+0100,3133.33,3132.87,0.0001,0.0008
11.12.2019 01:35:07.681 GMT+0100,3133.33,3132.67,0.0025,0.0023
11.12.2019 01:35:08.625 GMT+0100,3133.33,3132.77,0,0.0022
11.12.2019 01:35:08.676 GMT+0100,3133.4300000000003,3132.77,0.0025,0.0023
11.12.2019 01:35:09.097 GMT+0100,3133.3309999999997,3132.6690000000003,0.0027,0.0031
11.12.2019 01:35:20.861 GMT+0100,3133.131,3132.6690000000003,0.0001,0.0009
11.12.2019 01:35:20.911 GMT+0100,3133.131,3132.4690000000005,0.0027,0.0031
11.12.2019 01:35:21.879 GMT+0100,3133.031,3132.4690000000005,0.0001,0.0009
11.12.2019 01:35:21.930 GMT+0100,3133.03,3132.37,0,0.0001
11.12.2019 01:35:22.042 GMT+0100,3133.03,3132.67,0,0.0022
11.12.2019 01:35:22.092 GMT+0100,3133.33,3132.67,0.0025,0.0023
11.12.2019 01:35:42.679 GMT+0100,3133.33,3132.87,0,0.0022
11.12.2019 01:35:42.729 GMT+0100,3133.53,3132.87,0.0001,0.003
11.12.2019 01:35:52.538 GMT+0100,3133.531,3133.17,0,0.0022
11.12.2019 01:35:52.589 GMT+0100,3133.83,3133.17,0.0027,0.0031
11.12.2019 01:35:55.052 GMT+0100,3133.63,3133.17,0.0001,0.0009
11.12.2019 01:35:55.102 GMT+0100,3133.63,3132.9700000000003,0.0027,0.0031
11.12.2019 01:35:55.498 GMT+0100,3133.63,3133.1690000000003,0,0.0022
11.12.2019 01:35:55.549 GMT+0100,3133.8309999999997,3133.17,0.0027,0.0008
11.12.2019 01:35:55.688 GMT+0100,3133.63,3132.9700000000003,0,0.0001
11.12.2019 01:35:56.687 GMT+0100,3133.63,3133.17,0,0.0022
11.12.2019 01:35:56.737 GMT+0100,3133.83,3133.17,0.0025,0.0023
11.12.2019 01:36:01.344 GMT+0100,3133.53,3133.17,0.0001,0.0001
11.12.2019 01:36:01.394 GMT+0100,3133.53,3132.87,0.0001,0.0022
11.12.2019 01:36:04.146 GMT+0100,3133.33,3132.869,0.0001,0.0009
11.12.2019 01:36:04.197 GMT+0100,3133.33,3132.67,0.0001,0.0022
11.12.2019 01:36:05.472 GMT+0100,3133.3309999999997,3132.77,0,0.0022
11.12.2019 01:36:05.522 GMT+0100,3133.4300000000003,3132.77,0.0001,0.0022
11.12.2019 01:36:05.630 GMT+0100,3133.3309999999997,3132.7690000000002,0.0001,0.0009
11.12.2019 01:36:05.680 GMT+0100,3133.3309999999997,3132.67,0.0027,0.0008
11.12.2019 01:36:08.602 GMT+0100,3133.3309999999997,3132.869,0,0.0022
11.12.2019 01:36:08.652 GMT+0100,3133.531,3132.869,0.0027,0.0031
11.12.2019 01:37:05.123 GMT+0100,3133.3309999999997,3132.67,0.0027,0.0008
11.12.2019 01:37:49.402 GMT+0100,3133.53,3132.87,0,0.0001
11.12.2019 01:38:22.129 GMT+0100,3133.3309999999997,3132.87,0.0001,0.0001
11.12.2019 01:38:22.179 GMT+0100,3133.33,3132.67,0,0.0001
11.12.2019 01:38:26.464 GMT+0100,3133.33,3132.87,0,0.0022
11.12.2019 01:38:26.515 GMT+0100,3133.53,3132.87,0.0001,0.0022
11.12.2019 01:38:54.460 GMT+0100,3133.53,3132.87,0.0001,0.0022
11.12.2019 01:38:54.510 GMT+0100,3133.33,3132.67,0.0027,0.0031
11.12.2019 01:38:54.953 GMT+0100,3133.03,3132.67,0.0001,0.0009
11.12.2019 01:38:55.004 GMT+0100,3133.03,3132.37,0.0001,0.0022
11.12.2019 01:38:55.115 GMT+0100,3133.031,3132.6690000000003,0,0.0022
11.12.2019 01:38:55.165 GMT+0100,3133.33,3132.67,0,0.0009
11.12.2019 01:38:55.832 GMT+0100,3133.03,3132.37,0.0027,0.0031
11.12.2019 01:39:02.965 GMT+0100,3133.03,3132.37,0.0027,0.0023
11.12.2019 01:39:03.066 GMT+0100,3132.931,3132.27,0.0027,0.0008
11.12.2019 01:39:03.181 GMT+0100,3132.83,3132.17,0,0.0009
11.12.2019 01:39:04.136 GMT+0100,3132.53,3131.87,0.0027,0.0031
11.12.2019 01:39:05.990 GMT+0100,3132.034,3131.87,0.0001,0.0009
11.12.2019 01:39:06.040 GMT+0100,3132.03,3131.37,0.0001,0.0022
11.12.2019 01:39:06.148 GMT+0100,3131.83,3131.369,0.0001,0.0009
11.12.2019 01:39:06.199 GMT+0100,3131.83,3131.17,0.0027,0.0031
11.12.2019 01:39:06.304 GMT+0100,3131.83,3131.369,0,0.0022
11.12.2019 01:39:06.355 GMT+0100,3132.031,3131.37,0.0027,0.0008
11.12.2019 01:39:06.628 GMT+0100,3131.83,3131.37,0.0001,0.0008
11.12.2019 01:39:06.678 GMT+0100,3131.83,3131.17,0.0001,0.003
11.12.2019 01:39:07.119 GMT+0100,3131.531,3131.17,0,0.003
11.12.2019 01:39:07.169 GMT+0100,3131.531,3130.87,0.0027,0.0008
11.12.2019 01:39:07.440 GMT+0100,3131.63,3130.9700000000003,0.0001,0.003
11.12.2019 01:39:07.591 GMT+0100,3131.631,3131.17,0,0.0022
11.12.2019 01:39:07.642 GMT+0100,3131.83,3131.17,0.0025,0.0023
11.12.2019 01:39:07.917 GMT+0100,3131.83,3131.369,0,0.0022
11.12.2019 01:39:07.967 GMT+0100,3132.03,3131.37,0,0.0001
11.12.2019 01:39:08.430 GMT+0100,3131.8309999999997,3131.1690000000003,0.0027,0.0031
11.12.2019 01:39:10.146 GMT+0100,3131.531,3131.1690000000003,0.0001,0.0009
11.12.2019 01:39:10.197 GMT+0100,3131.531,3130.869,0.0027,0.0031
11.12.2019 01:39:10.650 GMT+0100,3131.33,3130.869,0.0001,0.0009
11.12.2019 01:39:10.701 GMT+0100,3131.33,3130.67,0.0001,0.0022
11.12.2019 01:39:11.781 GMT+0100,3131.33,3130.87,0.0001,0.0008
11.12.2019 01:39:11.831 GMT+0100,3131.53,3130.87,0.0001,0.003
11.12.2019 01:39:12.584 GMT+0100,3131.531,3131.1690000000003,0,0.0022
11.12.2019 01:39:12.635 GMT+0100,3131.83,3131.17,0,0.0009
11.12.2019 01:39:12.744 GMT+0100,3131.53,3131.17,0.0001,0.0009
11.12.2019 01:39:12.795 GMT+0100,3131.53,3130.87,0.0025,0.0023
11.12.2019 01:39:13.937 GMT+0100,3131.53,3131.17,0,0.0022
11.12.2019 01:39:13.987 GMT+0100,3131.83,3131.17,0.0025,0.0023
11.12.2019 01:39:17.159 GMT+0100,3131.531,3131.17,0.0001,0.0001
11.12.2019 01:39:17.209 GMT+0100,3131.53,3130.87,0,0.0009
11.12.2019 01:39:18.701 GMT+0100,3131.33,3130.67,0.0001,0.003
11.12.2019 01:39:18.839 GMT+0100,3131.3309999999997,3130.869,0,0.0022
11.12.2019 01:39:18.890 GMT+0100,3131.53,3130.87,0,0.0001
11.12.2019 01:39:19.871 GMT+0100,3131.3309999999997,3130.87,0.0001,0.0001
11.12.2019 01:39:19.942 GMT+0100,3131.33,3130.67,0,0.0009
11.12.2019 01:39:21.267 GMT+0100,3131.33,3130.869,0,0.0022
11.12.2019 01:39:21.317 GMT+0100,3131.53,3130.87,0,0.0001
11.12.2019 01:39:22.565 GMT+0100,3131.3309999999997,3130.869,0,0.0022
11.12.2019 01:39:22.615 GMT+0100,3131.33,3130.67,0.0001,0.0022
11.12.2019 01:39:25.383 GMT+0100,3131.031,3130.6690000000003,0.0001,0.0009
11.12.2019 01:39:25.434 GMT+0100,3131.031,3130.37,0.0027,0.0008
11.12.2019 01:39:28.737 GMT+0100,3131.031,3130.67,0,0.0022
11.12.2019 01:39:28.787 GMT+0100,3131.33,3130.67,0.0001,0.003
11.12.2019 01:39:28.939 GMT+0100,3131.03,3130.67,0,0.003
11.12.2019 01:39:28.990 GMT+0100,3131.03,3130.37,0.0027,0.0031
11.12.2019 01:39:29.217 GMT+0100,3131.03,3130.6690000000003,0,0.0022
11.12.2019 01:39:29.268 GMT+0100,3131.33,3130.67,0,0.0009
11.12.2019 01:39:36.741 GMT+0100,3131.031,3130.67,0.0001,0.0009
11.12.2019 01:39:36.791 GMT+0100,3131.03,3130.37,0,0.0009
11.12.2019 01:39:38.145 GMT+0100,3131.03,3130.6690000000003,0,0.0022
11.12.2019 01:39:38.195 GMT+0100,3131.33,3130.67,0,0.0009
11.12.2019 01:39:38.989 GMT+0100,3131.031,3130.67,0.0001,0.0009
11.12.2019 01:39:39.040 GMT+0100,3131.03,3130.37,0,0.0001
11.12.2019 01:39:39.315 GMT+0100,3131.03,3130.67,0,0.0022
11.12.2019 01:39:39.383 GMT+0100,3131.33,3130.67,0.0027,0.0031
11.12.2019 01:39:44.393 GMT+0100,3131.33,3130.869,0,0.0022
11.12.2019 01:39:44.443 GMT+0100,3131.531,3130.869,0.0027,0.0031
11.12.2019 01:39:44.562 GMT+0100,3131.3309999999997,3130.67,0.0027,0.0008
11.12.2019 01:39:47.884 GMT+0100,3131.3309999999997,3130.87,0,0.0022
11.12.2019 01:39:47.934 GMT+0100,3131.53,3130.87,0.0027,0.0031
11.12.2019 01:39:48.209 GMT+0100,3131.33,3130.87,0.0001,0.0009
11.12.2019 01:39:48.259 GMT+0100,3131.33,3130.67,0.0001,0.003
11.12.2019 01:39:50.173 GMT+0100,3131.53,3130.87,0.0027,0.0031
11.12.2019 01:39:50.301 GMT+0100,3131.431,3130.87,0.0001,0.0009
11.12.2019 01:39:50.352 GMT+0100,3131.431,3130.7690000000002,0.0027,0.0031
11.12.2019 01:39:50.504 GMT+0100,3131.53,3130.87,0,0.0009
11.12.2019 01:39:50.940 GMT+0100,3131.53,3130.9700000000003,0,0.0022
11.12.2019 01:39:50.990 GMT+0100,3131.63,3130.9700000000003,0.0001,0.003
11.12.2019 01:39:51.101 GMT+0100,3131.531,3130.9700000000003,0.0001,0.0008
11.12.2019 01:39:51.151 GMT+0100,3131.531,3130.87,0.0027,0.0008
11.12.2019 01:39:52.599 GMT+0100,3131.531,3130.9700000000003,0,0.0022
11.12.2019 01:39:52.649 GMT+0100,3131.63,3130.9700000000003,0.0001,0.0022
11.12.2019 01:39:53.255 GMT+0100,3131.631,3131.1690000000003,0,0.0022
11.12.2019 01:39:53.305 GMT+0100,3131.8309999999997,3131.17,0.0027,0.0008
11.12.2019 01:40:02.830 GMT+0100,3131.8309999999997,3131.37,0,0.0022
11.12.2019 01:40:02.881 GMT+0100,3132.03,3131.37,0.0027,0.0031
11.12.2019 01:40:11.878 GMT+0100,3132.03,3131.37,0.0027,0.0023
11.12.2019 01:40:11.928 GMT+0100,3131.83,3131.17,0.0001,0.003
11.12.2019 01:40:15.377 GMT+0100,3131.531,3131.17,0.0001,0.0008
11.12.2019 01:40:15.428 GMT+0100,3131.53,3130.87,0,0.0009
11.12.2019 01:40:15.558 GMT+0100,3131.53,3130.87,0,0.0001
11.12.2019 01:40:15.608 GMT+0100,3131.03,3130.37,0.0001,0.0022
11.12.2019 01:40:18.887 GMT+0100,3131.03,3130.37,0.0001,0.0022
11.12.2019 01:40:18.938 GMT+0100,3130.83,3130.17,0.0027,0.0031
11.12.2019 01:40:21.198 GMT+0100,3130.83,3130.37,0,0.0022
11.12.2019 01:40:21.248 GMT+0100,3131.03,3130.37,0.0025,0.0023
11.12.2019 01:40:26.900 GMT+0100,3130.931,3130.27,0.0027,0.0008
11.12.2019 01:40:27.661 GMT+0100,3130.931,3130.369,0,0.0022
11.12.2019 01:40:27.711 GMT+0100,3131.03,3130.37,0,0.0009
11.12.2019 01:40:27.825 GMT+0100,3130.8309999999997,3130.37,0.0001,0.0009
11.12.2019 01:40:27.876 GMT+0100,3130.83,3130.17,0,0.0009
11.12.2019 01:40:37.873 GMT+0100,3130.531,3130.1690000000003,0,0.0022
11.12.2019 01:40:37.923 GMT+0100,3130.53,3129.87,0.0001,0.003
11.12.2019 01:40:41.778 GMT+0100,3130.531,3130.17,0,0.0022
11.12.2019 01:40:41.828 GMT+0100,3130.83,3130.17,0.0027,0.0031
11.12.2019 01:40:47.291 GMT+0100,3130.83,3130.2690000000002,0,0.0022
11.12.2019 01:40:47.341 GMT+0100,3130.931,3130.27,0.0027,0.0008
11.12.2019 01:40:47.807 GMT+0100,3130.931,3130.369,0,0.0022
11.12.2019 01:40:47.857 GMT+0100,3131.031,3130.37,0.0027,0.0008
11.12.2019 01:40:52.508 GMT+0100,3130.8309999999997,3130.37,0.0001,0.0008
11.12.2019 01:40:52.558 GMT+0100,3130.83,3130.17,0,0.0009
11.12.2019 01:40:53.017 GMT+0100,3130.83,3130.369,0,0.0022
11.12.2019 01:40:53.067 GMT+0100,3131.031,3130.37,0.0027,0.0008
11.12.2019 01:40:53.177 GMT+0100,3130.8309999999997,3130.37,0.0001,0.0008
11.12.2019 01:40:53.227 GMT+0100,3130.8309999999997,3130.17,0.0027,0.0008
11.12.2019 01:40:53.786 GMT+0100,3130.8309999999997,3130.37,0,0.0022
11.12.2019 01:40:53.836 GMT+0100,3131.03,3130.37,0.0001,0.0022
11.12.2019 01:40:58.405 GMT+0100,3131.031,3130.67,0,0.0022
11.12.2019 01:40:58.455 GMT+0100,3131.33,3130.67,0.0001,0.0022
11.12.2019 01:40:58.623 GMT+0100,3131.031,3130.37,0.0027,0.0008
11.12.2019 01:40:59.481 GMT+0100,3131.031,3130.6690000000003,0,0.0022
11.12.2019 01:40:59.531 GMT+0100,3131.3309999999997,3130.67,0.0027,0.0008
11.12.2019 01:41:07.023 GMT+0100,3131.031,3130.67,0.0001,0.0008
11.12.2019 01:41:07.073 GMT+0100,3131.03,3130.37,0,0.0009
11.12.2019 01:41:07.727 GMT+0100,3130.8309999999997,3130.37,0.0001,0.0009
11.12.2019 01:41:07.777 GMT+0100,3130.83,3130.17,0,0.0001
11.12.2019 01:41:09.420 GMT+0100,3130.83,3130.37,0,0.0022
11.12.2019 01:41:09.470 GMT+0100,3131.03,3130.37,0.0001,0.0022
11.12.2019 01:41:09.820 GMT+0100,3130.8309999999997,3130.369,0.0001,0.0001
11.12.2019 01:41:09.870 GMT+0100,3130.83,3130.17,0,0.0001
11.12.2019 01:41:29.524 GMT+0100,3130.531,3130.17,0.0001,0.0001
11.12.2019 01:41:29.575 GMT+0100,3130.53,3129.87,0,0.0001
11.12.2019 01:41:30.708 GMT+0100,3130.83,3130.17,0,0.0009
11.12.2019 01:41:49.792 GMT+0100,3130.83,3130.37,0,0.0022
11.12.2019 01:41:49.842 GMT+0100,3131.03,3130.37,0.0025,0.0023
11.12.2019 01:41:58.461 GMT+0100,3131.03,3130.6690000000003,0,0.0022
11.12.2019 01:41:58.512 GMT+0100,3131.3309999999997,3130.67,0.0027,0.0008
11.12.2019 01:41:58.617 GMT+0100,3131.031,3130.67,0.0001,0.0008
11.12.2019 01:41:58.668 GMT+0100,3131.031,3130.37,0.0027,0.0008
11.12.2019 01:41:59.229 GMT+0100,3130.83,3130.37,0.0001,0.0008
11.12.2019 01:41:59.280 GMT+0100,3130.83,3130.17,0.0001,0.003
11.12.2019 01:42:07.516 GMT+0100,3130.8309999999997,3130.369,0,0.0022
11.12.2019 01:42:07.566 GMT+0100,3131.03,3130.37,0,0.0009
11.12.2019 01:42:11.339 GMT+0100,3130.8309999999997,3130.37,0.0001,0.0009
11.12.2019 01:42:11.390 GMT+0100,3130.83,3130.17,0,0.0001
11.12.2019 01:42:11.500 GMT+0100,3130.83,3130.37,0,0.0022
11.12.2019 01:42:11.550 GMT+0100,3131.03,3130.37,0.0001,0.0022
11.12.2019 01:42:11.822 GMT+0100,3130.8309999999997,3130.369,0.0001,0.0009
11.12.2019 01:42:11.873 GMT+0100,3130.83,3130.17,0,0.0001
11.12.2019 01:42:13.506 GMT+0100,3130.83,3130.37,0,0.0022
11.12.2019 01:42:13.557 GMT+0100,3131.03,3130.37,0.0001,0.0022
11.12.2019 01:42:13.668 GMT+0100,3130.8309999999997,3130.369,0.0001,0.0009
11.12.2019 01:42:13.718 GMT+0100,3130.8309999999997,3130.17,0.0027,0.0008
11.12.2019 01:42:27.866 GMT+0100,3130.53,3129.87,0.0025,0.0023
11.12.2019 01:42:29.516 GMT+0100,3130.53,3130.1690000000003,0,0.0022
11.12.2019 01:42:29.567 GMT+0100,3130.8309999999997,3130.1690000000003,0.0027,0.0031
11.12.2019 01:42:29.681 GMT+0100,3130.531,3130.1690000000003,0.0001,0.0009
11.12.2019 01:42:29.731 GMT+0100,3130.53,3129.87,0,0.0009
11.12.2019 01:42:29.847 GMT+0100,3130.83,3130.17,0.0027,0.0031
11.12.2019 01:42:42.855 GMT+0100,3130.83,3130.17,0.0027,0.0023
11.12.2019 01:42:42.946 GMT+0100,3130.53,3129.87,0,0.0001
11.12.2019 01:43:17.105 GMT+0100,3130.531,3130.17,0.0001,0.0001
11.12.2019 01:43:17.156 GMT+0100,3130.83,3130.17,0.0025,0.0023
11.12.2019 01:43:26.504 GMT+0100,3130.531,3129.87,0.0027,0.0008
11.12.2019 01:43:27.951 GMT+0100,3130.531,3130.17,0,0.0022
11.12.2019 01:43:28.002 GMT+0100,3130.83,3130.17,0.0001,0.0022
11.12.2019 01:43:32.733 GMT+0100,3130.531,3130.17,0,0.0022
11.12.2019 01:43:32.784 GMT+0100,3130.531,3129.869,0.0027,0.0031
11.12.2019 01:43:55.810 GMT+0100,3130.531,3130.1690000000003,0.0001,0.0001
11.12.2019 01:43:55.911 GMT+0100,3130.83,3130.17,0.0001,0.003
11.12.2019 01:44:07.395 GMT+0100,3130.53,3130.17,0.0001,0.0008
11.12.2019 01:44:07.446 GMT+0100,3130.53,3129.87,0.0001,0.003
11.12.2019 01:44:21.705 GMT+0100,3130.83,3130.17,0,0.0009
11.12.2019 01:44:30.638 GMT+0100,3130.63,3130.17,0.0001,0.0009
11.12.2019 01:44:30.688 GMT+0100,3130.63,3129.9700000000003,0.0001,0.0022
11.12.2019 01:44:31.121 GMT+0100,3130.631,3130.1690000000003,0,0.0022
11.12.2019 01:44:31.171 GMT+0100,3130.83,3130.17,0,0.0001
11.12.2019 01:44:40.942 GMT+0100,3130.531,3130.17,0.0001,0.0001
11.12.2019 01:44:40.992 GMT+0100,3130.53,3129.87,0,0.0001
11.12.2019 01:44:52.101 GMT+0100,3130.83,3130.17,0,0.0009
11.12.2019 01:44:55.954 GMT+0100,3130.531,3130.17,0.0001,0.0009
11.12.2019 01:44:56.005 GMT+0100,3130.53,3129.87,0,0.0001
11.12.2019 01:44:58.405 GMT+0100,3130.53,3130.17,0,0.0022
11.12.2019 01:44:58.456 GMT+0100,3130.83,3130.17,0.0001,0.0022
11.12.2019 01:45:05.352 GMT+0100,3130.53,3129.87,0.0027,0.0031
11.12.2019 01:45:19.457 GMT+0100,3130.3309999999997,3129.87,0.0001,0.0009
11.12.2019 01:45:19.508 GMT+0100,3130.33,3129.67,0,0.0001
11.12.2019 01:45:24.014 GMT+0100,3130.33,3129.87,0,0.0022
11.12.2019 01:45:24.064 GMT+0100,3130.53,3129.87,0.0027,0.0031
11.12.2019 01:45:38.399 GMT+0100,3130.83,3130.17,0.0001,0.003
11.12.2019 01:45:42.575 GMT+0100,3130.531,3130.17,0.0001,0.0008
11.12.2019 01:45:42.626 GMT+0100,3130.53,3129.87,0,0.0001
11.12.2019 01:45:42.897 GMT+0100,3130.53,3130.1690000000003,0,0.0022
11.12.2019 01:45:42.948 GMT+0100,3130.8309999999997,3130.1690000000003,0.0027,0.0031
11.12.2019 01:45:50.232 GMT+0100,3130.8309999999997,3130.1690000000003,0.0027,0.0023
11.12.2019 01:45:50.282 GMT+0100,3130.53,3129.87,0,0.0009
11.12.2019 01:45:55.469 GMT+0100,3130.53,3130.1690000000003,0,0.0022
11.12.2019 01:45:55.519 GMT+0100,3130.83,3130.17,0,0.0009
11.12.2019 01:46:23.235 GMT+0100,3130.83,3130.37,0,0.0022
11.12.2019 01:46:23.286 GMT+0100,3131.03,3130.37,0.0027,0.0031
11.12.2019 01:46:33.022 GMT+0100,3131.03,3130.6690000000003,0,0.0022
11.12.2019 01:46:33.073 GMT+0100,3131.33,3130.67,0,0.0009
11.12.2019 01:46:36.109 GMT+0100,3131.03,3130.67,0.0001,0.0009
11.12.2019 01:46:36.160 GMT+0100,3131.03,3130.37,0.0027,0.0031
11.12.2019 01:46:40.217 GMT+0100,3131.03,3130.6690000000003,0,0.0022
11.12.2019 01:46:40.268 GMT+0100,3131.33,3130.67,0,0.0009
11.12.2019 01:46:44.078 GMT+0100,3131.33,3130.67,0,0.0001
11.12.2019 01:46:44.129 GMT+0100,3131.03,3130.37,0.0027,0.0031
11.12.2019 01:46:46.962 GMT+0100,3131.03,3130.67,0,0.0022
11.12.2019 01:46:47.013 GMT+0100,3131.33,3130.67,0.0001,0.003
11.12.2019 01:46:47.937 GMT+0100,3131.031,3130.67,0.0001,0.0008
11.12.2019 01:46:47.987 GMT+0100,3131.03,3130.37,0,0.0009
11.12.2019 01:46:49.221 GMT+0100,3131.03,3130.67,0,0.0022
11.12.2019 01:46:49.272 GMT+0100,3131.33,3130.67,0.0001,0.003
11.12.2019 01:46:50.107 GMT+0100,3131.03,3130.37,0.0025,0.0023
11.12.2019 01:46:50.437 GMT+0100,3131.33,3130.67,0.0001,0.003
11.12.2019 01:47:13.890 GMT+0100,3131.3309999999997,3130.77,0,0.0022
11.12.2019 01:47:13.941 GMT+0100,3131.4300000000003,3130.77,0.0001,0.003
11.12.2019 01:47:14.052 GMT+0100,3131.431,3130.869,0,0.0022
11.12.2019 01:47:14.102 GMT+0100,3131.531,3130.869,0.0027,0.0031
11.12.2019 01:47:14.215 GMT+0100,3131.3309999999997,3130.869,0.0001,0.0009
11.12.2019 01:47:14.265 GMT+0100,3131.3309999999997,3130.67,0.0027,0.0008
11.12.2019 01:47:31.916 GMT+0100,3131.03,3130.67,0.0001,0.0008
11.12.2019 01:47:31.966 GMT+0100,3131.03,3130.37,0.0001,0.003
11.12.2019 01:47:32.067 GMT+0100,3131.031,3130.6690000000003,0,0.0022
11.12.2019 01:47:32.117 GMT+0100,3131.3309999999997,3130.67,0.0027,0.0008
11.12.2019 01:47:34.986 GMT+0100,3131.03,3130.67,0.0001,0.0008
11.12.2019 01:47:35.037 GMT+0100,3131.03,3130.37,0.0027,0.0031
11.12.2019 01:47:36.792 GMT+0100,3131.13,3130.4700000000003,0,0.0001
11.12.2019 01:47:37.246 GMT+0100,3131.031,3130.4700000000003,0.0001,0.0001
11.12.2019 01:47:37.297 GMT+0100,3131.03,3130.37,0,0.0009
11.12.2019 01:47:37.408 GMT+0100,3131.03,3130.4690000000005,0,0.0022
11.12.2019 01:47:37.458 GMT+0100,3131.13,3130.4700000000003,0,0.0001
11.12.2019 01:47:37.733 GMT+0100,3131.3309999999997,3130.6690000000003,0.0027,0.0031
11.12.2019 01:47:38.009 GMT+0100,3131.131,3130.6690000000003,0.0001,0.0009
11.12.2019 01:47:38.059 GMT+0100,3131.131,3130.4700000000003,0.0027,0.0008
11.12.2019 01:47:38.173 GMT+0100,3131.031,3130.4700000000003,0.0001,0.0008
11.12.2019 01:47:38.224 GMT+0100,3131.031,3130.37,0.0027,0.0008
11.12.2019 01:47:40.477 GMT+0100,3131.031,3130.4700000000003,0,0.0022
11.12.2019 01:47:40.528 GMT+0100,3131.13,3130.4700000000003,0.0027,0.0031
11.12.2019 01:47:40.639 GMT+0100,3131.031,3130.4700000000003,0.0001,0.0009
11.12.2019 01:47:40.689 GMT+0100,3131.031,3130.37,0.0027,0.0008
11.12.2019 01:47:41.363 GMT+0100,3131.13,3130.4700000000003,0,0.0009
11.12.2019 01:47:42.242 GMT+0100,3131.13,3130.4700000000003,0,0.0001
11.12.2019 01:47:42.293 GMT+0100,3131.03,3130.37,0.0001,0.0022
11.12.2019 01:47:42.723 GMT+0100,3131.031,3130.4690000000005,0,0.0022
11.12.2019 01:47:42.773 GMT+0100,3131.13,3130.4700000000003,0,0.0001
11.12.2019 01:47:43.055 GMT+0100,3131.13,3130.6690000000003,0,0.0022
11.12.2019 01:47:43.105 GMT+0100,3131.33,3130.67,0,0.0009
11.12.2019 01:47:50.970 GMT+0100,3131.03,3130.67,0.0001,0.0009
11.12.2019 01:47:51.020 GMT+0100,3131.03,3130.37,0.0025,0.0023
11.12.2019 01:47:57.870 GMT+0100,3131.13,3130.4700000000003,0,0.0009
11.12.2019 01:47:58.934 GMT+0100,3131.031,3130.4700000000003,0.0001,0.0009
11.12.2019 01:47:58.985 GMT+0100,3131.03,3130.37,0,0.0009
11.12.2019 01:48:09.367 GMT+0100,3131.03,3130.67,0,0.0022
11.12.2019 01:48:09.417 GMT+0100,3131.33,3130.67,0.0001,0.003
11.12.2019 01:48:11.769 GMT+0100,3131.03,3130.67,0.0001,0.0008
11.12.2019 01:48:11.819 GMT+0100,3131.03,3130.37,0.0001,0.003
11.12.2019 01:48:28.817 GMT+0100,3131.031,3130.67,0,0.0022
11.12.2019 01:48:28.867 GMT+0100,3131.33,3130.67,0.0001,0.003
11.12.2019 01:48:30.949 GMT+0100,3131.131,3130.67,0.0001,0.0008
11.12.2019 01:48:30.999 GMT+0100,3131.13,3130.4700000000003,0,0.0001
11.12.2019 01:48:31.685 GMT+0100,3131.13,3130.6690000000003,0,0.0022
11.12.2019 01:48:31.735 GMT+0100,3131.33,3130.67,0,0.0001
11.12.2019 01:48:58.849 GMT+0100,3131.33,3130.869,0,0.0022
11.12.2019 01:48:58.899 GMT+0100,3131.53,3130.87,0,0.0001
11.12.2019 01:49:02.670 GMT+0100,3131.33,3130.87,0.0001,0.0001
11.12.2019 01:49:02.721 GMT+0100,3131.33,3130.67,0.0001,0.0022
11.12.2019 01:49:03.796 GMT+0100,3131.33,3130.87,0.0001,0.0001
11.12.2019 01:49:03.846 GMT+0100,3131.53,3130.87,0.0025,0.0023
11.12.2019 01:49:16.732 GMT+0100,3131.53,3130.9700000000003,0,0.0022
11.12.2019 01:49:16.783 GMT+0100,3131.63,3130.9700000000003,0.0025,0.0023
11.12.2019 01:49:17.371 GMT+0100,3131.63,3131.1690000000003,0,0.0022
11.12.2019 01:49:17.421 GMT+0100,3131.83,3131.17,0,0.0009
11.12.2019 01:49:17.531 GMT+0100,3131.631,3131.17,0.0001,0.0009
11.12.2019 01:49:17.582 GMT+0100,3131.631,3130.9700000000003,0.0027,0.0008
11.12.2019 01:49:17.970 GMT+0100,3131.631,3131.17,0,0.0022
11.12.2019 01:49:18.020 GMT+0100,3131.83,3131.17,0.0001,0.003
11.12.2019 01:49:18.173 GMT+0100,3131.53,3130.87,0.0027,0.0031
11.12.2019 01:49:19.542 GMT+0100,3131.53,3130.9690000000005,0,0.0022
11.12.2019 01:49:19.592 GMT+0100,3131.63,3130.9700000000003,0,0.0001
11.12.2019 01:49:19.703 GMT+0100,3131.63,3131.17,0,0.0022
11.12.2019 01:49:19.754 GMT+0100,3131.83,3131.17,0.0027,0.0031
11.12.2019 01:49:23.794 GMT+0100,3131.53,3131.17,0.0001,0.0009
11.12.2019 01:49:23.844 GMT+0100,3131.53,3130.87,0.0027,0.0031
11.12.2019 01:49:23.955 GMT+0100,3131.53,3131.1690000000003,0,0.0022
11.12.2019 01:49:24.006 GMT+0100,3131.83,3131.17,0,0.0001
11.12.2019 01:49:25.144 GMT+0100,3131.53,3131.17,0.0001,0.0001
11.12.2019 01:49:25.195 GMT+0100,3131.53,3130.87,0.0027,0.0031
11.12.2019 01:49:25.622 GMT+0100,3131.53,3131.1690000000003,0,0.0022
11.12.2019 01:49:25.673 GMT+0100,3131.8309999999997,3131.1690000000003,0.0027,0.0031
11.12.2019 01:49:33.094 GMT+0100,3131.531,3131.1690000000003,0.0001,0.0009
11.12.2019 01:49:33.145 GMT+0100,3131.531,3130.869,0.0027,0.0031
11.12.2019 01:49:34.611 GMT+0100,3131.531,3131.1690000000003,0,0.0022
11.12.2019 01:49:34.661 GMT+0100,3131.8309999999997,3131.1690000000003,0.0027,0.0031
11.12.2019 01:49:35.347 GMT+0100,3131.53,3130.87,0,0.0009
11.12.2019 01:49:35.491 GMT+0100,3131.531,3130.9690000000005,0.0001,0.0001
11.12.2019 01:49:35.541 GMT+0100,3131.63,3130.9700000000003,0.0001,0.003
11.12.2019 01:49:35.808 GMT+0100,3131.631,3131.1690000000003,0,0.0022
11.12.2019 01:49:35.858 GMT+0100,3131.83,3131.17,0,0.0009
11.12.2019 01:49:43.662 GMT+0100,3131.63,3131.17,0.0001,0.0009
11.12.2019 01:49:43.713 GMT+0100,3131.63,3130.9700000000003,0.0001,0.0022
11.12.2019 01:49:45.372 GMT+0100,3131.631,3131.1690000000003,0,0.0022
11.12.2019 01:49:45.423 GMT+0100,3131.83,3131.17,0,0.0001
11.12.2019 01:49:52.969 GMT+0100,3131.531,3131.17,0.0001,0.0001
11.12.2019 01:49:53.020 GMT+0100,3131.53,3130.87,0,0.0009
11.12.2019 01:49:53.687 GMT+0100,3131.53,3131.17,0,0.0022
11.12.2019 01:49:53.738 GMT+0100,3131.83,3131.17,0.0001,0.003
11.12.2019 01:49:56.382 GMT+0100,3131.53,3131.17,0.0001,0.0008
11.12.2019 01:49:56.433 GMT+0100,3131.53,3130.87,0.0025,0.0023
11.12.2019 01:49:56.976 GMT+0100,3131.53,3131.1690000000003,0,0.0022
11.12.2019 01:49:57.026 GMT+0100,3131.83,3131.17,0,0.0001
11.12.2019 01:50:57.063 GMT+0100,3131.8309999999997,3131.1690000000003,0.0025,0.003
11.12.2019 01:51:17.038 GMT+0100,3131.531,3131.1690000000003,0.0022,0.0008
11.12.2019 01:51:17.089 GMT+0100,3131.53,3130.87,0,0.0001
11.12.2019 01:51:35.163 GMT+0100,3131.53,3130.9700000000003,0,0.0022
11.12.2019 01:51:35.214 GMT+0100,3131.63,3130.9700000000003,0.0001,0.003
11.12.2019 01:51:37.656 GMT+0100,3131.531,3130.9700000000003,0,0.003
11.12.2019 01:51:37.709 GMT+0100,3131.531,3130.869,0.0027,0.0031
11.12.2019 01:51:37.792 GMT+0100,3131.531,3130.9690000000005,0,0.0022
11.12.2019 01:51:37.843 GMT+0100,3131.631,3130.9700000000003,0.0027,0.0008
11.12.2019 01:51:41.484 GMT+0100,3131.53,3130.9700000000003,0.0001,0.0008
11.12.2019 01:51:41.535 GMT+0100,3131.53,3130.87,0.0001,0.0022
11.12.2019 01:51:57.891 GMT+0100,3131.3309999999997,3130.869,0.0001,0.0009
11.12.2019 01:51:57.941 GMT+0100,3131.33,3130.67,0,0.0001
11.12.2019 01:52:53.482 GMT+0100,3131.33,3130.869,0,0.0022
11.12.2019 01:52:53.532 GMT+0100,3131.53,3130.87,0,0.0001
11.12.2019 01:53:01.614 GMT+0100,3131.33,3130.87,0.0001,0.0001
11.12.2019 01:53:01.664 GMT+0100,3131.33,3130.67,0.0001,0.0022
11.12.2019 01:53:03.374 GMT+0100,3131.3309999999997,3130.869,0,0.0022
11.12.2019 01:53:03.425 GMT+0100,3131.531,3130.87,0.0027,0.0008
11.12.2019 01:53:48.733 GMT+0100,3131.33,3130.87,0.0001,0.0008
11.12.2019 01:53:48.783 GMT+0100,3131.33,3130.67,0.0027,0.0031
11.12.2019 01:53:48.896 GMT+0100,3131.33,3130.869,0,0.0022
11.12.2019 01:53:48.947 GMT+0100,3131.531,3130.869,0.0027,0.0031
11.12.2019 01:54:06.273 GMT+0100,3131.431,3130.869,0.0001,0.0009
11.12.2019 01:54:06.324 GMT+0100,3131.431,3130.7690000000002,0.0027,0.0031
11.12.2019 01:54:07.909 GMT+0100,3131.431,3130.87,0,0.0022
11.12.2019 01:54:07.959 GMT+0100,3131.53,3130.87,0.0001,0.003
11.12.2019 01:54:22.770 GMT+0100,3131.33,3130.87,0.0001,0.0008
11.12.2019 01:54:22.833 GMT+0100,3131.33,3130.67,0.0027,0.0031
11.12.2019 01:54:28.556 GMT+0100,3131.33,3130.87,0,0.0022
11.12.2019 01:54:28.607 GMT+0100,3131.53,3130.87,0.0027,0.0031
11.12.2019 01:56:59.634 GMT+0100,3131.3309999999997,3130.87,0.0022,0.0008
11.12.2019 01:56:59.684 GMT+0100,3131.33,3130.67,0,0.0009
11.12.2019 01:57:08.190 GMT+0100,3131.33,3130.869,0,0.0022
11.12.2019 01:57:08.241 GMT+0100,3131.53,3130.87,0,0.0001
11.12.2019 01:57:22.195 GMT+0100,3131.3309999999997,3130.87,0.0001,0.0001
11.12.2019 01:57:22.245 GMT+0100,3131.3309999999997,3130.67,0.0027,0.0008
11.12.2019 01:59:10.678 GMT+0100,3131.53,3130.87,0.0025,0.0022
11.12.2019 01:59:10.729 GMT+0100,3131.53,3130.87,0.0025,0.0023
11.12.2019 01:59:51.494 GMT+0100,3131.53,3131.1690000000003,0,0.0022
11.12.2019 01:59:51.545 GMT+0100,3131.8309999999997,3131.17,0.0027,0.0008
11.12.2019 01:59:54.847 GMT+0100,3131.8309999999997,3131.37,0,0.0022
11.12.2019 01:59:54.897 GMT+0100,3132.03,3131.37,0.0001,0.003
11.12.2019 02:00:02.023 GMT+0100,3131.8309999999997,3131.37,0.0001,0.0008
11.12.2019 02:00:02.074 GMT+0100,3131.8309999999997,3131.1690000000003,0.0027,0.0031
11.12.2019 02:00:02.741 GMT+0100,3131.8309999999997,3131.369,0,0.0022
11.12.2019 02:00:02.792 GMT+0100,3132.03,3131.37,0,0.0009
11.12.2019 02:00:03.063 GMT+0100,3131.83,3131.37,0.0001,0.0009
11.12.2019 02:00:03.114 GMT+0100,3131.83,3131.17,0.0001,0.0022
11.12.2019 02:00:03.225 GMT+0100,3131.8309999999997,3131.369,0,0.0022
11.12.2019 02:00:03.275 GMT+0100,3132.03,3131.37,0,0.0001
11.12.2019 02:00:03.386 GMT+0100,3131.83,3131.37,0.0001,0.0001
11.12.2019 02:00:03.436 GMT+0100,3131.83,3131.17,0.0027,0.0031
11.12.2019 02:00:03.547 GMT+0100,3131.83,3131.369,0,0.0022
11.12.2019 02:00:03.597 GMT+0100,3132.031,3131.37,0.0027,0.0008
11.12.2019 02:00:56.228 GMT+0100,3132.131,3131.4690000000005,0.0027,0.0023
11.12.2019 02:00:56.278 GMT+0100,3132.131,3131.4690000000005,0.0027,0.0031
11.12.2019 02:00:56.503 GMT+0100,3132.03,3131.37,0.0001,0.0022
11.12.2019 02:01:16.085 GMT+0100,3131.83,3131.369,0.0001,0.0009
11.12.2019 02:01:16.136 GMT+0100,3131.83,3131.17,0.0001,0.0022
11.12.2019 02:02:08.626 GMT+0100,3131.531,3130.87,0.0027,0.0008
11.12.2019 02:02:19.316 GMT+0100,3131.3309999999997,3130.87,0.0001,0.0008
11.12.2019 02:02:19.367 GMT+0100,3131.3309999999997,3130.67,0.0027,0.0008
11.12.2019 02:02:23.955 GMT+0100,3131.3309999999997,3130.869,0,0.0022
11.12.2019 02:02:24.005 GMT+0100,3131.531,3130.87,0.0027,0.0008
11.12.2019 02:02:24.147 GMT+0100,3131.33,3130.67,0.0027,0.0031
11.12.2019 02:02:26.018 GMT+0100,3131.33,3130.869,0,0.0022
11.12.2019 02:02:26.068 GMT+0100,3131.53,3130.87,0,0.0009
11.12.2019 02:02:29.810 GMT+0100,3131.4300000000003,3130.87,0.0001,0.0009
11.12.2019 02:02:29.860 GMT+0100,3131.4300000000003,3130.77,0.0001,0.003
11.12.2019 02:02:30.118 GMT+0100,3131.33,3130.67,0,0.0001
11.12.2019 02:02:30.232 GMT+0100,3131.33,3130.87,0,0.0022
11.12.2019 02:02:30.282 GMT+0100,3131.53,3130.87,0.0001,0.0022
11.12.2019 02:03:00.877 GMT+0100,3131.83,3131.17,0.0001,0.0022
11.12.2019 02:03:00.928 GMT+0100,3131.83,3131.17,0.0001,0.003
11.12.2019 02:03:01.788 GMT+0100,3131.53,3131.17,0.0025,0.0008
11.12.2019 02:03:01.838 GMT+0100,3131.53,3130.87,0.0027,0.0031
11.12.2019 02:05:12.414 GMT+0100,3131.33,3130.87,0.0022,0.0008
11.12.2019 02:05:12.464 GMT+0100,3131.33,3130.67,0.0027,0.0031
11.12.2019 02:05:16.633 GMT+0100,3131.33,3130.87,0,0.0022
11.12.2019 02:05:16.684 GMT+0100,3131.53,3130.87,0.0027,0.0031
11.12.2019 02:05:17.021 GMT+0100,3131.431,3130.87,0.0001,0.0009
11.12.2019 02:05:17.071 GMT+0100,3131.431,3130.77,0.0027,0.0008
11.12.2019 02:05:17.728 GMT+0100,3131.431,3130.87,0,0.0022
11.12.2019 02:05:17.779 GMT+0100,3131.53,3130.87,0.0027,0.0031
11.12.2019 02:05:20.803 GMT+0100,3131.33,3130.87,0.0001,0.0009
11.12.2019 02:05:20.853 GMT+0100,3131.33,3130.67,0.0001,0.003
11.12.2019 02:05:22.504 GMT+0100,3131.3309999999997,3130.869,0,0.0022
11.12.2019 02:05:22.555 GMT+0100,3131.53,3130.87,0,0.0001
11.12.2019 02:05:35.431 GMT+0100,3131.8309999999997,3131.17,0.0027,0.0008
11.12.2019 02:05:38.430 GMT+0100,3131.531,3131.17,0.0001,0.0008
11.12.2019 02:05:38.480 GMT+0100,3131.531,3130.869,0.0027,0.0031
11.12.2019 02:05:41.056 GMT+0100,3131.531,3131.17,0,0.0022
11.12.2019 02:05:41.107 GMT+0100,3131.83,3131.17,0.0027,0.0031
11.12.2019 02:05:46.110 GMT+0100,3131.631,3131.17,0.0001,0.0009
11.12.2019 02:05:46.160 GMT+0100,3131.63,3130.9700000000003,0,0.0001
11.12.2019 02:05:46.381 GMT+0100,3131.631,3131.17,0.0001,0.0001
11.12.2019 02:05:46.432 GMT+0100,3131.83,3131.17,0,0.0001
11.12.2019 02:05:48.680 GMT+0100,3131.53,3130.87,0.0025,0.0023
11.12.2019 02:05:48.815 GMT+0100,3131.53,3131.17,0,0.0022
11.12.2019 02:05:48.865 GMT+0100,3131.83,3131.17,0.0025,0.0023
11.12.2019 02:05:55.110 GMT+0100,3131.531,3131.17,0.0001,0.0001
11.12.2019 02:05:55.161 GMT+0100,3131.531,3130.87,0.0027,0.0008
11.12.2019 02:06:32.095 GMT+0100,3131.531,3130.9690000000005,0,0.0022
11.12.2019 02:06:32.146 GMT+0100,3131.63,3130.9700000000003,0,0.0009
11.12.2019 02:06:32.256 GMT+0100,3131.53,3130.9700000000003,0.0001,0.0009
11.12.2019 02:06:32.307 GMT+0100,3131.53,3130.87,0.0025,0.0023
11.12.2019 02:06:34.368 GMT+0100,3131.53,3131.1690000000003,0,0.0022
11.12.2019 02:06:34.418 GMT+0100,3131.83,3131.17,0,0.0009
11.12.2019 02:06:42.384 GMT+0100,3131.53,3131.17,0.0001,0.0009
11.12.2019 02:06:42.434 GMT+0100,3131.53,3130.87,0.0025,0.0023
11.12.2019 02:06:50.279 GMT+0100,3131.53,3131.1690000000003,0,0.003
11.12.2019 02:06:50.329 GMT+0100,3131.83,3131.17,0,0.0001
11.12.2019 02:06:50.461 GMT+0100,3131.63,3130.9700000000003,0,0.0001
11.12.2019 02:06:53.297 GMT+0100,3131.63,3131.17,0,0.0022
11.12.2019 02:06:53.347 GMT+0100,3131.83,3131.17,0.0025,0.0023
11.12.2019 02:08:46.109 GMT+0100,3131.631,3130.9690000000005,0.0027,0.0031
11.12.2019 02:08:47.760 GMT+0100,3131.83,3131.17,0,0.0009
11.12.2019 02:08:47.905 GMT+0100,3131.631,3131.17,0.0001,0.0009
11.12.2019 02:08:47.955 GMT+0100,3131.631,3130.9690000000005,0.0027,0.0031
11.12.2019 02:08:49.478 GMT+0100,3131.53,3130.9690000000005,0.0001,0.0009
11.12.2019 02:08:49.529 GMT+0100,3131.53,3130.87,0.0001,0.003
11.12.2019 02:09:10.550 GMT+0100,3131.83,3131.17,0,0.0009
11.12.2019 02:09:45.732 GMT+0100,3131.53,3131.17,0.0001,0.0009
11.12.2019 02:09:45.783 GMT+0100,3131.53,3130.87,0.0025,0.0023
11.12.2019 02:09:49.912 GMT+0100,3131.83,3131.17,0,0.0001
11.12.2019 02:09:51.297 GMT+0100,3131.531,3131.17,0.0001,0.0001
11.12.2019 02:09:51.348 GMT+0100,3131.531,3130.87,0.0027,0.0008
11.12.2019 02:10:01.231 GMT+0100,3131.531,3131.17,0,0.0022
11.12.2019 02:10:01.281 GMT+0100,3131.83,3131.17,0.0001,0.0022
11.12.2019 02:10:15.833 GMT+0100,3131.631,3131.1690000000003,0.0001,0.0009
11.12.2019 02:10:15.883 GMT+0100,3131.631,3130.9690000000005,0.0027,0.0031
11.12.2019 02:10:17.619 GMT+0100,3131.631,3131.17,0,0.0022
11.12.2019 02:10:17.669 GMT+0100,3131.83,3131.17,0.0027,0.0031
11.12.2019 02:11:13.327 GMT+0100,3131.83,3131.17,0.0027,0.0023
11.12.2019 02:11:13.377 GMT+0100,3131.63,3130.9700000000003,0,0.0009
11.12.2019 02:11:14.250 GMT+0100,3131.63,3131.17,0,0.0022
11.12.2019 02:11:14.300 GMT+0100,3131.83,3131.17,0.0001,0.0022
11.12.2019 02:11:17.829 GMT+0100,3131.53,3130.87,0.0001,0.003
11.12.2019 02:11:18.837 GMT+0100,3131.531,3131.17,0,0.0022
11.12.2019 02:11:18.888 GMT+0100,3131.83,3131.17,0.0025,0.0023
11.12.2019 02:11:31.366 GMT+0100,3131.63,3131.17,0.0001,0.0001
11.12.2019 02:11:31.417 GMT+0100,3131.63,3130.9700000000003,0.0025,0.0023
11.12.2019 02:11:31.527 GMT+0100,3131.63,3131.1690000000003,0,0.0022
11.12.2019 02:11:31.578 GMT+0100,3131.83,3131.17,0,0.0001
11.12.2019 02:11:34.219 GMT+0100,3131.63,3131.17,0.0001,0.0001
11.12.2019 02:11:34.269 GMT+0100,3131.63,3130.9700000000003,0.0027,0.0031
11.12.2019 02:11:34.735 GMT+0100,3131.83,3131.17,0.0001,0.0022
11.12.2019 02:12:13.406 GMT+0100,3131.531,3131.1690000000003,0.0001,0.0009
11.12.2019 02:12:13.457 GMT+0100,3131.53,3130.87,0,0.0001
11.12.2019 02:12:54.908 GMT+0100,3131.33,3130.87,0.0001,0.0001
11.12.2019 02:12:54.958 GMT+0100,3131.33,3130.67,0.0001,0.0022
11.12.2019 02:13:28.248 GMT+0100,3131.031,3130.6690000000003,0.0001,0.0009
11.12.2019 02:13:28.299 GMT+0100,3131.031,3130.37,0.0027,0.0008
11.12.2019 02:14:03.915 GMT+0100,3130.8309999999997,3130.37,0.0001,0.0008
11.12.2019 02:14:03.966 GMT+0100,3130.8309999999997,3130.17,0.0027,0.0008
11.12.2019 02:14:07.679 GMT+0100,3130.53,3130.17,0.0001,0.0008
11.12.2019 02:14:07.730 GMT+0100,3130.53,3129.87,0.0027,0.0031
11.12.2019 02:14:22.619 GMT+0100,3130.53,3130.1690000000003,0,0.0022
11.12.2019 02:14:22.670 GMT+0100,3130.8309999999997,3130.17,0.0027,0.0008
11.12.2019 02:14:26.288 GMT+0100,3130.8309999999997,3130.369,0,0.0022
11.12.2019 02:14:26.338 GMT+0100,3131.03,3130.37,0,0.0009
11.12.2019 02:14:27.253 GMT+0100,3131.03,3130.6690000000003,0,0.0022
11.12.2019 02:14:27.304 GMT+0100,3131.3309999999997,3130.67,0.0027,0.0008
11.12.2019 02:14:28.011 GMT+0100,3131.131,3130.67,0.0001,0.0008
11.12.2019 02:14:28.062 GMT+0100,3131.131,3130.4700000000003,0.0027,0.0008
11.12.2019 02:14:28.196 GMT+0100,3131.03,3130.4700000000003,0.0001,0.0008
11.12.2019 02:14:28.247 GMT+0100,3131.03,3130.37,0.0027,0.0031
11.12.2019 02:14:54.077 GMT+0100,3130.83,3130.37,0.0001,0.0009
11.12.2019 02:14:54.128 GMT+0100,3130.83,3130.17,0.0001,0.0022
11.12.2019 02:15:01.769 GMT+0100,3130.531,3130.1690000000003,0.0001,0.0009
11.12.2019 02:15:01.819 GMT+0100,3130.531,3129.869,0.0027,0.0031
11.12.2019 02:15:05.578 GMT+0100,3130.531,3130.17,0,0.0022
11.12.2019 02:15:05.628 GMT+0100,3130.83,3130.17,0.0001,0.003
11.12.2019 02:15:06.369 GMT+0100,3130.531,3130.17,0.0001,0.0008
11.12.2019 02:15:06.419 GMT+0100,3130.531,3129.87,0.0027,0.0008
11.12.2019 02:15:06.526 GMT+0100,3130.531,3130.17,0,0.0022
11.12.2019 02:15:06.576 GMT+0100,3130.83,3130.17,0.0027,0.0031
11.12.2019 02:15:07.976 GMT+0100,3130.83,3130.37,0,0.0022
11.12.2019 02:15:08.026 GMT+0100,3131.03,3130.37,0.0001,0.003
11.12.2019 02:15:08.300 GMT+0100,3130.8309999999997,3130.37,0.0001,0.0008
11.12.2019 02:15:08.351 GMT+0100,3130.83,3130.17,0,0.0001
11.12.2019 02:15:09.139 GMT+0100,3130.53,3129.87,0,0.0009
11.12.2019 02:15:10.514 GMT+0100,3130.53,3130.17,0,0.0022
11.12.2019 02:15:10.582 GMT+0100,3130.83,3130.17,0.0027,0.0031
11.12.2019 02:15:48.193 GMT+0100,3130.83,3130.369,0,0.0022
11.12.2019 02:15:48.243 GMT+0100,3131.031,3130.37,0.0027,0.0008
11.12.2019 02:15:57.350 GMT+0100,3131.031,3130.67,0,0.0022
11.12.2019 02:15:57.401 GMT+0100,3131.33,3130.67,0.0025,0.0023
11.12.2019 02:16:00.719 GMT+0100,3131.03,3130.37,0.0001,0.0022
11.12.2019 02:16:00.867 GMT+0100,3131.03,3130.67,0.0001,0.0008
11.12.2019 02:16:00.917 GMT+0100,3131.33,3130.67,0,0.0009
11.12.2019 02:16:02.085 GMT+0100,3131.03,3130.37,0.0027,0.0031
11.12.2019 02:16:02.200 GMT+0100,3131.33,3130.67,0.0025,0.0023
11.12.2019 02:16:03.287 GMT+0100,3131.03,3130.67,0.0001,0.0001
11.12.2019 02:16:03.337 GMT+0100,3131.03,3130.37,0.0001,0.003
11.12.2019 02:16:06.223 GMT+0100,3130.83,3130.37,0.0001,0.0008
11.12.2019 02:16:06.274 GMT+0100,3130.83,3130.17,0.0027,0.0031
11.12.2019 02:16:11.281 GMT+0100,3131.031,3130.369,0.0027,0.0031
11.12.2019 02:16:14.681 GMT+0100,3130.83,3130.369,0.0001,0.0009
11.12.2019 02:16:14.732 GMT+0100,3130.83,3130.17,0.0025,0.0023
11.12.2019 02:16:17.796 GMT+0100,3130.83,3130.37,0,0.0022
11.12.2019 02:16:17.846 GMT+0100,3131.03,3130.37,0.0025,0.0023
11.12.2019 02:16:26.497 GMT+0100,3130.83,3130.17,0.0001,0.0022
11.12.2019 02:16:49.730 GMT+0100,3130.8309999999997,3130.369,0,0.0022
11.12.2019 02:16:49.780 GMT+0100,3131.031,3130.37,0.0027,0.0008
11.12.2019 02:16:50.054 GMT+0100,3130.8309999999997,3130.37,0.0001,0.0008
