Local time,Ask,Bid,AskVolume,BidVolume
11.12.2019 00:00:00.089 GMT+0100,157.877,157.843,0.0205,0.0195
11.12.2019 00:00:01.156 GMT+0100,157.907,157.875,0.0154,0.0146
11.12.2019 00:00:15.089 GMT+0100,157.908,157.874,0.0154,0.0146
11.12.2019 00:00:21.629 GMT+0100,157.877,157.858,0.0154,0.75
11.12.2019 00:00:21.758 GMT+0100,157.877,157.843,0.0154,0.0146
11.12.2019 00:00:22.591 GMT+0100,157.877,157.858,0.0154,0.75
11.12.2019 00:00:22.641 GMT+0100,157.908,157.874,0.0154,0.0146
11.12.2019 00:00:24.726 GMT+0100,157.907,157.875,0.0154,0.0146
11.12.2019 00:00:25.366 GMT+0100,157.908,157.874,0.0154,0.0146
11.12.2019 00:00:58.101 GMT+0100,157.939,157.905,1.03,0.0146
11.12.2019 00:00:58.151 GMT+0100,157.939,157.905,0.0154,0.0146
11.12.2019 00:01:00.324 GMT+0100,157.938,157.906,0.0154,0.0146
11.12.2019 00:01:03.960 GMT+0100,157.939,157.905,0.0154,0.0146
11.12.2019 00:02:00.077 GMT+0100,157.938,157.906,0.0205,0.0195
11.12.2019 00:03:09.074 GMT+0100,157.939,157.905,0.0205,0.0195
11.12.2019 00:05:06.968 GMT+0100,157.939,157.905,0.0205,0.0195
11.12.2019 00:05:28.401 GMT+0100,157.938,157.906,0.0205,0.0195
11.12.2019 00:05:45.799 GMT+0100,157.939,157.905,0.0205,0.0195
11.12.2019 00:06:19.152 GMT+0100,157.938,157.906,0.0205,0.0195
11.12.2019 00:06:19.298 GMT+0100,157.938,157.918,0.0154,0.75
11.12.2019 00:06:19.348 GMT+0100,157.971,157.937,0.0154,0.0146
11.12.2019 00:06:20.236 GMT+0100,157.97,157.938,0.0154,0.0146
11.12.2019 00:06:25.159 GMT+0100,157.971,157.937,0.0154,0.0146
11.12.2019 00:06:36.634 GMT+0100,157.97,157.938,0.0154,0.0146
11.12.2019 00:08:06.754 GMT+0100,157.971,157.937,0.0205,0.0195
11.12.2019 00:08:17.319 GMT+0100,157.97,157.938,0.0205,0.0195
11.12.2019 00:08:22.677 GMT+0100,157.971,157.937,0.0205,0.0195
11.12.2019 00:08:48.983 GMT+0100,157.97,157.938,0.0205,0.0195
11.12.2019 00:09:48.239 GMT+0100,157.971,157.937,0.0205,0.0195
11.12.2019 00:10:27.204 GMT+0100,157.97,157.938,0.0205,0.0195
11.12.2019 00:13:51.195 GMT+0100,157.971,157.937,0.0205,0.0195
11.12.2019 00:15:00.320 GMT+0100,157.97,157.938,0.0205,0.0195
11.12.2019 00:15:32.506 GMT+0100,157.971,157.937,0.0205,0.0195
11.12.2019 00:15:42.491 GMT+0100,157.97,157.938,0.0205,0.0195
11.12.2019 00:16:22.484 GMT+0100,157.971,157.937,0.0205,0.0195
11.12.2019 00:16:47.207 GMT+0100,157.97,157.938,0.0205,0.0195
11.12.2019 00:18:26.975 GMT+0100,157.971,157.937,0.0205,0.0195
11.12.2019 00:19:15.187 GMT+0100,157.97,157.938,0.0205,0.0195
11.12.2019 00:19:36.964 GMT+0100,157.939,157.905,0.0205,0.0195
11.12.2019 00:19:50.234 GMT+0100,157.938,157.906,0.0154,0.0146
11.12.2019 00:20:19.963 GMT+0100,157.939,157.905,0.0154,0.0146
11.12.2019 00:22:30.821 GMT+0100,157.907,157.875,0.0205,0.0195
11.12.2019 00:22:31.033 GMT+0100,157.938,157.906,1.03,0.0146
11.12.2019 00:22:31.106 GMT+0100,157.938,157.906,0.0154,0.0146
11.12.2019 00:22:31.377 GMT+0100,157.923,157.89100000000002,0.0154,0.0146
11.12.2019 00:22:31.721 GMT+0100,157.908,157.874,0.0154,0.0146
11.12.2019 00:22:32.530 GMT+0100,157.907,157.875,0.0154,0.0146
11.12.2019 00:22:34.102 GMT+0100,157.876,157.857,0.0154,0.75
11.12.2019 00:22:34.163 GMT+0100,157.876,157.844,0.0154,0.0146
11.12.2019 00:22:38.887 GMT+0100,157.877,157.843,0.0154,0.0146
11.12.2019 00:22:42.704 GMT+0100,157.86,157.828,0.0154,0.0146
11.12.2019 00:22:43.024 GMT+0100,157.846,157.812,0.0154,0.0146
11.12.2019 00:22:43.101 GMT+0100,157.86,157.828,0.0154,0.0146
11.12.2019 00:22:43.950 GMT+0100,157.876,157.844,0.0154,0.0146
11.12.2019 00:22:45.141 GMT+0100,157.877,157.843,0.0154,0.0146
11.12.2019 00:22:48.795 GMT+0100,157.877,157.858,0.0154,0.75
11.12.2019 00:22:48.845 GMT+0100,157.907,157.875,0.0154,0.0146
11.12.2019 00:22:50.908 GMT+0100,157.877,157.858,0.0154,0.75
11.12.2019 00:22:51.011 GMT+0100,157.877,157.843,0.0154,0.0146
11.12.2019 00:23:01.046 GMT+0100,157.907,157.875,1.03,0.0146
11.12.2019 00:23:01.216 GMT+0100,157.907,157.875,0.0154,0.0146
11.12.2019 00:23:01.699 GMT+0100,157.908,157.874,0.0154,0.0146
11.12.2019 00:23:11.061 GMT+0100,157.908,157.874,1.03,0.0146
11.12.2019 00:23:11.112 GMT+0100,157.876,157.844,0.0154,0.0146
11.12.2019 00:23:14.590 GMT+0100,157.877,157.843,0.0154,0.0146
11.12.2019 00:23:16.741 GMT+0100,157.877,157.857,0.0154,0.75
11.12.2019 00:23:16.832 GMT+0100,157.907,157.875,0.0154,0.0146
11.12.2019 00:23:18.205 GMT+0100,157.908,157.874,0.0154,0.0146
11.12.2019 00:23:42.025 GMT+0100,157.907,157.875,0.0154,0.0146
11.12.2019 00:23:44.094 GMT+0100,157.908,157.874,0.0154,0.0146
11.12.2019 00:23:51.537 GMT+0100,157.907,157.875,0.0154,0.0146
11.12.2019 00:23:51.587 GMT+0100,157.939,157.905,1.03,0.0146
11.12.2019 00:23:51.638 GMT+0100,157.908,157.874,0.0154,0.0146
11.12.2019 00:24:34.576 GMT+0100,157.908,157.877,0.0154,0.75
11.12.2019 00:24:34.657 GMT+0100,157.939,157.905,0.0154,0.0146
11.12.2019 00:24:35.001 GMT+0100,157.938,157.906,0.0154,0.0146
11.12.2019 00:24:38.493 GMT+0100,157.908,157.887,0.0154,0.75
11.12.2019 00:24:38.544 GMT+0100,157.908,157.874,0.0154,0.0146
11.12.2019 00:24:44.581 GMT+0100,157.907,157.875,0.0154,0.0146
11.12.2019 00:25:28.230 GMT+0100,157.907,157.888,0.0154,0.75
11.12.2019 00:25:28.304 GMT+0100,157.938,157.906,0.0154,0.0146
11.12.2019 00:25:41.749 GMT+0100,157.907,157.888,0.0154,0.75
11.12.2019 00:25:41.871 GMT+0100,157.907,157.875,0.0154,0.0146
11.12.2019 00:25:46.618 GMT+0100,157.907,157.887,0.0154,0.75
11.12.2019 00:25:46.697 GMT+0100,157.938,157.906,0.0154,0.0146
11.12.2019 00:27:10.815 GMT+0100,157.938,157.906,0.0205,0.0195
11.12.2019 00:27:14.325 GMT+0100,157.939,157.905,0.0205,0.0195
11.12.2019 00:28:24.794 GMT+0100,157.939,157.905,0.0205,0.0195
11.12.2019 00:29:14.721 GMT+0100,157.938,157.906,0.0205,0.0195
11.12.2019 00:29:23.418 GMT+0100,157.939,157.905,0.0205,0.0195
11.12.2019 00:29:27.808 GMT+0100,157.939,157.905,1.03,0.0146
11.12.2019 00:29:27.859 GMT+0100,157.907,157.875,0.0154,0.0146
11.12.2019 00:29:43.658 GMT+0100,157.938,157.906,1.03,0.0146
11.12.2019 00:29:43.745 GMT+0100,157.938,157.906,0.0154,0.0146
11.12.2019 00:29:44.922 GMT+0100,157.939,157.905,0.0154,0.0146
11.12.2019 00:29:55.093 GMT+0100,157.938,157.906,0.0154,0.0146
11.12.2019 00:32:31.840 GMT+0100,157.938,157.906,0.0205,0.0195
11.12.2019 00:32:49.807 GMT+0100,157.939,157.905,0.0205,0.0195
11.12.2019 00:34:48.957 GMT+0100,157.97,157.938,0.0205,0.0195
11.12.2019 00:34:55.232 GMT+0100,157.971,157.937,0.0154,0.0146
11.12.2019 00:34:57.989 GMT+0100,157.97,157.938,0.0154,0.0146
11.12.2019 00:35:18.397 GMT+0100,157.954,157.922,0.0154,0.0146
11.12.2019 00:35:23.223 GMT+0100,157.971,157.937,0.0154,0.0146
11.12.2019 00:35:39.641 GMT+0100,157.938,157.918,0.0154,0.75
11.12.2019 00:35:39.823 GMT+0100,157.938,157.906,0.0154,0.0146
11.12.2019 00:35:57.337 GMT+0100,157.939,157.905,0.0154,0.0146
11.12.2019 00:37:27.483 GMT+0100,157.938,157.906,0.0205,0.0195
11.12.2019 00:37:30.554 GMT+0100,157.971,157.937,0.0205,0.0195
11.12.2019 00:37:34.502 GMT+0100,157.97,157.938,0.0154,0.0146
11.12.2019 00:37:55.583 GMT+0100,157.954,157.922,0.0154,0.0146
11.12.2019 00:37:57.820 GMT+0100,157.955,157.92100000000002,0.0154,0.0146
11.12.2019 00:37:58.436 GMT+0100,157.955,157.92100000000002,1.03,0.0146
11.12.2019 00:37:58.544 GMT+0100,157.938,157.906,0.0154,0.0146
11.12.2019 00:38:01.868 GMT+0100,157.939,157.905,0.0154,0.0146
11.12.2019 00:38:12.829 GMT+0100,157.938,157.906,0.0154,0.0146
11.12.2019 00:38:35.405 GMT+0100,157.939,157.905,0.0154,0.0146
11.12.2019 00:38:42.297 GMT+0100,157.938,157.906,0.0154,0.0146
11.12.2019 00:38:48.253 GMT+0100,157.971,157.937,1.03,0.0146
11.12.2019 00:38:48.331 GMT+0100,157.971,157.937,0.0154,0.0146
11.12.2019 00:38:48.499 GMT+0100,157.97,157.938,0.0154,0.0146
11.12.2019 00:41:20.907 GMT+0100,157.97,157.938,0.0205,0.0195
11.12.2019 00:41:30.567 GMT+0100,157.971,157.937,0.0205,0.0195
11.12.2019 00:43:11.775 GMT+0100,157.971,157.937,0.0205,0.0195
11.12.2019 00:43:20.133 GMT+0100,157.97,157.938,0.0205,0.0195
11.12.2019 00:43:35.361 GMT+0100,157.971,157.937,0.0205,0.0195
11.12.2019 00:44:44.719 GMT+0100,157.938,157.906,0.0205,0.0195
11.12.2019 00:44:52.036 GMT+0100,157.971,157.937,1.03,0.0146
11.12.2019 00:44:52.187 GMT+0100,157.971,157.937,0.0154,0.0146
11.12.2019 00:44:53.795 GMT+0100,157.97,157.938,0.0154,0.0146
11.12.2019 00:45:13.362 GMT+0100,157.971,157.937,0.0154,0.0146
11.12.2019 00:45:29.978 GMT+0100,157.938,157.918,0.0154,0.75
11.12.2019 00:45:30.087 GMT+0100,157.97,157.938,0.0154,0.0146
11.12.2019 00:45:30.795 GMT+0100,157.954,157.922,0.0154,0.0146
11.12.2019 00:45:32.576 GMT+0100,157.955,157.92100000000002,0.0154,0.0146
11.12.2019 00:45:35.952 GMT+0100,157.955,157.92100000000002,1.03,0.0146
11.12.2019 00:45:36.077 GMT+0100,157.938,157.906,0.0154,0.0146
11.12.2019 00:47:31.471 GMT+0100,157.939,157.905,0.0205,0.0195
11.12.2019 00:47:35.586 GMT+0100,157.938,157.906,0.0205,0.0195
11.12.2019 00:48:06.709 GMT+0100,157.938,157.908,0.0154,0.75
11.12.2019 00:48:07.018 GMT+0100,157.954,157.922,0.0154,0.0146
11.12.2019 00:48:11.570 GMT+0100,157.97,157.938,0.0154,0.0146
11.12.2019 00:48:11.681 GMT+0100,157.939,157.905,0.0154,0.0146
11.12.2019 00:48:12.477 GMT+0100,157.938,157.906,0.0154,0.0146
11.12.2019 00:48:24.445 GMT+0100,157.939,157.905,0.0154,0.0146
11.12.2019 00:48:37.578 GMT+0100,157.938,157.906,0.0154,0.0146
11.12.2019 00:49:36.891 GMT+0100,157.939,157.905,0.0205,0.0195
11.12.2019 00:49:50.462 GMT+0100,157.938,157.906,0.0205,0.0195
11.12.2019 00:50:59.120 GMT+0100,157.939,157.905,0.0205,0.0195
11.12.2019 00:50:59.795 GMT+0100,157.923,157.89100000000002,0.0205,0.0195
11.12.2019 00:51:00.315 GMT+0100,157.924,157.89000000000001,0.0154,0.0146
11.12.2019 00:51:00.465 GMT+0100,157.939,157.905,0.0154,0.0146
11.12.2019 00:51:21.037 GMT+0100,157.938,157.906,0.0154,0.0146
11.12.2019 00:51:40.760 GMT+0100,157.939,157.905,0.0154,0.0146
11.12.2019 00:56:21.503 GMT+0100,157.939,157.905,0.0205,0.0195
11.12.2019 00:56:52.501 GMT+0100,157.938,157.906,0.0205,0.0195
11.12.2019 00:57:55.947 GMT+0100,157.971,157.937,0.0154,0.0146
11.12.2019 00:57:56.361 GMT+0100,157.97,157.938,0.0154,0.0146
11.12.2019 00:59:02.920 GMT+0100,157.971,157.937,0.0205,0.0195
11.12.2019 00:59:10.539 GMT+0100,157.97,157.938,0.0205,0.0195
11.12.2019 00:59:34.827 GMT+0100,157.971,157.937,0.0205,0.0195
11.12.2019 00:59:59.537 GMT+0100,157.938,157.906,0.0205,0.0195
11.12.2019 01:00:00.505 GMT+0100,157.939,157.905,0.0154,0.0146
11.12.2019 01:00:35.481 GMT+0100,157.954,157.922,1.03,0.0146
11.12.2019 01:00:35.570 GMT+0100,157.954,157.922,0.0154,0.0146
11.12.2019 01:00:35.621 GMT+0100,157.97,157.938,0.0154,0.0146
11.12.2019 01:00:36.601 GMT+0100,157.971,157.937,0.0154,0.0146
11.12.2019 01:00:36.712 GMT+0100,157.939,157.905,0.0154,0.0146
11.12.2019 01:01:02.757 GMT+0100,157.938,157.906,0.0154,0.0146
11.12.2019 01:01:24.506 GMT+0100,157.97,157.937,1.03,0.0146
11.12.2019 01:01:24.606 GMT+0100,157.97,157.938,0.0154,0.0146
11.12.2019 01:01:27.489 GMT+0100,157.971,157.937,0.0154,0.0146
11.12.2019 01:01:28.871 GMT+0100,157.938,157.918,0.0154,0.75
11.12.2019 01:01:28.992 GMT+0100,157.938,157.906,0.0154,0.0146
11.12.2019 01:01:35.815 GMT+0100,157.939,157.905,0.0154,0.0146
11.12.2019 01:01:40.993 GMT+0100,157.971,157.937,1.03,0.0146
11.12.2019 01:01:41.119 GMT+0100,157.971,157.937,0.0154,0.0146
11.12.2019 01:01:45.414 GMT+0100,157.955,157.92100000000002,0.0154,0.0146
11.12.2019 01:01:48.739 GMT+0100,157.955,157.92100000000002,1.03,0.0146
11.12.2019 01:01:48.789 GMT+0100,157.939,157.905,0.0154,0.0146
11.12.2019 01:01:54.502 GMT+0100,157.938,157.906,0.0154,0.0146
11.12.2019 01:01:57.898 GMT+0100,157.938,157.907,0.0154,0.75
11.12.2019 01:01:58.460 GMT+0100,157.954,157.922,0.0154,0.0146
11.12.2019 01:02:00.846 GMT+0100,157.97,157.938,0.0154,0.0146
11.12.2019 01:02:18.289 GMT+0100,157.971,157.937,0.0154,0.0146
11.12.2019 01:02:29.566 GMT+0100,158.002,157.967,1.03,0.0146
11.12.2019 01:02:29.616 GMT+0100,158.002,157.968,0.0154,0.0146
11.12.2019 01:02:32.301 GMT+0100,158.001,157.969,0.0154,0.0146
11.12.2019 01:02:39.604 GMT+0100,157.971,157.947,0.0154,0.75
11.12.2019 01:02:39.718 GMT+0100,157.971,157.937,0.0154,0.0146
11.12.2019 01:03:11.230 GMT+0100,157.939,157.917,0.0154,0.75
11.12.2019 01:03:11.348 GMT+0100,157.939,157.905,0.0154,0.0146
11.12.2019 01:03:57.626 GMT+0100,157.938,157.906,0.0154,0.0146
11.12.2019 01:03:57.779 GMT+0100,157.938,157.907,0.0154,0.75
11.12.2019 01:03:57.957 GMT+0100,157.955,157.92100000000002,0.0154,0.0146
11.12.2019 01:03:58.008 GMT+0100,157.97,157.938,0.0154,0.0146
11.12.2019 01:04:01.071 GMT+0100,157.939,157.918,0.0154,0.75
11.12.2019 01:04:01.121 GMT+0100,157.939,157.907,0.0154,0.75
11.12.2019 01:04:02.111 GMT+0100,157.955,157.92100000000002,0.0154,0.0146
11.12.2019 01:04:02.295 GMT+0100,157.939,157.907,0.0154,0.75
11.12.2019 01:04:02.345 GMT+0100,157.939,157.905,0.0154,0.0146
11.12.2019 01:04:09.535 GMT+0100,157.97,157.937,1.03,0.0146
11.12.2019 01:04:09.647 GMT+0100,157.97,157.938,0.0154,0.0146
11.12.2019 01:04:24.722 GMT+0100,157.939,157.918,0.0154,0.75
11.12.2019 01:04:24.824 GMT+0100,157.939,157.905,0.0154,0.0146
11.12.2019 01:05:29.741 GMT+0100,157.939,157.917,0.0154,0.75
11.12.2019 01:05:29.896 GMT+0100,157.939,157.905,0.0154,0.0146
11.12.2019 01:05:57.529 GMT+0100,157.938,157.906,0.0154,0.0146
11.12.2019 01:05:57.684 GMT+0100,157.939,157.905,0.0154,0.0146
11.12.2019 01:06:26.375 GMT+0100,157.971,157.937,1.03,0.0146
11.12.2019 01:06:26.479 GMT+0100,157.971,157.937,0.0154,0.0146
11.12.2019 01:06:27.169 GMT+0100,157.971,157.937,1.03,0.0146
11.12.2019 01:06:27.219 GMT+0100,157.939,157.905,0.0154,0.0146
11.12.2019 01:06:27.652 GMT+0100,157.939,157.908,0.0154,0.75
11.12.2019 01:06:27.990 GMT+0100,157.954,157.922,0.0154,0.0146
11.12.2019 01:06:28.131 GMT+0100,157.97,157.938,0.0154,0.0146
11.12.2019 01:06:29.153 GMT+0100,157.955,157.92100000000002,0.0154,0.0146
11.12.2019 01:06:33.890 GMT+0100,157.971,157.937,0.0154,0.0146
11.12.2019 01:06:36.450 GMT+0100,157.97,157.938,0.0154,0.0146
11.12.2019 01:06:55.909 GMT+0100,157.971,157.937,0.0154,0.0146
11.12.2019 01:07:15.635 GMT+0100,157.97,157.938,0.0154,0.0146
11.12.2019 01:07:23.256 GMT+0100,157.939,157.917,0.0154,0.75
11.12.2019 01:07:23.357 GMT+0100,157.939,157.905,0.0154,0.0146
11.12.2019 01:07:24.180 GMT+0100,157.938,157.906,0.0154,0.0146
11.12.2019 01:08:03.292 GMT+0100,157.954,157.922,1.03,0.0146
11.12.2019 01:08:03.487 GMT+0100,157.954,157.922,0.0154,0.0146
11.12.2019 01:08:03.538 GMT+0100,157.971,157.937,0.0154,0.0146
11.12.2019 01:08:03.800 GMT+0100,157.97,157.938,0.0154,0.0146
11.12.2019 01:08:07.553 GMT+0100,157.971,157.937,0.0154,0.0146
11.12.2019 01:08:26.524 GMT+0100,157.97,157.938,0.0154,0.0146
11.12.2019 01:08:38.310 GMT+0100,157.971,157.937,0.0154,0.0146
11.12.2019 01:08:56.369 GMT+0100,157.97,157.938,0.0154,0.0146
11.12.2019 01:09:02.309 GMT+0100,157.971,157.937,0.0154,0.0146
11.12.2019 01:10:04.581 GMT+0100,157.97,157.938,0.0205,0.0195
11.12.2019 01:10:07.943 GMT+0100,157.971,157.937,0.0205,0.0195
11.12.2019 01:10:29.501 GMT+0100,157.97,157.938,0.0205,0.0195
11.12.2019 01:10:31.805 GMT+0100,157.971,157.937,0.0205,0.0195
11.12.2019 01:10:34.105 GMT+0100,158.002,157.968,0.0205,0.0195
11.12.2019 01:10:34.632 GMT+0100,157.985,157.953,0.0154,0.0146
11.12.2019 01:10:39.076 GMT+0100,157.985,157.953,1.03,0.0146
11.12.2019 01:10:39.127 GMT+0100,157.971,157.937,0.0154,0.0146
11.12.2019 01:12:03.179 GMT+0100,157.97,157.938,0.0205,0.0195
11.12.2019 01:12:30.459 GMT+0100,157.971,157.937,0.0205,0.0195
11.12.2019 01:12:39.226 GMT+0100,157.97,157.938,0.0205,0.0195
11.12.2019 01:12:48.800 GMT+0100,157.971,157.937,0.0205,0.0195
11.12.2019 01:12:56.960 GMT+0100,157.97,157.938,0.0205,0.0195
11.12.2019 01:12:57.859 GMT+0100,157.971,157.937,0.0205,0.0195
11.12.2019 01:12:59.652 GMT+0100,157.97,157.938,0.0205,0.0195
11.12.2019 01:13:05.577 GMT+0100,157.938,157.906,0.0205,0.0195
11.12.2019 01:13:06.078 GMT+0100,157.939,157.905,0.0154,0.0146
11.12.2019 01:13:22.036 GMT+0100,157.97,157.937,1.03,0.0146
11.12.2019 01:13:22.154 GMT+0100,157.97,157.938,0.0154,0.0146
11.12.2019 01:13:29.959 GMT+0100,157.971,157.937,0.0154,0.0146
11.12.2019 01:13:30.384 GMT+0100,157.939,157.917,0.0154,0.75
11.12.2019 01:13:30.496 GMT+0100,157.939,157.905,0.0154,0.0146
11.12.2019 01:14:27.759 GMT+0100,157.938,157.906,0.0154,0.0146
11.12.2019 01:14:28.033 GMT+0100,157.939,157.905,0.0154,0.0146
11.12.2019 01:15:30.911 GMT+0100,157.938,157.906,0.0205,0.0195
11.12.2019 01:15:51.278 GMT+0100,157.971,157.937,0.0205,0.0195
11.12.2019 01:15:54.043 GMT+0100,157.97,157.938,0.0154,0.0146
11.12.2019 01:15:55.267 GMT+0100,157.971,157.937,0.0154,0.0146
11.12.2019 01:15:57.251 GMT+0100,158.001,157.967,1.03,0.0146
11.12.2019 01:15:57.403 GMT+0100,158.002,157.968,0.0154,0.0146
11.12.2019 01:16:00.176 GMT+0100,157.98600000000002,157.952,0.0154,0.0146
11.12.2019 01:16:03.173 GMT+0100,157.98600000000002,157.952,1.03,0.0146
11.12.2019 01:16:03.223 GMT+0100,157.971,157.937,0.0154,0.0146
11.12.2019 01:16:13.806 GMT+0100,158.002,157.967,1.03,0.0146
11.12.2019 01:16:13.931 GMT+0100,158.002,157.968,0.0154,0.0146
11.12.2019 01:16:29.901 GMT+0100,158.001,157.969,0.0154,0.0146
11.12.2019 01:16:42.097 GMT+0100,158.002,157.968,0.0154,0.0146
11.12.2019 01:16:52.056 GMT+0100,158.001,157.969,0.0154,0.0146
11.12.2019 01:17:09.209 GMT+0100,157.971,157.947,0.0154,0.75
11.12.2019 01:17:09.270 GMT+0100,157.971,157.937,0.0154,0.0146
11.12.2019 01:17:15.081 GMT+0100,157.98600000000002,157.952,1.03,0.0146
11.12.2019 01:17:15.131 GMT+0100,157.98600000000002,157.952,0.0154,0.0146
11.12.2019 01:17:15.212 GMT+0100,157.971,157.948,0.0154,0.75
11.12.2019 01:17:15.285 GMT+0100,157.971,157.937,0.0154,0.0146
11.12.2019 01:18:08.024 GMT+0100,157.97,157.938,0.0154,0.0146
11.12.2019 01:18:19.667 GMT+0100,157.971,157.937,0.0205,0.0195
11.12.2019 01:18:41.513 GMT+0100,157.938,157.906,0.0205,0.0195
11.12.2019 01:18:41.662 GMT+0100,157.97,157.938,0.0154,0.0146
11.12.2019 01:18:41.857 GMT+0100,157.954,157.922,0.0154,0.0146
11.12.2019 01:18:42.549 GMT+0100,157.97,157.938,0.0154,0.0146
11.12.2019 01:18:43.867 GMT+0100,157.939,157.918,0.0154,0.75
11.12.2019 01:18:43.930 GMT+0100,157.97,157.938,0.0154,0.0146
11.12.2019 01:18:45.125 GMT+0100,157.955,157.92100000000002,0.0154,0.0146
11.12.2019 01:18:48.570 GMT+0100,157.954,157.922,0.0154,0.0146
11.12.2019 01:18:50.309 GMT+0100,157.954,157.922,1.03,0.0146
11.12.2019 01:18:50.360 GMT+0100,157.939,157.905,0.0154,0.0146
11.12.2019 01:19:06.723 GMT+0100,157.938,157.906,0.0154,0.0146
11.12.2019 01:19:11.905 GMT+0100,157.939,157.905,0.0154,0.0146
11.12.2019 01:19:14.388 GMT+0100,157.938,157.906,0.0154,0.0146
11.12.2019 01:19:36.869 GMT+0100,157.939,157.905,0.0154,0.0146
11.12.2019 01:19:43.175 GMT+0100,157.938,157.906,0.0154,0.0146
11.12.2019 01:19:48.196 GMT+0100,157.939,157.905,0.0154,0.0146
11.12.2019 01:20:03.202 GMT+0100,157.938,157.906,0.0205,0.0195
11.12.2019 01:20:15.766 GMT+0100,157.939,157.905,0.0205,0.0195
11.12.2019 01:20:19.379 GMT+0100,157.938,157.906,0.0205,0.0195
11.12.2019 01:20:45.200 GMT+0100,157.939,157.905,0.0205,0.0195
11.12.2019 01:20:46.009 GMT+0100,157.938,157.906,0.0205,0.0195
11.12.2019 01:21:02.046 GMT+0100,157.939,157.905,0.0205,0.0195
11.12.2019 01:22:09.362 GMT+0100,157.939,157.905,0.0205,0.0195
11.12.2019 01:23:43.777 GMT+0100,157.938,157.906,0.0205,0.0195
11.12.2019 01:24:56.034 GMT+0100,157.939,157.905,0.0205,0.0195
11.12.2019 01:24:56.529 GMT+0100,157.97,157.938,0.0205,0.0195
11.12.2019 01:24:56.582 GMT+0100,157.939,157.905,0.0205,0.0195
11.12.2019 01:24:56.720 GMT+0100,157.938,157.906,0.0205,0.0195
11.12.2019 01:25:00.048 GMT+0100,157.938,157.907,0.0154,0.75
11.12.2019 01:25:00.126 GMT+0100,157.955,157.92100000000002,0.0154,0.0146
11.12.2019 01:25:00.345 GMT+0100,157.938,157.907,0.0154,0.75
11.12.2019 01:25:02.456 GMT+0100,157.954,157.922,0.0154,0.0146
11.12.2019 01:25:03.188 GMT+0100,157.955,157.92100000000002,0.0154,0.0146
11.12.2019 01:25:05.487 GMT+0100,157.971,157.937,0.0154,0.0146
11.12.2019 01:26:38.738 GMT+0100,157.971,157.937,0.0205,0.0195
11.12.2019 01:27:04.759 GMT+0100,157.97,157.938,0.0205,0.0195
11.12.2019 01:27:36.204 GMT+0100,157.97,157.937,1.03,0.0146
11.12.2019 01:27:36.302 GMT+0100,157.938,157.906,0.0154,0.0146
11.12.2019 01:27:38.786 GMT+0100,157.939,157.905,0.0154,0.0146
11.12.2019 01:27:45.700 GMT+0100,157.938,157.906,0.0154,0.0146
11.12.2019 01:28:23.530 GMT+0100,157.938,157.907,0.0154,0.75
11.12.2019 01:28:23.617 GMT+0100,157.954,157.922,0.0154,0.0146
11.12.2019 01:28:26.392 GMT+0100,157.939,157.905,0.0154,0.0146
11.12.2019 01:29:00.508 GMT+0100,157.939,157.907,0.0154,0.75
11.12.2019 01:29:02.882 GMT+0100,157.939,157.917,0.0154,0.75
11.12.2019 01:29:02.933 GMT+0100,157.97,157.938,0.0154,0.0146
11.12.2019 01:29:03.011 GMT+0100,157.938,157.917,0.0154,0.75
11.12.2019 01:29:03.061 GMT+0100,157.938,157.906,0.0154,0.0146
11.12.2019 01:29:05.771 GMT+0100,157.939,157.905,0.0154,0.0146
11.12.2019 01:29:08.167 GMT+0100,157.97,157.937,1.03,0.0146
11.12.2019 01:29:08.273 GMT+0100,157.97,157.938,0.0154,0.0146
11.12.2019 01:29:22.797 GMT+0100,157.971,157.937,0.0154,0.0146
11.12.2019 01:29:41.930 GMT+0100,157.939,157.918,0.0154,0.75
11.12.2019 01:29:42.022 GMT+0100,157.955,157.92100000000002,0.0154,0.0146
11.12.2019 01:30:00.935 GMT+0100,157.955,157.92100000000002,1.03,0.0146
11.12.2019 01:30:00.986 GMT+0100,157.939,157.905,0.0154,0.0146
11.12.2019 01:30:02.304 GMT+0100,157.939,157.907,0.0154,0.75
11.12.2019 01:30:02.585 GMT+0100,157.939,157.905,0.0154,0.0146
11.12.2019 01:30:02.740 GMT+0100,157.954,157.922,1.03,0.0146
11.12.2019 01:30:04.649 GMT+0100,157.954,157.922,0.0154,0.0146
11.12.2019 01:30:04.700 GMT+0100,157.971,157.937,0.0154,0.0146
11.12.2019 01:30:38.937 GMT+0100,157.954,157.922,0.0154,0.0146
11.12.2019 01:30:53.595 GMT+0100,157.954,157.922,1.03,0.0146
11.12.2019 01:30:53.645 GMT+0100,157.939,157.905,0.0154,0.0146
11.12.2019 01:31:17.012 GMT+0100,157.939,157.908,0.0154,0.75
11.12.2019 01:31:20.406 GMT+0100,157.954,157.922,0.0154,0.0146
11.12.2019 01:31:38.983 GMT+0100,157.955,157.92100000000002,0.0154,0.0146
11.12.2019 01:31:51.319 GMT+0100,157.955,157.92100000000002,1.03,0.0146
11.12.2019 01:31:51.553 GMT+0100,157.939,157.905,0.0154,0.0146
11.12.2019 01:32:13.912 GMT+0100,157.938,157.906,0.0154,0.0146
11.12.2019 01:32:35.021 GMT+0100,157.939,157.905,0.0154,0.0146
11.12.2019 01:33:28.909 GMT+0100,157.938,157.906,0.0205,0.0195
11.12.2019 01:33:30.118 GMT+0100,157.939,157.905,0.0205,0.0195
11.12.2019 01:34:50.479 GMT+0100,157.97,157.938,0.0205,0.0195
11.12.2019 01:34:52.143 GMT+0100,157.971,157.937,0.0154,0.0146
11.12.2019 01:34:53.202 GMT+0100,157.97,157.938,0.0154,0.0146
11.12.2019 01:35:01.889 GMT+0100,157.971,157.937,0.0154,0.0146
11.12.2019 01:35:05.128 GMT+0100,157.938,157.918,0.0154,0.75
11.12.2019 01:35:05.252 GMT+0100,157.938,157.908,0.0154,0.75
11.12.2019 01:35:05.514 GMT+0100,157.954,157.922,0.0154,0.0146
11.12.2019 01:35:05.645 GMT+0100,157.938,157.908,0.0154,0.75
11.12.2019 01:35:05.695 GMT+0100,157.938,157.906,0.0154,0.0146
11.12.2019 01:35:06.885 GMT+0100,157.97,157.937,1.03,0.0146
11.12.2019 01:35:07.022 GMT+0100,157.971,157.937,1.03,0.0146
11.12.2019 01:35:07.072 GMT+0100,157.971,157.937,0.0154,0.0146
11.12.2019 01:35:11.895 GMT+0100,157.97,157.938,0.0154,0.0146
11.12.2019 01:35:42.665 GMT+0100,157.971,157.937,0.0154,0.0146
11.12.2019 01:35:45.686 GMT+0100,157.97,157.938,0.0154,0.0146
11.12.2019 01:36:22.269 GMT+0100,157.971,157.937,0.0205,0.0195
11.12.2019 01:36:45.521 GMT+0100,157.955,157.92100000000002,0.0205,0.0195
11.12.2019 01:36:47.769 GMT+0100,157.971,157.937,0.0154,0.0146
11.12.2019 01:36:56.890 GMT+0100,157.97,157.938,0.0154,0.0146
11.12.2019 01:37:00.647 GMT+0100,157.954,157.922,0.0154,0.0146
11.12.2019 01:37:01.911 GMT+0100,157.955,157.92100000000002,0.0154,0.0146
11.12.2019 01:37:05.132 GMT+0100,157.97,157.938,0.0154,0.0146
11.12.2019 01:37:05.296 GMT+0100,157.971,157.937,0.0154,0.0146
11.12.2019 01:37:53.906 GMT+0100,157.97,157.938,0.0154,0.0146
11.12.2019 01:38:16.994 GMT+0100,157.971,157.937,0.0205,0.0195
11.12.2019 01:38:31.895 GMT+0100,157.97,157.938,0.0205,0.0195
11.12.2019 01:38:40.359 GMT+0100,157.971,157.937,0.0205,0.0195
11.12.2019 01:38:55.352 GMT+0100,157.97,157.938,0.0205,0.0195
11.12.2019 01:39:01.994 GMT+0100,157.971,157.937,0.0205,0.0195
11.12.2019 01:39:02.179 GMT+0100,158.002,157.968,0.0205,0.0195
11.12.2019 01:39:02.825 GMT+0100,158.001,157.969,0.0205,0.0195
11.12.2019 01:39:02.954 GMT+0100,158.002,157.968,0.0205,0.0195
11.12.2019 01:39:04.105 GMT+0100,158.001,157.969,0.0154,0.0146
11.12.2019 01:39:10.777 GMT+0100,158.032,157.998,1.03,0.0146
11.12.2019 01:39:10.827 GMT+0100,158.032,158,0.0154,0.0146
11.12.2019 01:39:10.912 GMT+0100,158.018,157.988,0.0154,0.75
11.12.2019 01:39:10.988 GMT+0100,158.033,157.999,0.0154,0.0146
11.12.2019 01:39:11.400 GMT+0100,158.032,158,0.0154,0.0146
11.12.2019 01:39:13.196 GMT+0100,158.033,157.999,0.0154,0.0146
11.12.2019 01:39:13.863 GMT+0100,158.033,157.998,1.03,0.0146
11.12.2019 01:39:13.921 GMT+0100,158.002,157.968,0.0154,0.0146
11.12.2019 01:39:14.790 GMT+0100,158.001,157.969,0.0154,0.0146
11.12.2019 01:39:15.503 GMT+0100,158.018,157.984,1.03,0.0146
11.12.2019 01:39:15.658 GMT+0100,158.018,157.984,0.0154,0.0146
11.12.2019 01:39:17.293 GMT+0100,158.018,157.988,0.0154,0.75
11.12.2019 01:39:17.450 GMT+0100,158.018,157.984,0.0154,0.0146
11.12.2019 01:39:18.461 GMT+0100,158.018,157.984,1.03,0.0146
11.12.2019 01:39:18.512 GMT+0100,158.001,157.969,0.0154,0.0146
11.12.2019 01:39:18.703 GMT+0100,158.033,157.998,1.03,0.0146
11.12.2019 01:39:18.782 GMT+0100,158.033,157.999,0.0154,0.0146
11.12.2019 01:39:20.606 GMT+0100,158.032,158,0.0154,0.0146
11.12.2019 01:39:22.195 GMT+0100,158.033,157.999,0.0154,0.0146
11.12.2019 01:39:24.601 GMT+0100,158.049,158.01500000000001,0.0154,0.0146
11.12.2019 01:39:24.989 GMT+0100,158.033,157.999,0.0154,0.0146
11.12.2019 01:39:25.184 GMT+0100,158.048,158.01600000000002,0.0154,0.0146
11.12.2019 01:39:25.321 GMT+0100,158.064,158.03,1.03,0.0146
11.12.2019 01:39:25.371 GMT+0100,158.064,158.03,0.0154,0.0146
11.12.2019 01:39:25.606 GMT+0100,158.063,158.031,0.0154,0.0146
11.12.2019 01:39:27.249 GMT+0100,158.064,158.03,0.0154,0.0146
11.12.2019 01:39:29.077 GMT+0100,158.063,158.031,0.0154,0.0146
11.12.2019 01:39:29.539 GMT+0100,158.064,158.03,0.0154,0.0146
11.12.2019 01:39:32.394 GMT+0100,158.063,158.031,0.0154,0.0146
11.12.2019 01:39:34.628 GMT+0100,158.064,158.03,0.0154,0.0146
11.12.2019 01:39:38.139 GMT+0100,158.064,158.03,1.03,0.0146
11.12.2019 01:39:38.190 GMT+0100,158.032,158,0.0154,0.0146
11.12.2019 01:39:38.258 GMT+0100,158.063,158.031,1.03,0.0146
11.12.2019 01:39:38.308 GMT+0100,158.063,158.031,0.0154,0.0146
11.12.2019 01:39:38.517 GMT+0100,158.064,158.03,0.0154,0.0146
11.12.2019 01:39:44.482 GMT+0100,158.063,158.031,0.0154,0.0146
11.12.2019 01:39:45.662 GMT+0100,158.064,158.03,0.0154,0.0146
11.12.2019 01:39:50.456 GMT+0100,158.064,158.03,1.03,0.0146
11.12.2019 01:39:50.925 GMT+0100,158.064,158.03,1.03,0.0146
11.12.2019 01:39:50.975 GMT+0100,158.033,157.999,0.0154,0.0146
11.12.2019 01:39:51.127 GMT+0100,158.032,158,0.0154,0.0146
11.12.2019 01:39:55.942 GMT+0100,158.064,158.03,1.03,0.0146
11.12.2019 01:39:56.080 GMT+0100,158.064,158.03,0.0154,0.0146
11.12.2019 01:39:58.576 GMT+0100,158.033,158.018,0.0154,0.75
11.12.2019 01:39:58.626 GMT+0100,158.063,158.031,0.0154,0.0146
11.12.2019 01:39:59.331 GMT+0100,158.033,158.018,0.0154,0.75
11.12.2019 01:39:59.452 GMT+0100,158.032,158,0.0154,0.0146
11.12.2019 01:39:59.701 GMT+0100,158.033,158.018,0.0154,0.75
11.12.2019 01:39:59.753 GMT+0100,158.064,158.03,0.0154,0.0146
11.12.2019 01:40:00.067 GMT+0100,158.063,158.031,0.0154,0.0146
11.12.2019 01:40:01.800 GMT+0100,158.063,158.031,1.03,0.0146
11.12.2019 01:40:01.850 GMT+0100,158.049,158.01500000000001,0.0154,0.0146
11.12.2019 01:40:01.960 GMT+0100,158.048,158.01600000000002,0.0154,0.0146
11.12.2019 01:40:05.598 GMT+0100,158.032,158,0.0154,0.0146
11.12.2019 01:40:05.714 GMT+0100,158.063,158.031,0.0154,0.0146
11.12.2019 01:40:05.870 GMT+0100,158.063,158.031,1.03,0.0146
11.12.2019 01:40:06.066 GMT+0100,158.048,158.01600000000002,0.0154,0.0146
11.12.2019 01:40:06.722 GMT+0100,158.048,158.018,0.0154,0.75
11.12.2019 01:40:06.773 GMT+0100,158.063,158.031,0.0154,0.0146
11.12.2019 01:40:07.779 GMT+0100,158.064,158.03,0.0154,0.0146
11.12.2019 01:40:15.558 GMT+0100,158.096,158.062,1.03,0.0146
11.12.2019 01:40:15.697 GMT+0100,158.096,158.062,1.03,0.0146
11.12.2019 01:40:16.029 GMT+0100,158.08,158.04600000000002,0.0154,0.0146
11.12.2019 01:40:16.151 GMT+0100,158.096,158.062,0.0154,0.0146
11.12.2019 01:40:16.253 GMT+0100,158.064,158.03,0.0154,0.0146
11.12.2019 01:40:18.767 GMT+0100,158.096,158.062,1.03,0.0146
11.12.2019 01:40:18.891 GMT+0100,158.096,158.062,0.0154,0.0146
11.12.2019 01:40:21.189 GMT+0100,158.096,158.062,1.03,0.0146
11.12.2019 01:40:21.240 GMT+0100,158.08,158.04600000000002,0.0154,0.0146
11.12.2019 01:40:21.987 GMT+0100,158.096,158.062,1.03,0.0146
11.12.2019 01:40:22.037 GMT+0100,158.096,158.062,0.0154,0.0146
11.12.2019 01:40:25.484 GMT+0100,158.095,158.063,0.0154,0.0146
11.12.2019 01:40:28.567 GMT+0100,158.096,158.062,0.0154,0.0146
11.12.2019 01:40:38.234 GMT+0100,158.127,158.093,1.03,0.0146
11.12.2019 01:40:38.364 GMT+0100,158.127,158.093,0.0154,0.0146
11.12.2019 01:40:38.511 GMT+0100,158.127,158.093,1.03,0.0146
11.12.2019 01:40:38.667 GMT+0100,158.11100000000002,158.077,0.0154,0.0146
11.12.2019 01:40:39.012 GMT+0100,158.11100000000002,158.078,0.0154,0.75
11.12.2019 01:40:39.661 GMT+0100,158.126,158.094,0.0154,0.0146
11.12.2019 01:40:40.441 GMT+0100,158.126,158.094,1.03,0.0146
11.12.2019 01:40:41.450 GMT+0100,158.126,158.094,1.03,0.0146
11.12.2019 01:40:41.500 GMT+0100,158.096,158.062,0.0154,0.0146
11.12.2019 01:40:41.686 GMT+0100,158.11,158.078,0.0154,0.0146
11.12.2019 01:40:42.307 GMT+0100,158.11100000000002,158.077,0.0154,0.0146
11.12.2019 01:40:42.423 GMT+0100,158.096,158.062,0.0154,0.0146
11.12.2019 01:40:43.114 GMT+0100,158.095,158.063,0.0154,0.0146
11.12.2019 01:40:47.220 GMT+0100,158.096,158.062,0.0154,0.0146
11.12.2019 01:40:50.827 GMT+0100,158.095,158.063,0.0154,0.0146
11.12.2019 01:41:04.454 GMT+0100,158.096,158.062,0.0154,0.0146
11.12.2019 01:41:12.798 GMT+0100,158.095,158.063,0.0154,0.0146
11.12.2019 01:41:18.880 GMT+0100,158.096,158.062,0.0154,0.0146
11.12.2019 01:41:21.591 GMT+0100,158.095,158.063,0.0154,0.0146
11.12.2019 01:41:47.566 GMT+0100,158.096,158.062,0.0205,0.0195
11.12.2019 01:41:49.725 GMT+0100,158.063,158.031,0.0205,0.0195
11.12.2019 01:41:50.354 GMT+0100,158.064,158.03,0.0154,0.0146
11.12.2019 01:42:03.176 GMT+0100,158.063,158.031,0.0154,0.0146
11.12.2019 01:42:03.517 GMT+0100,158.064,158.03,0.0154,0.0146
11.12.2019 01:42:15.987 GMT+0100,158.063,158.031,0.0154,0.0146
11.12.2019 01:42:42.734 GMT+0100,158.095,158.063,1.03,0.0146
11.12.2019 01:42:42.877 GMT+0100,158.095,158.063,0.0154,0.0146
11.12.2019 01:42:43.647 GMT+0100,158.096,158.062,0.0154,0.0146
11.12.2019 01:42:44.992 GMT+0100,158.064,158.047,0.0154,0.75
11.12.2019 01:42:45.089 GMT+0100,158.064,158.03,0.0154,0.0146
11.12.2019 01:42:49.700 GMT+0100,158.064,158.048,0.0154,0.75
11.12.2019 01:42:49.751 GMT+0100,158.096,158.062,0.0154,0.0146
11.12.2019 01:42:49.910 GMT+0100,158.095,158.063,0.0154,0.0146
11.12.2019 01:42:55.697 GMT+0100,158.064,158.048,0.0154,0.75
11.12.2019 01:42:55.800 GMT+0100,158.096,158.062,0.0154,0.0146
11.12.2019 01:42:56.324 GMT+0100,158.095,158.063,0.0154,0.0146
11.12.2019 01:42:56.811 GMT+0100,158.095,158.063,1.03,0.0146
11.12.2019 01:42:56.861 GMT+0100,158.079,158.047,0.0154,0.0146
11.12.2019 01:43:00.870 GMT+0100,158.063,158.031,0.0154,0.0146
11.12.2019 01:43:17.179 GMT+0100,158.064,158.03,0.0154,0.0146
11.12.2019 01:43:21.444 GMT+0100,158.063,158.031,0.0154,0.0146
11.12.2019 01:43:31.779 GMT+0100,158.064,158.03,0.0154,0.0146
11.12.2019 01:43:47.527 GMT+0100,158.063,158.031,0.0154,0.0146
11.12.2019 01:44:00.173 GMT+0100,158.064,158.03,0.0154,0.0146
11.12.2019 01:44:01.135 GMT+0100,158.063,158.031,0.0205,0.0195
11.12.2019 01:44:15.130 GMT+0100,158.079,158.047,0.0205,0.0195
11.12.2019 01:44:15.317 GMT+0100,158.096,158.062,0.0154,0.0146
11.12.2019 01:44:15.568 GMT+0100,158.095,158.063,0.0154,0.0146
11.12.2019 01:44:18.809 GMT+0100,158.064,158.048,0.0154,0.75
11.12.2019 01:44:18.902 GMT+0100,158.064,158.03,0.0154,0.0146
11.12.2019 01:44:19.734 GMT+0100,158.063,158.031,0.0154,0.0146
11.12.2019 01:44:21.331 GMT+0100,158.064,158.03,0.0154,0.0146
11.12.2019 01:45:02.313 GMT+0100,158.063,158.031,0.0154,0.0146
11.12.2019 01:45:20.779 GMT+0100,158.064,158.03,0.0205,0.0195
11.12.2019 01:45:21.374 GMT+0100,158.08,158.04600000000002,0.0154,0.0146
11.12.2019 01:45:23.886 GMT+0100,158.064,158.03,0.0154,0.0146
11.12.2019 01:45:26.059 GMT+0100,158.063,158.031,0.0154,0.0146
11.12.2019 01:45:42.414 GMT+0100,158.064,158.03,0.0154,0.0146
11.12.2019 01:45:52.623 GMT+0100,158.063,158.031,0.0154,0.0146
11.12.2019 01:46:11.488 GMT+0100,158.064,158.03,0.0154,0.0146
11.12.2019 01:46:23.109 GMT+0100,158.033,158.018,0.0154,0.75
11.12.2019 01:46:23.230 GMT+0100,158.032,158,0.0154,0.0146
11.12.2019 01:46:23.296 GMT+0100,158.048,158.01600000000002,0.0154,0.0146
11.12.2019 01:46:23.626 GMT+0100,158.033,157.999,0.0154,0.0146
11.12.2019 01:46:51.595 GMT+0100,158.032,158,0.0154,0.0146
11.12.2019 01:46:52.482 GMT+0100,158.033,157.999,0.0154,0.0146
11.12.2019 01:46:52.801 GMT+0100,158.018,157.988,0.0154,0.75
11.12.2019 01:46:52.852 GMT+0100,158.018,157.984,0.0154,0.0146
11.12.2019 01:46:52.935 GMT+0100,158.002,157.968,0.0154,0.0146
11.12.2019 01:47:02.377 GMT+0100,158.001,157.969,0.0154,0.0146
11.12.2019 01:47:04.901 GMT+0100,158.002,157.968,0.0154,0.0146
11.12.2019 01:47:07.079 GMT+0100,158.001,157.969,0.0154,0.0146
11.12.2019 01:47:11.567 GMT+0100,158.002,157.968,0.0154,0.0146
11.12.2019 01:47:13.225 GMT+0100,158.032,157.998,1.03,0.0146
11.12.2019 01:47:13.281 GMT+0100,158.032,158,0.0154,0.0146
11.12.2019 01:47:14.052 GMT+0100,158.018,157.98700000000002,0.0154,0.75
11.12.2019 01:47:14.331 GMT+0100,158.033,157.999,0.0154,0.0146
11.12.2019 01:47:51.853 GMT+0100,158.032,158,0.0154,0.0146
11.12.2019 01:47:59.389 GMT+0100,158.064,158.03,1.03,0.0146
11.12.2019 01:47:59.441 GMT+0100,158.064,158.03,0.0154,0.0146
11.12.2019 01:48:25.900 GMT+0100,158.033,158.01700000000002,0.0154,0.75
11.12.2019 01:48:26.034 GMT+0100,158.032,158,0.0154,0.0146
11.12.2019 01:48:28.607 GMT+0100,158.033,157.999,0.0154,0.0146
11.12.2019 01:48:41.968 GMT+0100,158.032,158,0.0154,0.0146
11.12.2019 01:49:01.927 GMT+0100,158.033,157.999,0.0154,0.0146
11.12.2019 01:49:25.505 GMT+0100,158.032,158,0.0154,0.0146
11.12.2019 01:49:30.890 GMT+0100,158.033,157.999,0.0205,0.0195
11.12.2019 01:50:08.634 GMT+0100,158.032,158,0.0205,0.0195
11.12.2019 01:50:20.128 GMT+0100,158.033,157.999,0.0205,0.0195
11.12.2019 01:50:31.726 GMT+0100,158.032,158,0.0205,0.0195
11.12.2019 01:51:02.364 GMT+0100,158.001,157.969,0.0205,0.0195
11.12.2019 01:51:02.414 GMT+0100,158.033,157.999,0.0205,0.0195
11.12.2019 01:51:03.277 GMT+0100,158.032,158,0.0205,0.0195
11.12.2019 01:51:06.684 GMT+0100,158.001,157.969,0.0205,0.0195
11.12.2019 01:51:06.787 GMT+0100,158.002,157.968,0.0205,0.0195
11.12.2019 01:51:11.806 GMT+0100,158.003,157.988,0.0154,0.75
11.12.2019 01:51:11.894 GMT+0100,158.032,158,0.0154,0.0146
11.12.2019 01:51:17.038 GMT+0100,158.033,157.999,0.0154,0.0146
11.12.2019 01:51:31.940 GMT+0100,158.032,158,0.0154,0.0146
11.12.2019 01:51:36.283 GMT+0100,158.033,157.999,0.0154,0.0146
11.12.2019 01:51:42.785 GMT+0100,158.032,158,0.0154,0.0146
11.12.2019 01:51:49.977 GMT+0100,158.033,157.999,0.0154,0.0146
11.12.2019 01:51:51.373 GMT+0100,158.032,158,0.0154,0.0146
11.12.2019 01:51:54.149 GMT+0100,158.033,157.999,0.0154,0.0146
11.12.2019 01:52:02.273 GMT+0100,158.032,158,0.0154,0.0146
11.12.2019 01:52:59.182 GMT+0100,158.033,157.999,0.0205,0.0195
11.12.2019 01:55:11.523 GMT+0100,158.032,158,0.0205,0.0195
11.12.2019 01:55:18.631 GMT+0100,158.033,157.999,0.0205,0.0195
11.12.2019 01:55:28.072 GMT+0100,158.032,158,0.0205,0.0195
11.12.2019 01:56:02.371 GMT+0100,158.033,157.999,0.0205,0.0195
11.12.2019 01:57:01.620 GMT+0100,158.032,158,0.0205,0.0195
11.12.2019 01:58:46.940 GMT+0100,158.033,157.999,0.0205,0.0195
11.12.2019 01:59:28.123 GMT+0100,158.032,158,0.0205,0.0195
11.12.2019 01:59:30.452 GMT+0100,158.033,157.999,0.0205,0.0195
11.12.2019 01:59:40.121 GMT+0100,158.032,158,0.0205,0.0195
11.12.2019 01:59:53.918 GMT+0100,158.001,157.969,0.0205,0.0195
11.12.2019 02:00:01.091 GMT+0100,158.002,157.968,0.0154,0.0146
11.12.2019 02:00:02.243 GMT+0100,158.001,157.969,0.0154,0.0146
11.12.2019 02:00:02.973 GMT+0100,157.98600000000002,157.952,0.0154,0.0146
11.12.2019 02:00:03.519 GMT+0100,157.98600000000002,157.952,1.03,0.0146
11.12.2019 02:00:03.569 GMT+0100,157.97,157.938,0.0154,0.0146
11.12.2019 02:00:03.685 GMT+0100,157.97,157.948,0.0154,0.75
11.12.2019 02:00:03.764 GMT+0100,158.001,157.969,0.0154,0.0146
11.12.2019 02:00:05.561 GMT+0100,157.985,157.953,0.0154,0.0146
11.12.2019 02:00:06.026 GMT+0100,157.98600000000002,157.952,0.0154,0.0146
11.12.2019 02:00:06.248 GMT+0100,158.001,157.969,0.0154,0.0146
11.12.2019 02:00:07.057 GMT+0100,158.002,157.968,0.0154,0.0146
11.12.2019 02:00:10.573 GMT+0100,158.001,157.969,0.0154,0.0146
11.12.2019 02:00:45.707 GMT+0100,158.002,157.968,0.0154,0.0146
11.12.2019 02:01:09.919 GMT+0100,158.001,157.969,0.0205,0.0195
11.12.2019 02:01:13.389 GMT+0100,158.002,157.968,0.0205,0.0195
11.12.2019 02:01:16.837 GMT+0100,158.001,157.969,0.0205,0.0195
11.12.2019 02:01:38.710 GMT+0100,158.002,157.968,0.0205,0.0195
11.12.2019 02:01:38.826 GMT+0100,158.001,157.969,0.0205,0.0195
11.12.2019 02:01:45.561 GMT+0100,158.002,157.968,0.0205,0.0195
11.12.2019 02:02:39.870 GMT+0100,158.033,157.999,0.0205,0.0195
11.12.2019 02:02:40.142 GMT+0100,158.033,157.999,1.03,0.0146
11.12.2019 02:02:41.916 GMT+0100,158.01700000000002,157.985,0.0154,0.0146
11.12.2019 02:02:43.528 GMT+0100,158.01700000000002,157.98700000000002,0.0154,0.75
11.12.2019 02:02:43.579 GMT+0100,158.032,158,0.0154,0.0146
11.12.2019 02:03:00.106 GMT+0100,158.003,157.98700000000002,0.0154,0.75
11.12.2019 02:03:00.156 GMT+0100,158.002,157.968,0.0154,0.0146
11.12.2019 02:03:10.588 GMT+0100,158.001,157.969,0.0154,0.0146
11.12.2019 02:03:34.089 GMT+0100,158.002,157.968,0.0154,0.0146
11.12.2019 02:03:36.269 GMT+0100,158.001,157.969,0.0154,0.0146
11.12.2019 02:03:51.901 GMT+0100,158.002,157.968,0.0154,0.0146
11.12.2019 02:03:53.982 GMT+0100,158.001,157.969,0.0154,0.0146
11.12.2019 02:04:07.920 GMT+0100,158.002,157.968,0.0205,0.0195
11.12.2019 02:04:38.112 GMT+0100,158.001,157.969,0.0205,0.0195
11.12.2019 02:04:51.944 GMT+0100,158.002,157.968,0.0205,0.0195
11.12.2019 02:04:52.115 GMT+0100,158.001,157.969,0.0205,0.0195
11.12.2019 02:04:59.184 GMT+0100,158.002,157.968,0.0205,0.0195
11.12.2019 02:05:00.181 GMT+0100,158.001,157.969,0.0205,0.0195
11.12.2019 02:05:02.171 GMT+0100,158.002,157.968,0.0205,0.0195
11.12.2019 02:05:16.487 GMT+0100,158.001,157.969,0.0205,0.0195
11.12.2019 02:05:19.140 GMT+0100,158.002,157.968,0.0205,0.0195
11.12.2019 02:05:37.109 GMT+0100,158.001,157.969,0.0205,0.0195
11.12.2019 02:05:54.999 GMT+0100,158.032,158,0.0205,0.0195
11.12.2019 02:06:08.835 GMT+0100,158.018,157.984,0.0154,0.0146
11.12.2019 02:06:10.202 GMT+0100,158.018,157.984,1.03,0.0146
11.12.2019 02:06:10.279 GMT+0100,158.002,157.968,0.0154,0.0146
11.12.2019 02:06:11.429 GMT+0100,158.01700000000002,157.985,0.0154,0.0146
11.12.2019 02:06:16.386 GMT+0100,158.01700000000002,157.98700000000002,0.0154,0.75
11.12.2019 02:06:16.515 GMT+0100,158.032,158,0.0154,0.0146
11.12.2019 02:06:19.096 GMT+0100,158.033,157.999,0.0154,0.0146
11.12.2019 02:06:25.678 GMT+0100,158.003,157.98700000000002,0.0154,0.75
11.12.2019 02:06:25.728 GMT+0100,158.002,157.968,0.0154,0.0146
11.12.2019 02:06:34.189 GMT+0100,158.001,157.969,0.0154,0.0146
11.12.2019 02:07:03.086 GMT+0100,158.002,157.968,0.0154,0.0146
11.12.2019 02:07:15.468 GMT+0100,158.001,157.969,0.0154,0.0146
11.12.2019 02:07:29.874 GMT+0100,158.002,157.968,0.0205,0.0195
11.12.2019 02:07:58.269 GMT+0100,158.001,157.969,0.0205,0.0195
11.12.2019 02:08:00.231 GMT+0100,158.002,157.968,0.0205,0.0195
11.12.2019 02:08:04.175 GMT+0100,158.001,157.969,0.0205,0.0195
11.12.2019 02:09:00.406 GMT+0100,158.002,157.968,0.0205,0.0195
11.12.2019 02:09:04.013 GMT+0100,158.001,157.969,0.0205,0.0195
11.12.2019 02:09:20.907 GMT+0100,158.002,157.968,0.0205,0.0195
11.12.2019 02:09:23.920 GMT+0100,158.001,157.969,0.0205,0.0195
11.12.2019 02:09:28.843 GMT+0100,158.002,157.968,0.0205,0.0195
11.12.2019 02:09:38.703 GMT+0100,158.001,157.969,0.0205,0.0195
11.12.2019 02:09:49.989 GMT+0100,158.002,157.968,0.0205,0.0195
11.12.2019 02:09:50.833 GMT+0100,158.001,157.969,0.0205,0.0195
11.12.2019 02:09:50.978 GMT+0100,157.971,157.937,0.0154,0.0146
11.12.2019 02:09:51.111 GMT+0100,158.002,157.967,1.03,0.0146
11.12.2019 02:09:51.161 GMT+0100,158.002,157.968,0.0154,0.0146
11.12.2019 02:09:52.198 GMT+0100,158.001,157.969,0.0154,0.0146
11.12.2019 02:09:54.409 GMT+0100,158.002,157.968,0.0154,0.0146
11.12.2019 02:09:57.005 GMT+0100,158.001,157.969,0.0154,0.0146
11.12.2019 02:10:16.627 GMT+0100,158.002,157.968,0.0154,0.0146
11.12.2019 02:10:35.078 GMT+0100,158.001,157.969,0.0154,0.0146
11.12.2019 02:10:35.526 GMT+0100,158.002,157.968,0.0154,0.0146
11.12.2019 02:11:07.232 GMT+0100,157.97,157.938,0.0205,0.0195
11.12.2019 02:11:09.382 GMT+0100,157.971,157.937,0.0154,0.0146
11.12.2019 02:11:09.620 GMT+0100,158.002,157.967,1.03,0.0146
11.12.2019 02:11:09.724 GMT+0100,157.97,157.938,0.0154,0.0146
11.12.2019 02:11:10.546 GMT+0100,157.98600000000002,157.952,1.03,0.0146
11.12.2019 02:11:10.596 GMT+0100,157.98600000000002,157.952,0.0154,0.0146
11.12.2019 02:11:12.574 GMT+0100,158.002,157.968,0.0154,0.0146
11.12.2019 02:11:13.770 GMT+0100,158.001,157.969,0.0154,0.0146
11.12.2019 02:11:13.889 GMT+0100,158.002,157.968,0.0154,0.0146
11.12.2019 02:11:18.695 GMT+0100,158.001,157.969,0.0154,0.0146
11.12.2019 02:11:40.793 GMT+0100,157.985,157.953,0.0154,0.0146
11.12.2019 02:11:42.785 GMT+0100,158.002,157.968,0.0154,0.0146
11.12.2019 02:11:46.292 GMT+0100,158.001,157.969,0.0154,0.0146
11.12.2019 02:11:46.400 GMT+0100,157.985,157.953,0.0154,0.0146
11.12.2019 02:11:47.460 GMT+0100,158.002,157.968,0.0154,0.0146
11.12.2019 02:11:50.688 GMT+0100,157.971,157.947,0.0154,0.75
11.12.2019 02:11:50.738 GMT+0100,157.971,157.937,0.0154,0.0146
11.12.2019 02:11:52.408 GMT+0100,157.97,157.938,0.0154,0.0146
11.12.2019 02:11:52.663 GMT+0100,157.98600000000002,157.952,0.0154,0.0146
11.12.2019 02:11:54.139 GMT+0100,158.001,157.969,0.0154,0.0146
11.12.2019 02:11:57.319 GMT+0100,158.002,157.968,0.0154,0.0146
11.12.2019 02:11:57.468 GMT+0100,157.971,157.937,0.0154,0.0146
11.12.2019 02:12:01.489 GMT+0100,158.002,157.967,1.03,0.0146
11.12.2019 02:12:01.594 GMT+0100,158.002,157.968,0.0154,0.0146
11.12.2019 02:12:04.264 GMT+0100,158.001,157.969,0.0154,0.0146
11.12.2019 02:12:36.599 GMT+0100,158.002,157.968,0.0154,0.0146
11.12.2019 02:12:55.495 GMT+0100,158.001,157.969,0.0154,0.0146
11.12.2019 02:13:04.306 GMT+0100,158.002,157.968,0.0205,0.0195
11.12.2019 02:14:04.596 GMT+0100,158.001,157.969,0.0205,0.0195
11.12.2019 02:14:08.228 GMT+0100,158.033,157.999,0.0205,0.0195
11.12.2019 02:14:08.929 GMT+0100,158.032,158,0.0154,0.0146
11.12.2019 02:14:12.758 GMT+0100,158.033,157.999,0.0154,0.0146
11.12.2019 02:14:22.696 GMT+0100,158.032,158,0.0154,0.0146
11.12.2019 02:14:23.745 GMT+0100,158.003,157.988,0.0154,0.75
11.12.2019 02:14:23.829 GMT+0100,158.001,157.969,0.0154,0.0146
11.12.2019 02:14:24.000 GMT+0100,158.002,157.968,0.0154,0.0146
11.12.2019 02:14:24.648 GMT+0100,158.001,157.969,0.0154,0.0146
11.12.2019 02:14:34.773 GMT+0100,158.002,157.968,0.0154,0.0146
11.12.2019 02:14:35.395 GMT+0100,158.001,157.969,0.0154,0.0146
11.12.2019 02:15:14.402 GMT+0100,158.032,157.998,1.03,0.0146
11.12.2019 02:15:14.511 GMT+0100,158.032,158,0.0154,0.0146
11.12.2019 02:15:14.893 GMT+0100,158.01700000000002,157.988,0.0154,0.75
11.12.2019 02:15:14.998 GMT+0100,158.018,157.988,0.0154,0.75
11.12.2019 02:15:15.049 GMT+0100,158.018,157.984,0.0154,0.0146
11.12.2019 02:15:16.949 GMT+0100,158.018,157.984,1.03,0.0146
11.12.2019 02:15:16.999 GMT+0100,158.002,157.968,0.0154,0.0146
11.12.2019 02:15:24.811 GMT+0100,158.032,157.998,1.03,0.0146
11.12.2019 02:15:24.902 GMT+0100,158.032,158,0.0154,0.0146
11.12.2019 02:15:31.393 GMT+0100,158.018,157.984,0.0154,0.0146
11.12.2019 02:15:32.926 GMT+0100,158.01700000000002,157.985,0.0154,0.0146
11.12.2019 02:15:34.456 GMT+0100,158.01700000000002,157.985,1.03,0.0146
11.12.2019 02:15:34.715 GMT+0100,158.001,157.969,0.0154,0.0146
11.12.2019 02:15:40.644 GMT+0100,158.002,157.968,0.0154,0.0146
11.12.2019 02:15:48.552 GMT+0100,158.001,157.969,0.0154,0.0146
11.12.2019 02:15:56.589 GMT+0100,158.002,157.968,0.0154,0.0146
11.12.2019 02:16:07.295 GMT+0100,158.001,157.969,0.0154,0.0146
11.12.2019 02:17:41.459 GMT+0100,158.002,157.968,0.0205,0.0195
11.12.2019 02:18:10.143 GMT+0100,158.001,157.969,0.0205,0.0195
11.12.2019 02:18:11.869 GMT+0100,158.002,157.968,0.0205,0.0195
11.12.2019 02:18:12.612 GMT+0100,158.001,157.969,0.0205,0.0195
11.12.2019 02:18:56.584 GMT+0100,158.002,157.968,0.0205,0.0195
11.12.2019 02:19:05.221 GMT+0100,158.033,157.999,0.0205,0.0195
11.12.2019 02:19:06.094 GMT+0100,158.032,158,0.0154,0.0146
11.12.2019 02:19:16.177 GMT+0100,158.01700000000002,157.985,0.0154,0.0146
11.12.2019 02:19:17.801 GMT+0100,158.01700000000002,157.985,1.03,0.0146
11.12.2019 02:19:17.872 GMT+0100,158.001,157.969,0.0154,0.0146
11.12.2019 02:19:20.558 GMT+0100,158.002,157.968,0.0154,0.0146
11.12.2019 02:19:22.065 GMT+0100,158.01700000000002,157.985,0.0154,0.0146
11.12.2019 02:19:23.404 GMT+0100,158.01700000000002,157.98700000000002,0.0154,0.75
11.12.2019 02:19:23.454 GMT+0100,158.032,158,0.0154,0.0146
11.12.2019 02:19:27.241 GMT+0100,158.003,157.98700000000002,0.0154,0.75
11.12.2019 02:19:27.291 GMT+0100,158.002,157.968,0.0154,0.0146
11.12.2019 02:19:35.719 GMT+0100,158.001,157.969,0.0154,0.0146
11.12.2019 02:20:20.245 GMT+0100,158.002,157.968,0.0154,0.0146
11.12.2019 02:20:35.491 GMT+0100,158.001,157.969,0.0205,0.0195
11.12.2019 02:20:43.746 GMT+0100,158.002,157.968,0.0205,0.0195
11.12.2019 02:20:55.390 GMT+0100,158.001,157.969,0.0205,0.0195
11.12.2019 02:21:48.616 GMT+0100,158.002,157.968,0.0205,0.0195
11.12.2019 02:21:50.335 GMT+0100,158.001,157.969,0.0205,0.0195
11.12.2019 02:21:53.026 GMT+0100,158.002,157.968,0.0205,0.0195
11.12.2019 02:22:20.352 GMT+0100,158.001,157.969,0.0205,0.0195
11.12.2019 02:22:20.403 GMT+0100,158.033,157.999,0.0205,0.0195
11.12.2019 02:22:22.968 GMT+0100,158.032,158,0.0154,0.0146
11.12.2019 02:22:27.982 GMT+0100,158.01700000000002,157.988,0.0154,0.75
11.12.2019 02:22:28.111 GMT+0100,158.003,157.988,0.0154,0.75
11.12.2019 02:22:28.162 GMT+0100,158.001,157.969,0.0154,0.0146
11.12.2019 02:22:29.339 GMT+0100,158.002,157.968,0.0154,0.0146
11.12.2019 02:22:34.045 GMT+0100,158.032,157.998,1.03,0.0146
11.12.2019 02:22:34.095 GMT+0100,158.032,158,0.0154,0.0146
11.12.2019 02:22:37.987 GMT+0100,158.033,157.999,0.0154,0.0146
11.12.2019 02:23:05.662 GMT+0100,158.033,157.999,1.03,0.0146
11.12.2019 02:23:08.621 GMT+0100,158.033,157.998,1.03,0.0146
11.12.2019 02:23:08.672 GMT+0100,158.002,157.968,0.0154,0.0146
11.12.2019 02:23:08.924 GMT+0100,158.018,157.984,1.03,0.0146
11.12.2019 02:23:08.975 GMT+0100,158.018,157.98700000000002,0.0154,0.75
11.12.2019 02:23:10.481 GMT+0100,158.033,157.999,0.0154,0.0146
11.12.2019 02:23:12.129 GMT+0100,158.032,158,0.0154,0.0146
11.12.2019 02:23:17.411 GMT+0100,158.033,157.999,0.0154,0.0146
11.12.2019 02:23:24.436 GMT+0100,158.032,158,0.0154,0.0146
11.12.2019 02:23:42.392 GMT+0100,158.033,157.999,0.0154,0.0146
11.12.2019 02:23:46.855 GMT+0100,158.032,158,0.0154,0.0146
11.12.2019 02:23:58.032 GMT+0100,158.033,157.999,0.0154,0.0146
11.12.2019 02:23:58.989 GMT+0100,158.003,157.98700000000002,0.0154,0.75
11.12.2019 02:23:59.116 GMT+0100,158.001,157.969,0.0154,0.0146
11.12.2019 02:24:02.008 GMT+0100,158.002,157.968,0.0154,0.0146
11.12.2019 02:24:29.969 GMT+0100,158.001,157.969,0.0154,0.0146
11.12.2019 02:25:01.533 GMT+0100,158.002,157.968,0.0205,0.0195
11.12.2019 02:25:08.050 GMT+0100,158.001,157.969,0.0205,0.0195
11.12.2019 02:25:08.497 GMT+0100,158.002,157.968,0.0205,0.0195
11.12.2019 02:25:32.605 GMT+0100,158.001,157.969,0.0205,0.0195
11.12.2019 02:25:37.580 GMT+0100,158.002,157.968,0.0205,0.0195
11.12.2019 02:25:42.159 GMT+0100,158.001,157.969,0.0205,0.0195
11.12.2019 02:25:46.749 GMT+0100,158.002,157.968,0.0205,0.0195
11.12.2019 02:28:21.740 GMT+0100,158.001,157.969,0.0205,0.0195
11.12.2019 02:28:59.627 GMT+0100,158.002,157.968,0.0205,0.0195
11.12.2019 02:29:04.337 GMT+0100,158.001,157.969,0.0205,0.0195
11.12.2019 02:29:13.778 GMT+0100,158.002,157.968,0.0205,0.0195
11.12.2019 02:29:17.391 GMT+0100,158.001,157.969,0.0205,0.0195
11.12.2019 02:29:22.788 GMT+0100,158.002,157.968,0.0205,0.0195
11.12.2019 02:29:29.788 GMT+0100,158.001,157.969,0.0205,0.0195
11.12.2019 02:30:09.277 GMT+0100,158.002,157.968,0.0205,0.0195
11.12.2019 02:30:26.203 GMT+0100,157.98600000000002,157.952,0.0154,0.0146
11.12.2019 02:30:26.462 GMT+0100,157.98600000000002,157.952,1.03,0.0146
11.12.2019 02:30:26.512 GMT+0100,157.971,157.937,0.0154,0.0146
11.12.2019 02:30:28.405 GMT+0100,157.985,157.953,0.0154,0.0146
11.12.2019 02:30:29.142 GMT+0100,158.002,157.968,0.0154,0.0146
11.12.2019 02:30:29.263 GMT+0100,158.001,157.969,0.0154,0.0146
11.12.2019 02:30:39.859 GMT+0100,158.002,157.968,0.0154,0.0146
11.12.2019 02:30:41.225 GMT+0100,158.001,157.969,0.0154,0.0146
11.12.2019 02:30:41.539 GMT+0100,158.002,157.968,0.0154,0.0146
11.12.2019 02:30:43.612 GMT+0100,158.001,157.969,0.0154,0.0146
11.12.2019 02:31:33.838 GMT+0100,158.002,157.968,0.0205,0.0195
11.12.2019 02:31:36.762 GMT+0100,158.001,157.969,0.0205,0.0195
11.12.2019 02:31:49.980 GMT+0100,158.002,157.968,0.0205,0.0195
11.12.2019 02:32:12.417 GMT+0100,158.001,157.969,0.0205,0.0195
11.12.2019 02:32:12.668 GMT+0100,157.97,157.938,0.0205,0.0195
11.12.2019 02:32:12.718 GMT+0100,158.002,157.968,0.0205,0.0195
11.12.2019 02:32:13.445 GMT+0100,157.985,157.953,0.0205,0.0195
11.12.2019 02:32:13.506 GMT+0100,158.002,157.968,0.0205,0.0195
11.12.2019 02:32:14.460 GMT+0100,158.001,157.969,0.0205,0.0195
11.12.2019 02:32:17.438 GMT+0100,157.98600000000002,157.952,0.0154,0.0146
11.12.2019 02:32:21.416 GMT+0100,157.97,157.938,0.0154,0.0146
11.12.2019 02:32:23.518 GMT+0100,157.985,157.953,1.03,0.0146
11.12.2019 02:32:23.667 GMT+0100,157.985,157.953,0.0154,0.0146
11.12.2019 02:32:29.280 GMT+0100,157.985,157.953,1.03,0.0146
11.12.2019 02:32:29.330 GMT+0100,157.97,157.938,0.0154,0.0146
11.12.2019 02:33:11.518 GMT+0100,157.971,157.937,0.0154,0.0146
11.12.2019 02:33:29.499 GMT+0100,157.97,157.938,0.0205,0.0195
11.12.2019 02:33:32.147 GMT+0100,157.971,157.937,0.0205,0.0195
11.12.2019 02:33:42.058 GMT+0100,157.939,157.905,0.0205,0.0195
11.12.2019 02:33:42.202 GMT+0100,157.955,157.92100000000002,0.0205,0.0195
11.12.2019 02:33:42.712 GMT+0100,157.971,157.937,0.0154,0.0146
11.12.2019 02:33:43.396 GMT+0100,157.97,157.938,0.0154,0.0146
11.12.2019 02:34:03.285 GMT+0100,157.971,157.937,0.0154,0.0146
11.12.2019 02:34:12.205 GMT+0100,157.97,157.938,0.0154,0.0146
11.12.2019 02:34:21.242 GMT+0100,157.938,157.918,0.0154,0.75
11.12.2019 02:34:21.396 GMT+0100,157.938,157.906,0.0154,0.0146
11.12.2019 02:34:23.769 GMT+0100,157.938,157.908,0.0154,0.75
11.12.2019 02:34:28.563 GMT+0100,157.938,157.917,0.0154,0.75
11.12.2019 02:34:28.613 GMT+0100,157.971,157.937,0.0154,0.0146
11.12.2019 02:34:28.719 GMT+0100,157.97,157.938,0.0154,0.0146
11.12.2019 02:34:30.355 GMT+0100,157.971,157.937,0.0154,0.0146
11.12.2019 02:34:31.203 GMT+0100,157.97,157.938,0.0154,0.0146
11.12.2019 02:34:36.027 GMT+0100,157.971,157.937,0.0154,0.0146
11.12.2019 02:34:36.267 GMT+0100,157.97,157.938,0.0154,0.0146
11.12.2019 02:34:50.384 GMT+0100,157.971,157.937,0.0154,0.0146
11.12.2019 02:35:48.901 GMT+0100,157.97,157.938,0.0205,0.0195
11.12.2019 02:35:56.361 GMT+0100,157.971,157.937,0.0205,0.0195
11.12.2019 02:36:14.092 GMT+0100,157.97,157.938,0.0205,0.0195
11.12.2019 02:36:35.078 GMT+0100,157.971,157.937,0.0205,0.0195
11.12.2019 02:36:52.632 GMT+0100,157.97,157.938,0.0205,0.0195
11.12.2019 02:36:54.723 GMT+0100,157.971,157.937,0.0205,0.0195
11.12.2019 02:37:06.178 GMT+0100,157.97,157.938,0.0205,0.0195
11.12.2019 02:37:21.821 GMT+0100,157.971,157.937,0.0205,0.0195
11.12.2019 02:37:33.378 GMT+0100,157.97,157.938,0.0205,0.0195
11.12.2019 02:37:52.837 GMT+0100,157.971,157.937,0.0205,0.0195
11.12.2019 02:37:59.176 GMT+0100,157.97,157.938,0.0205,0.0195
11.12.2019 02:38:05.089 GMT+0100,157.971,157.937,0.0205,0.0195
11.12.2019 02:38:22.944 GMT+0100,157.97,157.938,0.0205,0.0195
11.12.2019 02:40:14.818 GMT+0100,157.939,157.905,0.0154,0.0146
11.12.2019 02:40:23.201 GMT+0100,157.938,157.906,0.0154,0.0146
11.12.2019 02:40:54.925 GMT+0100,157.971,157.937,1.03,0.0146
11.12.2019 02:40:55.033 GMT+0100,157.971,157.937,0.0154,0.0146
11.12.2019 02:42:04.207 GMT+0100,157.971,157.937,0.0205,0.0195
11.12.2019 02:42:14.543 GMT+0100,157.939,157.905,0.0205,0.0195
11.12.2019 02:42:23.641 GMT+0100,157.971,157.937,0.0205,0.0195
11.12.2019 02:43:20.210 GMT+0100,158.002,157.968,0.0205,0.0195
11.12.2019 02:43:43.370 GMT+0100,157.98600000000002,157.952,0.0154,0.0146
11.12.2019 02:43:43.889 GMT+0100,157.98600000000002,157.952,1.03,0.0146
11.12.2019 02:43:44.049 GMT+0100,158.002,157.968,1.03,0.0146
11.12.2019 02:43:44.144 GMT+0100,157.98600000000002,157.952,0.0154,0.0146
11.12.2019 02:43:47.048 GMT+0100,158.001,157.969,0.0154,0.0146
11.12.2019 02:43:47.224 GMT+0100,158.002,157.968,0.0154,0.0146
11.12.2019 02:43:57.156 GMT+0100,158.001,157.969,0.0154,0.0146
11.12.2019 02:44:02.196 GMT+0100,158.002,157.968,0.0154,0.0146
11.12.2019 02:45:00.263 GMT+0100,158.001,157.969,0.0205,0.0195
11.12.2019 02:45:00.690 GMT+0100,158.001,157.967,1.03,0.0146
11.12.2019 02:45:00.741 GMT+0100,157.971,157.937,0.0154,0.0146
11.12.2019 02:45:01.294 GMT+0100,157.98600000000002,157.952,1.03,0.0146
11.12.2019 02:45:01.433 GMT+0100,158.001,157.967,1.03,0.0146
11.12.2019 02:45:01.483 GMT+0100,158.001,157.969,0.0154,0.0146
11.12.2019 02:45:02.163 GMT+0100,158.002,157.968,0.0154,0.0146
11.12.2019 02:45:02.382 GMT+0100,157.985,157.953,0.0154,0.0146
11.12.2019 02:45:02.587 GMT+0100,157.985,157.953,1.03,0.0146
11.12.2019 02:45:02.637 GMT+0100,157.971,157.937,0.0154,0.0146
11.12.2019 02:45:02.688 GMT+0100,158.002,157.967,1.03,0.0146
11.12.2019 02:45:02.748 GMT+0100,158.002,157.968,0.0154,0.0146
11.12.2019 02:45:30.708 GMT+0100,157.98600000000002,157.952,0.0154,0.0146
11.12.2019 02:45:32.120 GMT+0100,157.98600000000002,157.952,1.03,0.0146
11.12.2019 02:45:32.170 GMT+0100,157.971,157.937,0.0154,0.0146
11.12.2019 02:45:32.386 GMT+0100,158.001,157.967,1.03,0.0146
11.12.2019 02:45:32.442 GMT+0100,158.001,157.969,0.0154,0.0146
11.12.2019 02:46:27.389 GMT+0100,158.002,157.968,0.0154,0.0146
11.12.2019 02:46:53.074 GMT+0100,158.001,157.969,0.0205,0.0195
11.12.2019 02:47:02.149 GMT+0100,158.002,157.968,0.0205,0.0195
11.12.2019 02:47:04.414 GMT+0100,158.001,157.969,0.0205,0.0195
11.12.2019 02:47:09.273 GMT+0100,158.002,157.968,0.0205,0.0195
11.12.2019 02:47:36.730 GMT+0100,158.001,157.969,0.0205,0.0195
11.12.2019 02:47:47.497 GMT+0100,158.002,157.968,0.0205,0.0195
11.12.2019 02:48:28.221 GMT+0100,158.001,157.969,0.0205,0.0195
11.12.2019 02:48:52.643 GMT+0100,158.002,157.968,0.0205,0.0195
11.12.2019 02:49:13.840 GMT+0100,158.001,157.969,0.0205,0.0195
11.12.2019 02:49:16.501 GMT+0100,158.002,157.968,0.0205,0.0195
11.12.2019 02:49:21.867 GMT+0100,158.001,157.969,0.0205,0.0195
11.12.2019 02:49:45.762 GMT+0100,158.002,157.968,0.0205,0.0195
11.12.2019 02:50:02.273 GMT+0100,158.001,157.969,0.0205,0.0195
11.12.2019 02:50:17.238 GMT+0100,158.002,157.968,0.0205,0.0195
11.12.2019 02:50:59.295 GMT+0100,158.001,157.969,0.0205,0.0195
11.12.2019 02:51:17.535 GMT+0100,158.002,157.968,0.0205,0.0195
11.12.2019 02:51:20.152 GMT+0100,158.001,157.969,0.0205,0.0195
11.12.2019 02:51:26.278 GMT+0100,158.002,157.968,0.0205,0.0195
11.12.2019 02:51:29.563 GMT+0100,158.001,157.969,0.0205,0.0195
11.12.2019 02:51:29.775 GMT+0100,158.002,157.968,0.0205,0.0195
11.12.2019 02:51:41.348 GMT+0100,158.001,157.969,0.0205,0.0195
11.12.2019 02:52:07.318 GMT+0100,158.002,157.968,0.0205,0.0195
11.12.2019 02:52:19.480 GMT+0100,158.001,157.969,0.0205,0.0195
11.12.2019 02:52:30.212 GMT+0100,158.002,157.968,0.0205,0.0195
11.12.2019 02:52:46.701 GMT+0100,157.98600000000002,157.952,0.0205,0.0195
11.12.2019 02:52:46.802 GMT+0100,157.97,157.938,0.0205,0.0195
11.12.2019 02:52:48.757 GMT+0100,157.971,157.937,0.0154,0.0146
11.12.2019 02:52:51.070 GMT+0100,157.97,157.938,0.0154,0.0146
11.12.2019 02:53:00.836 GMT+0100,157.971,157.937,0.0154,0.0146
11.12.2019 02:53:02.437 GMT+0100,157.954,157.922,0.0154,0.0146
11.12.2019 02:53:02.561 GMT+0100,157.954,157.922,1.03,0.0146
11.12.2019 02:53:02.611 GMT+0100,157.939,157.905,0.0154,0.0146
11.12.2019 02:53:02.700 GMT+0100,157.97,157.937,1.03,0.0146
11.12.2019 02:53:02.750 GMT+0100,157.97,157.938,0.0154,0.0146
11.12.2019 02:53:03.832 GMT+0100,157.939,157.917,0.0154,0.75
11.12.2019 02:53:03.978 GMT+0100,157.939,157.908,0.0154,0.75
11.12.2019 02:53:04.065 GMT+0100,157.955,157.92100000000002,0.0154,0.0146
11.12.2019 02:53:05.225 GMT+0100,157.97,157.938,0.0154,0.0146
11.12.2019 02:53:30.355 GMT+0100,157.971,157.937,0.0154,0.0146
11.12.2019 02:53:39.265 GMT+0100,157.97,157.938,0.0154,0.0146
11.12.2019 02:53:51.613 GMT+0100,157.971,157.937,0.0154,0.0146
11.12.2019 02:54:02.767 GMT+0100,157.97,157.938,0.0154,0.0146
11.12.2019 02:54:07.635 GMT+0100,157.971,157.937,0.0205,0.0195
11.12.2019 02:54:08.648 GMT+0100,157.97,157.938,0.0205,0.0195
11.12.2019 02:54:39.333 GMT+0100,157.971,157.937,0.0205,0.0195
11.12.2019 02:55:41.025 GMT+0100,157.97,157.938,0.0205,0.0195
11.12.2019 02:55:50.510 GMT+0100,157.971,157.937,0.0205,0.0195
11.12.2019 02:56:24.206 GMT+0100,157.97,157.938,0.0205,0.0195
11.12.2019 02:56:33.283 GMT+0100,157.971,157.937,0.0205,0.0195
11.12.2019 02:56:34.308 GMT+0100,157.97,157.938,0.0205,0.0195
11.12.2019 02:56:42.580 GMT+0100,158.001,157.969,0.0205,0.0195
11.12.2019 02:56:43.325 GMT+0100,157.97,157.948,0.0154,0.75
11.12.2019 02:56:43.442 GMT+0100,157.97,157.938,0.0154,0.0146
11.12.2019 02:56:46.110 GMT+0100,157.98600000000002,157.952,0.0154,0.0146
11.12.2019 02:56:46.257 GMT+0100,157.98600000000002,157.952,1.03,0.0146
11.12.2019 02:56:46.348 GMT+0100,157.971,157.937,0.0154,0.0146
11.12.2019 02:57:01.611 GMT+0100,157.97,157.938,0.0154,0.0146
11.12.2019 02:57:07.623 GMT+0100,157.97,157.947,0.0154,0.75
11.12.2019 02:57:07.673 GMT+0100,158.001,157.969,0.0154,0.0146
11.12.2019 02:57:09.483 GMT+0100,158.002,157.968,0.0154,0.0146
11.12.2019 02:57:20.949 GMT+0100,158.001,157.969,0.0154,0.0146
11.12.2019 02:57:32.700 GMT+0100,158.002,157.968,0.0154,0.0146
11.12.2019 02:57:33.378 GMT+0100,158.001,157.969,0.0154,0.0146
11.12.2019 02:57:49.019 GMT+0100,157.971,157.947,0.0154,0.75
11.12.2019 02:57:49.153 GMT+0100,157.971,157.937,0.0154,0.0146
11.12.2019 02:57:52.348 GMT+0100,157.97,157.938,0.0154,0.0146
11.12.2019 02:57:54.554 GMT+0100,157.971,157.937,0.0154,0.0146
11.12.2019 02:57:54.736 GMT+0100,157.97,157.938,0.0154,0.0146
11.12.2019 02:57:57.356 GMT+0100,157.985,157.953,0.0154,0.0146
11.12.2019 02:57:59.012 GMT+0100,158.002,157.968,0.0154,0.0146
11.12.2019 02:58:03.809 GMT+0100,158.001,157.969,0.0154,0.0146
11.12.2019 02:58:04.846 GMT+0100,158.002,157.968,0.0154,0.0146
11.12.2019 02:58:12.940 GMT+0100,158.001,157.969,0.0154,0.0146
11.12.2019 02:58:15.281 GMT+0100,157.97,157.947,0.0154,0.75
11.12.2019 02:58:15.400 GMT+0100,157.97,157.938,0.0154,0.0146
11.12.2019 02:58:16.208 GMT+0100,157.971,157.937,0.0154,0.0146
11.12.2019 02:58:19.484 GMT+0100,157.985,157.953,0.0154,0.0146
11.12.2019 02:58:22.146 GMT+0100,157.985,157.953,1.03,0.0146
11.12.2019 02:58:22.197 GMT+0100,157.971,157.937,0.0154,0.0146
11.12.2019 02:58:28.285 GMT+0100,158.001,157.967,1.03,0.0146
11.12.2019 02:58:28.384 GMT+0100,158.001,157.969,0.0154,0.0146
11.12.2019 02:58:37.361 GMT+0100,158.002,157.968,0.0154,0.0146
11.12.2019 02:58:51.360 GMT+0100,158.001,157.969,0.0154,0.0146
11.12.2019 02:59:50.706 GMT+0100,158.002,157.968,0.0205,0.0195
11.12.2019 03:00:44.720 GMT+0100,158.001,157.969,0.0205,0.0195
11.12.2019 03:01:02.177 GMT+0100,158.002,157.968,0.0205,0.0195
11.12.2019 03:01:28.152 GMT+0100,158.001,157.969,0.0205,0.0195
11.12.2019 03:01:28.689 GMT+0100,158.002,157.968,0.0205,0.0195
11.12.2019 03:02:43.048 GMT+0100,158.001,157.969,0.0205,0.0195
11.12.2019 03:02:59.205 GMT+0100,158.002,157.968,0.0205,0.0195
11.12.2019 03:03:37.586 GMT+0100,158.001,157.969,0.0205,0.0195
11.12.2019 03:03:45.009 GMT+0100,158.002,157.968,0.0205,0.0195
11.12.2019 03:04:00.479 GMT+0100,158.001,157.969,0.0205,0.0195
11.12.2019 03:04:18.895 GMT+0100,158.002,157.968,0.0205,0.0195
11.12.2019 03:04:42.734 GMT+0100,158.001,157.969,0.0205,0.0195
11.12.2019 03:04:50.624 GMT+0100,158.002,157.968,0.0205,0.0195
11.12.2019 03:04:53.552 GMT+0100,158.001,157.969,0.0205,0.0195
11.12.2019 03:05:02.614 GMT+0100,158.002,157.968,0.0205,0.0195
11.12.2019 03:05:40.237 GMT+0100,158.001,157.969,0.0205,0.0195
11.12.2019 03:05:54.691 GMT+0100,158.002,157.968,0.0205,0.0195
11.12.2019 03:06:00.433 GMT+0100,157.971,157.937,0.0205,0.0195
11.12.2019 03:06:00.585 GMT+0100,158.002,157.967,1.03,0.0146
11.12.2019 03:06:00.669 GMT+0100,158.002,157.968,0.0154,0.0146
11.12.2019 03:06:01.603 GMT+0100,158.001,157.969,0.0154,0.0146
11.12.2019 03:06:27.157 GMT+0100,158.002,157.968,0.0154,0.0146
11.12.2019 03:07:00.128 GMT+0100,158.001,157.969,0.0154,0.0146
11.12.2019 03:07:32.080 GMT+0100,158.002,157.968,0.0205,0.0195
11.12.2019 03:07:35.365 GMT+0100,158.001,157.969,0.0205,0.0195
11.12.2019 03:07:55.837 GMT+0100,158.002,157.968,0.0205,0.0195
11.12.2019 03:08:02.170 GMT+0100,158.001,157.969,0.0205,0.0195
11.12.2019 03:08:06.548 GMT+0100,158.002,157.968,0.0205,0.0195
11.12.2019 03:08:17.737 GMT+0100,158.001,157.969,0.0205,0.0195
11.12.2019 03:08:25.457 GMT+0100,158.002,157.968,0.0205,0.0195
11.12.2019 03:09:07.754 GMT+0100,158.001,157.969,0.0205,0.0195
11.12.2019 03:09:42.272 GMT+0100,158.002,157.968,0.0205,0.0195
11.12.2019 03:09:52.151 GMT+0100,157.971,157.937,0.0205,0.0195
11.12.2019 03:09:53.229 GMT+0100,157.97,157.938,0.0154,0.0146
11.12.2019 03:10:10.927 GMT+0100,158.001,157.967,1.03,0.0146
11.12.2019 03:10:11.040 GMT+0100,158.001,157.969,0.0154,0.0146
11.12.2019 03:10:17.071 GMT+0100,158.002,157.968,0.0154,0.0146
11.12.2019 03:10:33.405 GMT+0100,158.001,157.969,0.0154,0.0146
11.12.2019 03:12:09.092 GMT+0100,158.002,157.968,0.0205,0.0195
11.12.2019 03:12:59.182 GMT+0100,158.001,157.969,0.0205,0.0195
11.12.2019 03:13:50.086 GMT+0100,158.033,157.999,0.0205,0.0195
11.12.2019 03:14:52.391 GMT+0100,158.032,158,0.0205,0.0195
11.12.2019 03:15:01.695 GMT+0100,158.064,158.03,0.0205,0.0195
11.12.2019 03:15:02.285 GMT+0100,158.063,158.031,0.0154,0.0146
11.12.2019 03:15:16.128 GMT+0100,158.033,158.01700000000002,0.0154,0.75
11.12.2019 03:15:16.221 GMT+0100,158.033,157.999,0.0154,0.0146
11.12.2019 03:15:19.219 GMT+0100,158.032,158,0.0154,0.0146
11.12.2019 03:15:47.602 GMT+0100,158.033,157.999,0.0154,0.0146
11.12.2019 03:16:01.863 GMT+0100,158.032,158,0.0154,0.0146
11.12.2019 03:17:35.399 GMT+0100,158.033,157.999,0.0205,0.0195
11.12.2019 03:18:27.000 GMT+0100,158.032,158,0.0205,0.0195
11.12.2019 03:18:44.327 GMT+0100,158.033,157.999,0.0205,0.0195
11.12.2019 03:19:18.583 GMT+0100,158.063,158.031,0.0205,0.0195
11.12.2019 03:19:19.613 GMT+0100,158.064,158.03,0.0154,0.0146
11.12.2019 03:20:35.790 GMT+0100,158.033,157.999,0.0205,0.0195
11.12.2019 03:20:35.907 GMT+0100,158.032,158,0.0205,0.0195
11.12.2019 03:20:36.680 GMT+0100,158.033,157.999,0.0154,0.0146
11.12.2019 03:20:39.667 GMT+0100,158.032,158,0.0154,0.0146
11.12.2019 03:20:48.711 GMT+0100,158.033,157.999,0.0154,0.0146
11.12.2019 03:20:49.836 GMT+0100,158.032,158,0.0154,0.0146
11.12.2019 03:20:53.748 GMT+0100,158.033,157.999,0.0154,0.0146
11.12.2019 03:20:57.463 GMT+0100,158.032,158,0.0154,0.0146
11.12.2019 03:20:59.961 GMT+0100,158.033,157.999,0.0154,0.0146
11.12.2019 03:21:02.169 GMT+0100,158.032,158,0.0154,0.0146
11.12.2019 03:21:33.791 GMT+0100,158.033,157.999,0.0154,0.0146
11.12.2019 03:21:48.274 GMT+0100,158.032,158,0.0205,0.0195
11.12.2019 03:22:17.866 GMT+0100,158.033,157.999,0.0205,0.0195
11.12.2019 03:22:24.081 GMT+0100,158.033,158.01700000000002,0.0154,0.75
11.12.2019 03:22:24.131 GMT+0100,158.063,158.031,0.0154,0.0146
11.12.2019 03:22:24.941 GMT+0100,158.064,158.03,0.0154,0.0146
11.12.2019 03:23:18.129 GMT+0100,158.063,158.031,0.0154,0.0146
11.12.2019 03:23:22.500 GMT+0100,158.064,158.03,0.0154,0.0146
11.12.2019 03:23:24.197 GMT+0100,158.063,158.031,0.0205,0.0195
11.12.2019 03:24:15.798 GMT+0100,158.064,158.03,0.0205,0.0195
11.12.2019 03:24:17.013 GMT+0100,158.063,158.031,0.0205,0.0195
11.12.2019 03:24:27.162 GMT+0100,158.064,158.03,0.0205,0.0195
11.12.2019 03:24:28.116 GMT+0100,158.063,158.031,0.0205,0.0195
11.12.2019 03:24:28.166 GMT+0100,158.032,158,0.0205,0.0195
11.12.2019 03:24:28.216 GMT+0100,158.064,158.03,0.0205,0.0195
11.12.2019 03:26:10.622 GMT+0100,158.063,158.031,0.0205,0.0195
11.12.2019 03:26:20.280 GMT+0100,158.064,158.03,0.0205,0.0195
11.12.2019 03:26:40.925 GMT+0100,158.063,158.031,0.0205,0.0195
11.12.2019 03:27:02.326 GMT+0100,158.064,158.03,0.0205,0.0195
11.12.2019 03:28:01.885 GMT+0100,158.063,158.031,0.0205,0.0195
11.12.2019 03:28:19.979 GMT+0100,158.064,158.03,0.0205,0.0195
11.12.2019 03:28:22.370 GMT+0100,158.063,158.031,0.0205,0.0195
11.12.2019 03:28:30.265 GMT+0100,158.064,158.03,0.0205,0.0195
11.12.2019 03:28:31.106 GMT+0100,158.063,158.031,0.0205,0.0195
11.12.2019 03:28:59.547 GMT+0100,158.048,158.01600000000002,0.0205,0.0195
11.12.2019 03:29:00.227 GMT+0100,158.033,157.999,0.0154,0.0146
11.12.2019 03:29:00.347 GMT+0100,158.032,158,0.0154,0.0146
11.12.2019 03:29:02.155 GMT+0100,158.033,157.999,0.0154,0.0146
11.12.2019 03:29:04.916 GMT+0100,158.032,158,0.0154,0.0146
11.12.2019 03:29:18.236 GMT+0100,158.033,158.01700000000002,0.0154,0.75
11.12.2019 03:29:18.287 GMT+0100,158.064,158.03,0.0154,0.0146
11.12.2019 03:29:19.231 GMT+0100,158.063,158.031,0.0154,0.0146
11.12.2019 03:30:01.661 GMT+0100,158.033,158.01700000000002,0.0154,0.75
11.12.2019 03:30:01.714 GMT+0100,158.064,158.03,0.0154,0.0146
11.12.2019 03:30:07.404 GMT+0100,158.064,158.03,1.03,0.0146
11.12.2019 03:30:09.916 GMT+0100,158.064,158.03,1.03,0.0146
11.12.2019 03:30:09.966 GMT+0100,158.048,158.01600000000002,0.0154,0.0146
11.12.2019 03:30:10.046 GMT+0100,158.032,158,0.0154,0.0146
11.12.2019 03:30:10.236 GMT+0100,158.063,158.031,0.0154,0.0146
11.12.2019 03:30:12.503 GMT+0100,158.064,158.03,0.0154,0.0146
11.12.2019 03:30:13.340 GMT+0100,158.063,158.031,0.0154,0.0146
11.12.2019 03:30:49.333 GMT+0100,158.064,158.03,0.0154,0.0146
11.12.2019 03:31:16.421 GMT+0100,158.064,158.03,1.03,0.0146
11.12.2019 03:31:20.238 GMT+0100,158.049,158.01500000000001,0.0154,0.0146
11.12.2019 03:31:21.053 GMT+0100,158.048,158.01600000000002,0.0154,0.0146
11.12.2019 03:31:32.968 GMT+0100,158.032,158,0.0154,0.0146
11.12.2019 03:31:33.214 GMT+0100,158.063,158.031,1.03,0.0146
11.12.2019 03:31:33.264 GMT+0100,158.063,158.031,0.0154,0.0146
11.12.2019 03:32:02.309 GMT+0100,158.063,158.031,1.03,0.0146
11.12.2019 03:32:02.631 GMT+0100,158.049,158.01500000000001,0.0154,0.0146
11.12.2019 03:32:02.757 GMT+0100,158.049,158.01700000000002,0.0154,0.75
11.12.2019 03:32:02.807 GMT+0100,158.064,158.03,0.0154,0.0146
11.12.2019 03:33:02.789 GMT+0100,158.063,158.031,0.0205,0.0195
11.12.2019 03:33:09.774 GMT+0100,158.064,158.03,0.0205,0.0195
11.12.2019 03:33:59.212 GMT+0100,158.063,158.031,0.0205,0.0195
11.12.2019 03:35:02.164 GMT+0100,158.033,157.999,0.0205,0.0195
11.12.2019 03:35:03.364 GMT+0100,158.032,158,0.0154,0.0146
11.12.2019 03:35:14.916 GMT+0100,158.033,157.999,0.0154,0.0146
11.12.2019 03:35:50.615 GMT+0100,158.032,158,0.0154,0.0146
11.12.2019 03:36:04.296 GMT+0100,158.033,157.999,0.0205,0.0195
11.12.2019 03:36:10.972 GMT+0100,158.032,158,0.0205,0.0195
11.12.2019 03:36:11.208 GMT+0100,158.064,158.03,0.0205,0.0195
11.12.2019 03:36:13.530 GMT+0100,158.033,158.01700000000002,0.0154,0.75
11.12.2019 03:36:13.679 GMT+0100,158.033,157.999,0.0154,0.0146
11.12.2019 03:36:13.842 GMT+0100,158.048,158.01600000000002,0.0154,0.0146
11.12.2019 03:36:15.197 GMT+0100,158.048,158.01700000000002,0.0154,0.75
11.12.2019 03:36:15.248 GMT+0100,158.064,158.03,0.0154,0.0146
11.12.2019 03:36:37.984 GMT+0100,158.063,158.031,0.0154,0.0146
11.12.2019 03:36:38.149 GMT+0100,158.064,158.03,0.0154,0.0146
11.12.2019 03:37:13.700 GMT+0100,158.033,158.01700000000002,0.0154,0.75
11.12.2019 03:37:13.817 GMT+0100,158.033,157.999,0.0154,0.0146
11.12.2019 03:37:16.696 GMT+0100,158.032,158,0.0154,0.0146
11.12.2019 03:37:31.247 GMT+0100,158.048,158.01600000000002,0.0154,0.0146
11.12.2019 03:37:31.524 GMT+0100,158.032,158,0.0154,0.0146
11.12.2019 03:38:50.204 GMT+0100,158.063,158.031,0.0205,0.0195
11.12.2019 03:38:51.346 GMT+0100,158.064,158.03,0.0154,0.0146
11.12.2019 03:39:07.603 GMT+0100,158.063,158.031,0.0154,0.0146
11.12.2019 03:39:08.402 GMT+0100,158.064,158.03,0.0154,0.0146
11.12.2019 03:39:23.501 GMT+0100,158.063,158.031,0.0154,0.0146
11.12.2019 03:39:35.479 GMT+0100,158.064,158.03,0.0154,0.0146
11.12.2019 03:40:02.165 GMT+0100,158.063,158.031,0.0205,0.0195
11.12.2019 03:40:02.472 GMT+0100,158.063,158.031,1.03,0.0146
11.12.2019 03:40:02.567 GMT+0100,158.033,157.999,0.0154,0.0146
11.12.2019 03:40:03.117 GMT+0100,158.032,158,0.0154,0.0146
11.12.2019 03:40:06.984 GMT+0100,158.033,157.999,0.0154,0.0146
11.12.2019 03:40:40.446 GMT+0100,158.032,158,0.0154,0.0146
11.12.2019 03:40:49.969 GMT+0100,158.033,157.999,0.0154,0.0146
11.12.2019 03:42:24.299 GMT+0100,158.032,158,0.0205,0.0195
11.12.2019 03:42:28.824 GMT+0100,158.033,157.999,0.0205,0.0195
11.12.2019 03:42:54.673 GMT+0100,158.032,158,0.0205,0.0195
11.12.2019 03:43:01.109 GMT+0100,158.033,157.999,0.0205,0.0195
11.12.2019 03:43:55.474 GMT+0100,158.064,158.03,0.0205,0.0195
11.12.2019 03:43:56.477 GMT+0100,158.063,158.031,0.0154,0.0146
11.12.2019 03:43:59.694 GMT+0100,158.064,158.03,0.0154,0.0146
11.12.2019 03:44:18.229 GMT+0100,158.063,158.031,0.0154,0.0146
11.12.2019 03:44:27.037 GMT+0100,158.064,158.03,0.0154,0.0146
11.12.2019 03:46:24.752 GMT+0100,158.032,158,0.0205,0.0195
11.12.2019 03:46:25.619 GMT+0100,158.033,157.999,0.0154,0.0146
11.12.2019 03:46:26.506 GMT+0100,158.063,158.031,1.03,0.0146
11.12.2019 03:46:26.556 GMT+0100,158.063,158.031,0.0154,0.0146
11.12.2019 03:48:08.119 GMT+0100,158.032,158,0.0205,0.0195
11.12.2019 03:48:09.879 GMT+0100,158.033,157.999,0.0154,0.0146
11.12.2019 03:48:30.047 GMT+0100,158.032,158,0.0154,0.0146
11.12.2019 03:48:40.354 GMT+0100,158.063,158.031,1.03,0.0146
11.12.2019 03:48:40.483 GMT+0100,158.063,158.031,0.0154,0.0146
11.12.2019 03:48:41.177 GMT+0100,158.064,158.03,0.0154,0.0146
11.12.2019 03:49:00.585 GMT+0100,158.033,158.018,0.0154,0.75
11.12.2019 03:49:00.693 GMT+0100,158.064,158.03,0.0154,0.0146
11.12.2019 03:50:15.407 GMT+0100,158.063,158.031,0.0205,0.0195
11.12.2019 03:50:45.616 GMT+0100,158.064,158.03,0.0205,0.0195
11.12.2019 03:52:07.221 GMT+0100,158.064,158.03,0.0205,0.0195
11.12.2019 03:52:16.459 GMT+0100,158.032,158,0.0205,0.0195
11.12.2019 03:52:17.370 GMT+0100,158.049,158.01500000000001,0.0154,0.0146
11.12.2019 03:52:19.109 GMT+0100,158.033,157.999,0.0154,0.0146
11.12.2019 03:52:19.211 GMT+0100,158.032,158,0.0154,0.0146
11.12.2019 03:52:25.188 GMT+0100,158.064,158.03,1.03,0.0146
11.12.2019 03:52:25.285 GMT+0100,158.064,158.03,0.0154,0.0146
11.12.2019 03:52:37.371 GMT+0100,158.063,158.031,0.0154,0.0146
11.12.2019 03:54:02.303 GMT+0100,158.062,157.998,1,1
11.12.2019 03:54:08.459 GMT+0100,158.048,158.01600000000002,0.0154,0.0146
11.12.2019 03:54:35.922 GMT+0100,158.033,157.999,0.0154,0.0146
11.12.2019 03:54:38.723 GMT+0100,158.032,158,0.0154,0.0146
11.12.2019 03:56:07.598 GMT+0100,158.033,157.999,0.0205,0.0195
11.12.2019 03:56:07.709 GMT+0100,158.032,158,0.0205,0.0195
11.12.2019 03:56:09.407 GMT+0100,158.033,157.999,0.0205,0.0195
11.12.2019 03:56:18.752 GMT+0100,158.002,157.968,0.0205,0.0195
11.12.2019 03:56:19.828 GMT+0100,158.001,157.969,0.0154,0.0146
11.12.2019 03:56:19.977 GMT+0100,158.032,158,0.0154,0.0146
11.12.2019 03:56:33.900 GMT+0100,158.033,157.999,0.0154,0.0146
11.12.2019 03:56:56.312 GMT+0100,158.032,158,0.0154,0.0146
11.12.2019 03:57:19.241 GMT+0100,158.033,157.999,0.0154,0.0146
11.12.2019 03:58:48.462 GMT+0100,158.032,158,0.0205,0.0195
11.12.2019 03:59:20.011 GMT+0100,158.033,157.999,0.0205,0.0195
11.12.2019 03:59:32.642 GMT+0100,158.032,158,0.0205,0.0195
11.12.2019 03:59:53.061 GMT+0100,158.002,157.968,0.0205,0.0195
11.12.2019 03:59:55.023 GMT+0100,158.001,157.969,0.0154,0.0146
11.12.2019 03:59:56.128 GMT+0100,158.032,157.998,1.03,0.0146
11.12.2019 03:59:56.178 GMT+0100,158.032,158,0.0154,0.0146
11.12.2019 04:00:01.267 GMT+0100,158.033,157.999,0.0154,0.0146
11.12.2019 04:01:28.799 GMT+0100,158.033,157.999,0.0205,0.0195
11.12.2019 04:02:16.106 GMT+0100,158.064,158.03,0.0205,0.0195
11.12.2019 04:02:34.765 GMT+0100,158.063,158.031,0.0154,0.0146
11.12.2019 04:02:34.872 GMT+0100,158.064,158.03,0.0154,0.0146
11.12.2019 04:03:13.122 GMT+0100,158.063,158.031,0.0154,0.0146
11.12.2019 04:04:08.351 GMT+0100,158.033,157.999,0.0205,0.0195
11.12.2019 04:04:08.855 GMT+0100,158.032,158,0.0154,0.0146
11.12.2019 04:07:03.606 GMT+0100,158.032,158,0.0205,0.0195
11.12.2019 04:07:52.150 GMT+0100,158.033,157.999,0.0205,0.0195
11.12.2019 04:07:52.341 GMT+0100,158.032,158,0.0205,0.0195
11.12.2019 04:07:53.642 GMT+0100,158.033,157.999,0.0205,0.0195
11.12.2019 04:07:57.791 GMT+0100,158.018,157.984,0.0154,0.0146
11.12.2019 04:07:58.154 GMT+0100,158.018,157.984,1.03,0.0146
11.12.2019 04:07:58.204 GMT+0100,158.002,157.968,0.0154,0.0146
11.12.2019 04:07:58.316 GMT+0100,158.003,157.988,0.0154,0.75
11.12.2019 04:07:59.803 GMT+0100,158.01700000000002,157.988,0.0154,0.75
11.12.2019 04:07:59.953 GMT+0100,158.01700000000002,157.985,0.0154,0.0146
11.12.2019 04:08:06.558 GMT+0100,158.01700000000002,157.985,1.03,0.0146
11.12.2019 04:08:06.626 GMT+0100,158.002,157.968,0.0154,0.0146
11.12.2019 04:08:20.149 GMT+0100,158.01700000000002,157.985,0.0154,0.0146
11.12.2019 04:08:27.882 GMT+0100,158.01700000000002,157.988,0.0154,0.75
11.12.2019 04:08:27.932 GMT+0100,158.032,158,0.0154,0.0146
11.12.2019 04:08:28.070 GMT+0100,158.033,157.999,0.0154,0.0146
11.12.2019 04:08:58.241 GMT+0100,158.032,158,0.0154,0.0146
11.12.2019 04:10:50.538 GMT+0100,158.032,157.968,1,1
11.12.2019 04:10:50.954 GMT+0100,158.013,157.947,1,1
11.12.2019 04:10:51.005 GMT+0100,158.001,157.969,0.0154,0.0146
11.12.2019 04:11:12.762 GMT+0100,158.002,157.968,0.0154,0.0146
11.12.2019 04:11:52.242 GMT+0100,158.001,157.969,0.0205,0.0195
11.12.2019 04:12:14.909 GMT+0100,158.033,157.999,0.0205,0.0195
11.12.2019 04:13:10.373 GMT+0100,158.033,157.998,1.03,0.0146
11.12.2019 04:13:10.433 GMT+0100,158.001,157.969,0.0154,0.0146
11.12.2019 04:13:48.883 GMT+0100,158.002,157.968,0.0154,0.0146
11.12.2019 04:13:49.030 GMT+0100,158.033,157.998,1.03,0.0146
11.12.2019 04:13:49.111 GMT+0100,158.033,157.999,0.0154,0.0146
11.12.2019 04:13:57.977 GMT+0100,158.018,157.98700000000002,0.0154,0.75
11.12.2019 04:13:58.126 GMT+0100,158.018,157.984,1.03,0.0146
11.12.2019 04:13:58.749 GMT+0100,158.001,157.969,0.0154,0.0146
11.12.2019 04:13:59.188 GMT+0100,158.002,157.968,0.0154,0.0146
11.12.2019 04:14:09.400 GMT+0100,158.001,157.969,0.0154,0.0146
11.12.2019 04:14:33.693 GMT+0100,158.002,157.968,0.0154,0.0146
11.12.2019 04:14:41.987 GMT+0100,158.001,157.969,0.0154,0.0146
11.12.2019 04:16:00.935 GMT+0100,158.001,157.969,0.0205,0.0195
11.12.2019 04:16:17.762 GMT+0100,158.002,157.968,0.0205,0.0195
11.12.2019 04:16:34.227 GMT+0100,158.001,157.969,0.0205,0.0195
11.12.2019 04:16:53.151 GMT+0100,158.002,157.968,0.0205,0.0195
11.12.2019 04:17:00.708 GMT+0100,158.001,157.969,0.0205,0.0195
11.12.2019 04:17:37.322 GMT+0100,158.002,157.968,0.0205,0.0195
11.12.2019 04:18:22.236 GMT+0100,158.001,157.969,0.0205,0.0195
11.12.2019 04:19:35.612 GMT+0100,157.97,157.938,0.0205,0.0195
11.12.2019 04:19:36.155 GMT+0100,157.971,157.937,0.0154,0.0146
11.12.2019 04:19:37.944 GMT+0100,157.97,157.938,0.0154,0.0146
11.12.2019 04:20:12.101 GMT+0100,157.971,157.937,0.0154,0.0146
11.12.2019 04:20:21.866 GMT+0100,157.97,157.938,0.0154,0.0146
11.12.2019 04:20:38.407 GMT+0100,157.971,157.937,0.0205,0.0195
11.12.2019 04:20:44.334 GMT+0100,158.002,157.968,0.0205,0.0195
11.12.2019 04:20:45.107 GMT+0100,157.97,157.948,0.0154,0.75
11.12.2019 04:20:45.216 GMT+0100,157.97,157.938,0.0154,0.0146
11.12.2019 04:21:02.254 GMT+0100,157.971,157.937,0.0154,0.0146
11.12.2019 04:21:10.221 GMT+0100,158.001,157.967,1.03,0.0146
11.12.2019 04:21:10.339 GMT+0100,158.001,157.969,0.0154,0.0146
11.12.2019 04:21:11.397 GMT+0100,158.002,157.968,0.0154,0.0146
11.12.2019 04:21:21.237 GMT+0100,157.985,157.953,0.0154,0.0146
11.12.2019 04:21:21.374 GMT+0100,157.97,157.948,0.0154,0.75
11.12.2019 04:21:21.425 GMT+0100,157.97,157.938,0.0154,0.0146
11.12.2019 04:21:57.527 GMT+0100,157.971,157.937,0.0154,0.0146
11.12.2019 04:22:01.833 GMT+0100,157.97,157.938,0.0154,0.0146
11.12.2019 04:23:14.568 GMT+0100,157.971,157.937,0.0205,0.0195
11.12.2019 04:23:25.722 GMT+0100,157.97,157.938,0.0205,0.0195
11.12.2019 04:23:33.477 GMT+0100,157.971,157.937,0.0205,0.0195
11.12.2019 04:23:35.919 GMT+0100,157.97,157.938,0.0205,0.0195
11.12.2019 04:23:39.556 GMT+0100,157.971,157.937,0.0205,0.0195
11.12.2019 04:23:41.306 GMT+0100,157.97,157.938,0.0205,0.0195
11.12.2019 04:23:50.786 GMT+0100,157.971,157.937,0.0205,0.0195
11.12.2019 04:24:00.116 GMT+0100,157.97,157.938,0.0205,0.0195
11.12.2019 04:24:41.581 GMT+0100,157.971,157.937,0.0205,0.0195
11.12.2019 04:25:44.210 GMT+0100,157.939,157.905,0.0205,0.0195
11.12.2019 04:25:46.728 GMT+0100,157.938,157.906,0.0154,0.0146
11.12.2019 04:25:51.497 GMT+0100,157.939,157.905,0.0154,0.0146
11.12.2019 04:26:19.504 GMT+0100,157.97,157.937,1.03,0.0146
11.12.2019 04:26:19.555 GMT+0100,157.938,157.906,0.0154,0.0146
11.12.2019 04:26:22.246 GMT+0100,157.939,157.905,0.0154,0.0146
11.12.2019 04:26:53.821 GMT+0100,157.938,157.906,0.0205,0.0195
11.12.2019 04:26:53.928 GMT+0100,157.939,157.905,0.0205,0.0195
11.12.2019 04:27:00.710 GMT+0100,157.938,157.906,0.0205,0.0195
11.12.2019 04:27:01.473 GMT+0100,157.939,157.905,0.0205,0.0195
11.12.2019 04:27:04.732 GMT+0100,157.938,157.906,0.0205,0.0195
11.12.2019 04:27:14.659 GMT+0100,157.939,157.905,0.0205,0.0195
11.12.2019 04:28:08.804 GMT+0100,157.938,157.906,0.0205,0.0195
11.12.2019 04:28:25.409 GMT+0100,157.939,157.905,0.0205,0.0195
11.12.2019 04:28:48.130 GMT+0100,157.938,157.906,0.0205,0.0195
11.12.2019 04:29:15.518 GMT+0100,157.939,157.905,0.0205,0.0195
11.12.2019 04:29:55.896 GMT+0100,157.938,157.906,0.0205,0.0195
11.12.2019 04:30:02.618 GMT+0100,157.939,157.905,0.0205,0.0195
11.12.2019 04:30:30.749 GMT+0100,157.97,157.938,0.0205,0.0195
11.12.2019 04:30:34.166 GMT+0100,157.971,157.937,0.0154,0.0146
11.12.2019 04:30:45.199 GMT+0100,157.939,157.917,0.0154,0.75
11.12.2019 04:30:45.301 GMT+0100,157.939,157.905,0.0154,0.0146
11.12.2019 04:30:46.194 GMT+0100,157.938,157.906,0.0154,0.0146
11.12.2019 04:30:57.225 GMT+0100,157.939,157.905,0.0154,0.0146
11.12.2019 04:31:10.782 GMT+0100,157.938,157.906,0.0154,0.0146
11.12.2019 04:31:13.638 GMT+0100,157.939,157.905,0.0154,0.0146
11.12.2019 04:32:22.411 GMT+0100,157.938,157.906,0.0205,0.0195
11.12.2019 04:32:41.357 GMT+0100,157.955,157.92100000000002,0.0205,0.0195
11.12.2019 04:32:41.537 GMT+0100,157.939,157.905,0.0205,0.0195
11.12.2019 04:32:50.369 GMT+0100,157.938,157.906,0.0205,0.0195
11.12.2019 04:32:55.514 GMT+0100,157.955,157.92100000000002,0.0205,0.0195
11.12.2019 04:32:55.678 GMT+0100,157.939,157.905,0.0205,0.0195
11.12.2019 04:33:26.903 GMT+0100,157.938,157.906,0.0205,0.0195
11.12.2019 04:33:43.146 GMT+0100,157.954,157.922,0.0205,0.0195
11.12.2019 04:33:49.865 GMT+0100,157.954,157.922,1.03,0.0146
11.12.2019 04:33:49.915 GMT+0100,157.938,157.906,0.0154,0.0146
11.12.2019 04:35:30.176 GMT+0100,157.939,157.905,0.0205,0.0195
11.12.2019 04:36:51.514 GMT+0100,157.938,157.906,0.0205,0.0195
11.12.2019 04:37:11.031 GMT+0100,157.939,157.905,0.0205,0.0195
11.12.2019 04:38:41.121 GMT+0100,157.938,157.906,0.0205,0.0195
11.12.2019 04:40:57.875 GMT+0100,157.939,157.905,0.0205,0.0195
11.12.2019 04:40:59.558 GMT+0100,157.908,157.874,0.0205,0.0195
11.12.2019 04:41:00.075 GMT+0100,157.939,157.905,0.0205,0.0195
11.12.2019 04:41:00.654 GMT+0100,157.908,157.874,0.0205,0.0195
11.12.2019 04:41:05.806 GMT+0100,157.907,157.875,0.0154,0.0146
11.12.2019 04:41:45.007 GMT+0100,157.908,157.874,0.0154,0.0146
11.12.2019 04:42:28.231 GMT+0100,157.907,157.875,0.0205,0.0195
11.12.2019 04:42:54.140 GMT+0100,157.908,157.874,0.0205,0.0195
11.12.2019 04:44:18.243 GMT+0100,157.908,157.874,0.0205,0.0195
11.12.2019 04:44:54.060 GMT+0100,157.907,157.875,0.0205,0.0195
11.12.2019 04:44:58.133 GMT+0100,157.908,157.874,0.0205,0.0195
11.12.2019 04:45:22.079 GMT+0100,157.907,157.875,0.0205,0.0195
11.12.2019 04:47:41.675 GMT+0100,157.907,157.875,0.0205,0.0195
11.12.2019 04:48:02.225 GMT+0100,157.908,157.874,0.0205,0.0195
11.12.2019 04:48:37.493 GMT+0100,157.907,157.875,0.0205,0.0195
11.12.2019 04:49:24.450 GMT+0100,157.939,157.905,0.0205,0.0195
11.12.2019 04:49:36.235 GMT+0100,157.938,157.906,0.0154,0.0146
11.12.2019 04:50:15.773 GMT+0100,157.939,157.905,0.0154,0.0146
11.12.2019 04:50:33.628 GMT+0100,157.938,157.906,0.0205,0.0195
11.12.2019 04:50:47.859 GMT+0100,157.939,157.905,0.0205,0.0195
11.12.2019 04:50:48.188 GMT+0100,157.907,157.875,0.0205,0.0195
11.12.2019 04:52:08.453 GMT+0100,157.907,157.875,0.0205,0.0195
11.12.2019 04:53:02.273 GMT+0100,157.908,157.874,0.0205,0.0195
11.12.2019 04:54:32.334 GMT+0100,157.907,157.875,0.0205,0.0195
11.12.2019 04:54:35.728 GMT+0100,157.908,157.874,0.0205,0.0195
11.12.2019 04:54:48.329 GMT+0100,157.907,157.875,0.0205,0.0195
11.12.2019 04:55:10.209 GMT+0100,157.938,157.906,0.0205,0.0195
11.12.2019 04:55:15.107 GMT+0100,157.939,157.905,0.0154,0.0146
11.12.2019 04:55:20.130 GMT+0100,157.924,157.89000000000001,0.0154,0.0146
11.12.2019 04:55:20.272 GMT+0100,157.907,157.887,0.0154,0.75
11.12.2019 04:55:20.322 GMT+0100,157.907,157.875,0.0154,0.0146
11.12.2019 04:55:21.210 GMT+0100,157.908,157.874,0.0154,0.0146
11.12.2019 04:55:32.426 GMT+0100,157.939,157.905,1.03,0.0146
11.12.2019 04:55:32.515 GMT+0100,157.939,157.905,0.0154,0.0146
11.12.2019 04:55:32.597 GMT+0100,157.923,157.89100000000002,0.0154,0.0146
11.12.2019 04:55:33.479 GMT+0100,157.923,157.89100000000002,1.03,0.0146
11.12.2019 04:55:33.529 GMT+0100,157.908,157.874,0.0154,0.0146
11.12.2019 04:55:33.835 GMT+0100,157.908,157.877,0.0154,0.75
11.12.2019 04:55:34.986 GMT+0100,157.908,157.874,0.0154,0.0146
11.12.2019 04:55:39.771 GMT+0100,157.938,157.906,1.03,0.0146
11.12.2019 04:55:39.920 GMT+0100,157.938,157.906,0.0154,0.0146
11.12.2019 04:55:59.410 GMT+0100,157.907,157.888,0.0154,0.75
11.12.2019 04:55:59.522 GMT+0100,157.907,157.875,0.0154,0.0146
11.12.2019 04:56:06.886 GMT+0100,157.908,157.874,0.0154,0.0146
11.12.2019 04:56:17.667 GMT+0100,157.907,157.875,0.0154,0.0146
11.12.2019 04:56:20.351 GMT+0100,157.923,157.89100000000002,1.03,0.0146
11.12.2019 04:56:20.553 GMT+0100,157.923,157.89100000000002,0.0154,0.0146
11.12.2019 04:56:21.765 GMT+0100,157.924,157.89000000000001,0.0154,0.0146
11.12.2019 04:56:22.536 GMT+0100,157.924,157.89000000000001,1.03,0.0146
11.12.2019 04:56:22.586 GMT+0100,157.908,157.874,0.0154,0.0146
11.12.2019 04:56:41.946 GMT+0100,157.907,157.875,0.0154,0.0146
11.12.2019 04:56:49.611 GMT+0100,157.908,157.874,0.0154,0.0146
11.12.2019 04:58:09.587 GMT+0100,157.907,157.875,0.0205,0.0195
11.12.2019 04:58:17.714 GMT+0100,157.908,157.874,0.0205,0.0195
11.12.2019 04:58:57.506 GMT+0100,157.939,157.905,0.0205,0.0195
11.12.2019 04:59:00.375 GMT+0100,157.938,157.906,0.0154,0.0146
11.12.2019 04:59:07.211 GMT+0100,157.939,157.905,0.0154,0.0146
11.12.2019 04:59:26.602 GMT+0100,157.938,157.906,0.0154,0.0146
11.12.2019 04:59:37.381 GMT+0100,157.938,157.906,1.03,0.0146
11.12.2019 04:59:37.431 GMT+0100,157.907,157.875,0.0154,0.0146
11.12.2019 04:59:44.650 GMT+0100,157.907,157.877,0.0154,0.75
11.12.2019 04:59:51.151 GMT+0100,157.907,157.888,0.0154,0.75
11.12.2019 04:59:51.201 GMT+0100,157.923,157.89100000000002,0.0154,0.0146
11.12.2019 04:59:51.423 GMT+0100,157.939,157.905,0.0154,0.0146
11.12.2019 04:59:53.066 GMT+0100,157.938,157.906,0.0154,0.0146
11.12.2019 04:59:53.777 GMT+0100,157.907,157.888,0.0154,0.75
11.12.2019 04:59:53.893 GMT+0100,157.907,157.875,0.0154,0.0146
11.12.2019 05:01:02.578 GMT+0100,157.908,157.874,0.0205,0.0195
11.12.2019 05:01:25.313 GMT+0100,157.907,157.875,0.0205,0.0195
11.12.2019 05:01:52.524 GMT+0100,157.908,157.874,0.0205,0.0195
11.12.2019 05:04:20.197 GMT+0100,157.907,157.875,0.0205,0.0195
11.12.2019 05:04:20.798 GMT+0100,157.908,157.874,0.0205,0.0195
11.12.2019 05:04:41.517 GMT+0100,157.938,157.906,0.0205,0.0195
11.12.2019 05:04:43.082 GMT+0100,157.939,157.905,0.0154,0.0146
11.12.2019 05:06:29.848 GMT+0100,157.907,157.875,0.0205,0.0195
11.12.2019 05:06:35.509 GMT+0100,157.908,157.874,0.0154,0.0146
11.12.2019 05:08:02.107 GMT+0100,157.908,157.874,0.0205,0.0195
11.12.2019 05:08:14.592 GMT+0100,157.907,157.875,0.0205,0.0195
11.12.2019 05:08:52.594 GMT+0100,157.908,157.874,0.0205,0.0195
11.12.2019 05:09:09.801 GMT+0100,157.907,157.875,0.0205,0.0195
11.12.2019 05:09:20.631 GMT+0100,157.908,157.874,0.0205,0.0195
11.12.2019 05:10:14.105 GMT+0100,157.876,157.844,0.0205,0.0195
11.12.2019 05:11:06.341 GMT+0100,157.908,157.874,1.03,0.0146
11.12.2019 05:11:06.391 GMT+0100,157.908,157.874,0.0154,0.0146
11.12.2019 05:11:37.137 GMT+0100,157.907,157.875,0.0154,0.0146
11.12.2019 05:11:46.341 GMT+0100,157.908,157.874,0.0154,0.0146
11.12.2019 05:12:00.652 GMT+0100,157.907,157.875,0.0154,0.0146
11.12.2019 05:12:21.642 GMT+0100,157.908,157.874,0.0205,0.0195
11.12.2019 05:12:29.905 GMT+0100,157.907,157.875,0.0205,0.0195
11.12.2019 05:13:41.649 GMT+0100,157.908,157.874,0.0205,0.0195
11.12.2019 05:14:10.061 GMT+0100,157.907,157.875,0.0205,0.0195
11.12.2019 05:14:23.244 GMT+0100,157.908,157.874,0.0205,0.0195
11.12.2019 05:15:18.808 GMT+0100,157.907,157.875,0.0205,0.0195
11.12.2019 05:18:17.113 GMT+0100,157.907,157.875,0.0205,0.0195
11.12.2019 05:18:24.400 GMT+0100,157.908,157.874,0.0205,0.0195
11.12.2019 05:18:52.517 GMT+0100,157.907,157.875,0.0205,0.0195
11.12.2019 05:18:52.804 GMT+0100,157.908,157.874,0.0205,0.0195
11.12.2019 05:19:20.008 GMT+0100,157.907,157.875,0.0205,0.0195
11.12.2019 05:19:20.150 GMT+0100,157.939,157.905,0.0205,0.0195
11.12.2019 05:19:42.124 GMT+0100,157.938,157.906,0.0154,0.0146
11.12.2019 05:20:52.598 GMT+0100,157.938,157.906,0.0205,0.0195
11.12.2019 05:20:56.272 GMT+0100,157.939,157.905,0.0205,0.0195
11.12.2019 05:21:51.280 GMT+0100,157.907,157.875,0.0205,0.0195
11.12.2019 05:23:22.557 GMT+0100,157.907,157.875,0.0205,0.0195
11.12.2019 05:24:21.827 GMT+0100,157.908,157.874,0.0205,0.0195
11.12.2019 05:24:34.294 GMT+0100,157.907,157.875,0.0205,0.0195
11.12.2019 05:24:59.309 GMT+0100,157.876,157.844,0.0205,0.0195
11.12.2019 05:25:00.009 GMT+0100,157.907,157.875,0.0205,0.0195
11.12.2019 05:25:00.714 GMT+0100,157.908,157.874,0.0205,0.0195
11.12.2019 05:25:15.903 GMT+0100,157.907,157.875,0.0205,0.0195
11.12.2019 05:25:24.107 GMT+0100,157.908,157.874,0.0205,0.0195
11.12.2019 05:25:26.888 GMT+0100,157.877,157.843,0.0205,0.0195
11.12.2019 05:25:30.707 GMT+0100,157.907,157.875,1.03,0.0146
11.12.2019 05:25:30.834 GMT+0100,157.907,157.875,0.0154,0.0146
11.12.2019 05:28:19.431 GMT+0100,157.907,157.875,0.0205,0.0195
11.12.2019 05:29:07.087 GMT+0100,157.877,157.843,0.0205,0.0195
11.12.2019 05:29:07.181 GMT+0100,157.907,157.875,0.0205,0.0195
11.12.2019 05:29:08.014 GMT+0100,157.908,157.874,0.0205,0.0195
11.12.2019 05:29:12.338 GMT+0100,157.907,157.875,0.0205,0.0195
11.12.2019 05:29:18.740 GMT+0100,157.876,157.844,0.0205,0.0195
11.12.2019 05:29:18.848 GMT+0100,157.876,157.84799999999998,0.0154,0.75
11.12.2019 05:29:18.899 GMT+0100,157.89200000000002,157.86,0.0154,0.0146
11.12.2019 05:29:19.058 GMT+0100,157.907,157.875,0.0154,0.0146
11.12.2019 05:29:28.050 GMT+0100,157.877,157.858,0.0154,0.75
11.12.2019 05:29:28.176 GMT+0100,157.877,157.843,0.0154,0.0146
11.12.2019 05:29:33.890 GMT+0100,157.876,157.844,0.0154,0.0146
11.12.2019 05:30:01.594 GMT+0100,157.877,157.843,0.0154,0.0146
11.12.2019 05:31:08.044 GMT+0100,157.876,157.844,0.0205,0.0195
11.12.2019 05:31:39.555 GMT+0100,157.877,157.843,0.0205,0.0195
11.12.2019 05:32:30.431 GMT+0100,157.876,157.844,0.0205,0.0195
11.12.2019 05:33:06.894 GMT+0100,157.877,157.843,0.0205,0.0195
11.12.2019 05:33:33.161 GMT+0100,157.876,157.844,0.0205,0.0195
11.12.2019 05:33:41.786 GMT+0100,157.845,157.813,0.0205,0.0195
11.12.2019 05:33:42.029 GMT+0100,157.86100000000002,157.827,0.0154,0.0146
11.12.2019 05:33:42.226 GMT+0100,157.845,157.813,0.0154,0.0146
11.12.2019 05:33:57.105 GMT+0100,157.846,157.812,0.0154,0.0146
11.12.2019 05:33:59.810 GMT+0100,157.877,157.843,1.03,0.0146
11.12.2019 05:33:59.870 GMT+0100,157.877,157.843,0.0154,0.0146
11.12.2019 05:34:00.031 GMT+0100,157.877,157.843,1.03,0.0146
11.12.2019 05:34:00.112 GMT+0100,157.86100000000002,157.827,0.0154,0.0146
11.12.2019 05:34:07.826 GMT+0100,157.877,157.843,0.0154,0.0146
11.12.2019 05:34:07.929 GMT+0100,157.876,157.844,0.0154,0.0146
11.12.2019 05:34:26.851 GMT+0100,157.845,157.827,0.0154,0.75
11.12.2019 05:34:26.981 GMT+0100,157.845,157.813,0.0154,0.0146
11.12.2019 05:34:32.995 GMT+0100,157.877,157.843,1.03,0.0146
11.12.2019 05:34:33.109 GMT+0100,157.877,157.843,0.0154,0.0146
11.12.2019 05:34:37.797 GMT+0100,157.876,157.844,0.0154,0.0146
11.12.2019 05:34:37.847 GMT+0100,157.845,157.827,0.0154,0.75
11.12.2019 05:34:37.949 GMT+0100,157.845,157.813,0.0154,0.0146
11.12.2019 05:34:38.867 GMT+0100,157.846,157.812,0.0154,0.0146
11.12.2019 05:34:41.043 GMT+0100,157.876,157.844,1.03,0.0146
11.12.2019 05:34:41.094 GMT+0100,157.876,157.844,0.0154,0.0146
11.12.2019 05:34:51.933 GMT+0100,157.845,157.827,0.0154,0.75
11.12.2019 05:34:51.988 GMT+0100,157.845,157.813,0.0154,0.0146
11.12.2019 05:34:52.820 GMT+0100,157.846,157.812,0.0154,0.0146
11.12.2019 05:35:04.644 GMT+0100,157.846,157.828,0.0154,0.75
11.12.2019 05:35:04.744 GMT+0100,157.876,157.844,0.0154,0.0146
11.12.2019 05:35:04.808 GMT+0100,157.846,157.828,0.0154,0.75
11.12.2019 05:35:04.858 GMT+0100,157.846,157.812,0.0154,0.0146
11.12.2019 05:35:05.856 GMT+0100,157.845,157.813,0.0154,0.0146
11.12.2019 05:35:14.071 GMT+0100,157.845,157.827,0.0154,0.75
11.12.2019 05:35:14.152 GMT+0100,157.877,157.843,0.0154,0.0146
11.12.2019 05:35:32.554 GMT+0100,157.876,157.844,0.0154,0.0146
11.12.2019 05:38:12.032 GMT+0100,157.876,157.844,0.0205,0.0195
11.12.2019 05:40:55.228 GMT+0100,157.877,157.843,0.0205,0.0195
11.12.2019 05:43:12.197 GMT+0100,157.846,157.812,0.0205,0.0195
11.12.2019 05:43:14.521 GMT+0100,157.845,157.813,0.0154,0.0146
11.12.2019 05:43:21.371 GMT+0100,157.845,157.827,0.0154,0.75
11.12.2019 05:43:21.451 GMT+0100,157.876,157.844,0.0154,0.0146
11.12.2019 05:43:54.705 GMT+0100,157.877,157.843,0.0154,0.0146
11.12.2019 05:44:55.383 GMT+0100,157.876,157.844,0.0205,0.0195
11.12.2019 05:47:25.831 GMT+0100,157.877,157.843,0.0205,0.0195
11.12.2019 05:47:32.629 GMT+0100,157.876,157.844,0.0205,0.0195
11.12.2019 05:49:07.976 GMT+0100,157.877,157.843,0.0205,0.0195
11.12.2019 05:49:12.156 GMT+0100,157.845,157.813,0.0205,0.0195
11.12.2019 05:49:42.417 GMT+0100,157.846,157.812,0.0154,0.0146
11.12.2019 05:51:09.440 GMT+0100,157.846,157.812,0.0205,0.0195
11.12.2019 05:53:23.311 GMT+0100,157.845,157.813,0.0205,0.0195
11.12.2019 05:54:04.148 GMT+0100,157.846,157.812,0.0205,0.0195
11.12.2019 05:54:05.578 GMT+0100,157.845,157.813,0.0205,0.0195
11.12.2019 05:54:40.383 GMT+0100,157.846,157.812,0.0205,0.0195
11.12.2019 05:55:10.189 GMT+0100,157.877,157.843,0.0205,0.0195
11.12.2019 05:55:13.481 GMT+0100,157.876,157.844,0.0154,0.0146
11.12.2019 05:59:19.902 GMT+0100,157.845,157.813,0.0205,0.0195
11.12.2019 05:59:21.216 GMT+0100,157.877,157.843,0.0205,0.0195
11.12.2019 06:00:13.082 GMT+0100,157.876,157.844,0.0205,0.0195
11.12.2019 06:01:02.861 GMT+0100,157.877,157.843,0.0205,0.0195
11.12.2019 06:01:11.983 GMT+0100,157.876,157.844,0.0205,0.0195
11.12.2019 06:01:41.654 GMT+0100,157.877,157.843,0.0205,0.0195
11.12.2019 06:02:59.275 GMT+0100,157.877,157.843,0.0205,0.0195
11.12.2019 06:03:00.526 GMT+0100,157.876,157.844,0.0205,0.0195
11.12.2019 06:03:45.176 GMT+0100,157.877,157.843,0.0205,0.0195
11.12.2019 06:03:45.914 GMT+0100,157.876,157.844,0.0205,0.0195
11.12.2019 06:03:49.219 GMT+0100,157.877,157.843,0.0205,0.0195
11.12.2019 06:03:49.875 GMT+0100,157.845,157.813,0.0205,0.0195
11.12.2019 06:04:03.776 GMT+0100,157.846,157.812,0.0205,0.0195
11.12.2019 06:04:51.651 GMT+0100,157.845,157.813,0.0154,0.0146
11.12.2019 06:04:54.566 GMT+0100,157.877,157.843,1.03,0.0146
11.12.2019 06:04:54.647 GMT+0100,157.877,157.843,0.0154,0.0146
11.12.2019 06:04:56.252 GMT+0100,157.846,157.828,0.0154,0.75
11.12.2019 06:04:56.302 GMT+0100,157.846,157.812,0.0154,0.0146
11.12.2019 06:04:56.844 GMT+0100,157.86,157.828,0.0154,0.0146
11.12.2019 06:04:57.159 GMT+0100,157.86100000000002,157.827,0.0154,0.0146
11.12.2019 06:04:57.524 GMT+0100,157.846,157.812,0.0154,0.0146
11.12.2019 06:04:57.742 GMT+0100,157.845,157.813,0.0154,0.0146
11.12.2019 06:05:18.064 GMT+0100,157.846,157.812,0.0154,0.0146
11.12.2019 06:05:51.211 GMT+0100,157.876,157.844,1.03,0.0146
11.12.2019 06:05:51.314 GMT+0100,157.876,157.844,0.0154,0.0146
11.12.2019 06:05:54.187 GMT+0100,157.877,157.843,0.0154,0.0146
11.12.2019 06:07:08.116 GMT+0100,157.876,157.844,0.0205,0.0195
11.12.2019 06:07:21.706 GMT+0100,157.876,157.844,1.03,0.0146
11.12.2019 06:07:21.756 GMT+0100,157.845,157.813,0.0154,0.0146
11.12.2019 06:07:23.635 GMT+0100,157.846,157.812,0.0154,0.0146
11.12.2019 06:07:23.719 GMT+0100,157.877,157.843,1.03,0.0146
11.12.2019 06:07:23.778 GMT+0100,157.877,157.843,0.0154,0.0146
11.12.2019 06:07:24.313 GMT+0100,157.876,157.844,0.0154,0.0146
11.12.2019 06:08:56.657 GMT+0100,157.877,157.843,0.0205,0.0195
11.12.2019 06:10:22.596 GMT+0100,157.877,157.843,1.03,0.0146
11.12.2019 06:10:23.501 GMT+0100,157.877,157.843,1.03,0.0146
11.12.2019 06:10:23.551 GMT+0100,157.845,157.813,0.0154,0.0146
11.12.2019 06:10:39.787 GMT+0100,157.877,157.843,1.03,0.0146
11.12.2019 06:10:39.911 GMT+0100,157.877,157.843,0.0154,0.0146
11.12.2019 06:10:44.577 GMT+0100,157.876,157.844,0.0154,0.0146
11.12.2019 06:11:03.395 GMT+0100,157.845,157.827,0.0154,0.75
11.12.2019 06:11:03.524 GMT+0100,157.845,157.813,0.0154,0.0146
11.12.2019 06:11:06.410 GMT+0100,157.846,157.812,0.0154,0.0146
11.12.2019 06:11:39.763 GMT+0100,157.845,157.813,0.0154,0.0146
11.12.2019 06:11:56.679 GMT+0100,157.846,157.812,0.0154,0.0146
11.12.2019 06:12:00.756 GMT+0100,157.845,157.813,0.0154,0.0146
11.12.2019 06:13:00.986 GMT+0100,157.877,157.843,0.0205,0.0195
11.12.2019 06:13:03.264 GMT+0100,157.876,157.844,0.0154,0.0146
11.12.2019 06:13:09.533 GMT+0100,157.877,157.843,0.0154,0.0146
11.12.2019 06:13:23.816 GMT+0100,157.876,157.844,0.0154,0.0146
11.12.2019 06:13:24.065 GMT+0100,157.877,157.843,0.0154,0.0146
11.12.2019 06:13:30.856 GMT+0100,157.876,157.844,0.0154,0.0146
11.12.2019 06:15:55.808 GMT+0100,157.876,157.844,0.0205,0.0195
11.12.2019 06:16:10.304 GMT+0100,157.86,157.828,0.0205,0.0195
11.12.2019 06:16:10.546 GMT+0100,157.845,157.813,0.0154,0.0146
11.12.2019 06:16:10.674 GMT+0100,157.846,157.812,0.0154,0.0146
11.12.2019 06:16:51.194 GMT+0100,157.876,157.844,1.03,0.0146
11.12.2019 06:16:51.304 GMT+0100,157.876,157.844,0.0154,0.0146
11.12.2019 06:18:01.519 GMT+0100,157.877,157.843,0.0205,0.0195
11.12.2019 06:19:13.637 GMT+0100,157.876,157.844,0.0205,0.0195
11.12.2019 06:20:35.722 GMT+0100,157.876,157.844,0.0205,0.0195
11.12.2019 06:21:14.224 GMT+0100,157.877,157.843,0.0205,0.0195
11.12.2019 06:21:23.664 GMT+0100,157.876,157.844,0.0205,0.0195
11.12.2019 06:21:23.723 GMT+0100,157.908,157.874,0.0205,0.0195
11.12.2019 06:21:26.549 GMT+0100,157.907,157.875,0.0154,0.0146
11.12.2019 06:23:51.910 GMT+0100,157.877,157.843,0.0205,0.0195
11.12.2019 06:23:51.961 GMT+0100,157.908,157.874,0.0205,0.0195
11.12.2019 06:25:52.967 GMT+0100,157.91299999999998,157.847,1,1
11.12.2019 06:25:53.126 GMT+0100,157.89200000000002,157.86,0.0154,0.0146
11.12.2019 06:25:53.215 GMT+0100,157.908,157.874,0.0154,0.0146
11.12.2019 06:27:04.955 GMT+0100,157.907,157.875,0.0205,0.0195
11.12.2019 06:27:06.189 GMT+0100,157.908,157.874,0.0205,0.0195
11.12.2019 06:27:08.447 GMT+0100,157.907,157.875,0.0205,0.0195
11.12.2019 06:27:08.549 GMT+0100,157.938,157.906,0.0205,0.0195
11.12.2019 06:27:11.358 GMT+0100,157.939,157.905,0.0154,0.0146
11.12.2019 06:27:53.167 GMT+0100,157.938,157.906,0.0154,0.0146
11.12.2019 06:28:19.630 GMT+0100,157.907,157.875,0.0205,0.0195
11.12.2019 06:28:19.750 GMT+0100,157.907,157.877,0.0154,0.75
11.12.2019 06:28:19.825 GMT+0100,157.923,157.89100000000002,0.0154,0.0146
11.12.2019 06:28:19.962 GMT+0100,157.939,157.905,0.0154,0.0146
11.12.2019 06:28:20.687 GMT+0100,157.938,157.906,0.0154,0.0146
11.12.2019 06:28:23.446 GMT+0100,157.939,157.905,0.0154,0.0146
11.12.2019 06:28:33.764 GMT+0100,157.938,157.906,0.0154,0.0146
11.12.2019 06:28:42.639 GMT+0100,157.939,157.905,0.0154,0.0146
11.12.2019 06:29:18.871 GMT+0100,157.938,157.906,0.0154,0.0146
11.12.2019 06:30:00.953 GMT+0100,157.939,157.905,0.0205,0.0195
11.12.2019 06:30:48.530 GMT+0100,157.938,157.906,0.0205,0.0195
11.12.2019 06:32:06.238 GMT+0100,157.938,157.906,0.0205,0.0195
11.12.2019 06:32:07.366 GMT+0100,157.924,157.89000000000001,0.0154,0.0146
11.12.2019 06:32:07.642 GMT+0100,157.907,157.878,0.0154,0.75
11.12.2019 06:32:07.692 GMT+0100,157.907,157.875,0.0154,0.0146
11.12.2019 06:32:36.950 GMT+0100,157.939,157.905,1.03,0.0146
11.12.2019 06:32:37.038 GMT+0100,157.939,157.905,0.0154,0.0146
11.12.2019 06:32:39.869 GMT+0100,157.938,157.906,0.0154,0.0146
11.12.2019 06:32:47.659 GMT+0100,157.924,157.89000000000001,0.0154,0.0146
11.12.2019 06:32:47.710 GMT+0100,157.924,157.89000000000001,1.03,0.0146
11.12.2019 06:32:52.664 GMT+0100,157.907,157.875,0.0154,0.0146
11.12.2019 06:33:22.279 GMT+0100,157.908,157.874,0.0154,0.0146
11.12.2019 06:35:00.838 GMT+0100,157.907,157.875,0.0205,0.0195
11.12.2019 06:35:26.704 GMT+0100,157.908,157.874,0.0205,0.0195
11.12.2019 06:36:13.374 GMT+0100,157.907,157.875,0.0205,0.0195
11.12.2019 06:36:14.652 GMT+0100,157.939,157.905,0.0205,0.0195
11.12.2019 06:36:23.360 GMT+0100,157.938,157.906,0.0154,0.0146
11.12.2019 06:36:23.425 GMT+0100,157.908,157.888,0.0154,0.75
11.12.2019 06:36:23.504 GMT+0100,157.908,157.874,0.0154,0.0146
11.12.2019 06:36:36.202 GMT+0100,157.907,157.875,0.0154,0.0146
11.12.2019 06:36:57.536 GMT+0100,157.939,157.905,1.03,0.0146
11.12.2019 06:36:57.651 GMT+0100,157.939,157.905,0.0154,0.0146
11.12.2019 06:38:58.624 GMT+0100,157.907,157.875,0.0205,0.0195
11.12.2019 06:39:12.299 GMT+0100,157.938,157.906,1.03,0.0146
11.12.2019 06:39:12.410 GMT+0100,157.938,157.906,0.0154,0.0146
11.12.2019 06:39:52.996 GMT+0100,157.938,157.906,1.03,0.0146
11.12.2019 06:39:53.079 GMT+0100,157.907,157.875,0.0154,0.0146
11.12.2019 06:39:55.211 GMT+0100,157.908,157.874,0.0154,0.0146
11.12.2019 06:40:59.839 GMT+0100,157.907,157.875,0.0205,0.0195
11.12.2019 06:41:18.381 GMT+0100,157.938,157.906,0.0205,0.0195
11.12.2019 06:41:18.909 GMT+0100,157.939,157.905,0.0154,0.0146
11.12.2019 06:41:20.741 GMT+0100,157.938,157.906,0.0154,0.0146
11.12.2019 06:41:22.012 GMT+0100,157.939,157.905,0.0154,0.0146
11.12.2019 06:41:28.994 GMT+0100,157.938,157.906,0.0154,0.0146
11.12.2019 06:41:31.694 GMT+0100,157.939,157.905,0.0154,0.0146
11.12.2019 06:41:40.697 GMT+0100,157.938,157.906,0.0154,0.0146
11.12.2019 06:43:30.747 GMT+0100,157.939,157.905,0.0205,0.0195
11.12.2019 06:43:53.082 GMT+0100,157.938,157.906,0.0205,0.0195
11.12.2019 06:44:32.036 GMT+0100,157.939,157.905,0.0205,0.0195
11.12.2019 06:45:22.058 GMT+0100,157.938,157.906,0.0205,0.0195
11.12.2019 06:45:59.287 GMT+0100,157.939,157.905,0.0205,0.0195
11.12.2019 06:46:02.836 GMT+0100,157.938,157.906,0.0205,0.0195
11.12.2019 06:46:03.518 GMT+0100,157.939,157.905,0.0205,0.0195
11.12.2019 06:46:07.829 GMT+0100,157.938,157.906,0.0205,0.0195
11.12.2019 06:46:11.186 GMT+0100,157.939,157.905,0.0205,0.0195
11.12.2019 06:46:25.021 GMT+0100,157.938,157.906,0.0205,0.0195
11.12.2019 06:46:44.605 GMT+0100,157.939,157.905,0.0205,0.0195
11.12.2019 06:46:45.184 GMT+0100,157.938,157.906,0.0205,0.0195
11.12.2019 06:46:48.419 GMT+0100,157.939,157.905,0.0205,0.0195
11.12.2019 06:46:48.548 GMT+0100,157.938,157.906,0.0205,0.0195
