Local time,Ask,Bid,AskVolume,BidVolume
28.04.2021 00:00:00.079 GMT+0200,1.20898,1.20893,0.75,0.75
28.04.2021 00:00:00.231 GMT+0200,1.20897,1.20893,0.75,0.75
28.04.2021 00:00:00.333 GMT+0200,1.20898,1.20893,0.75,0.75
28.04.2021 00:00:00.536 GMT+0200,1.20899,1.20893,0.75,0.75
28.04.2021 00:00:01.081 GMT+0200,1.2090100000000001,1.20893,0.75,0.75
28.04.2021 00:00:01.132 GMT+0200,1.209,1.20895,0.75,0.75
28.04.2021 00:00:01.284 GMT+0200,1.2090100000000001,1.20895,0.75,0.75
28.04.2021 00:00:03.217 GMT+0200,1.209,1.20895,0.27,0.75
28.04.2021 00:00:03.470 GMT+0200,1.20898,1.20896,0.27,0.75
28.04.2021 00:00:03.910 GMT+0200,1.20898,1.20895,0.27,0.75
28.04.2021 00:00:04.165 GMT+0200,1.20897,1.20895,0.27,0.75
28.04.2021 00:00:04.448 GMT+0200,1.20898,1.20893,0.19,0.75
28.04.2021 00:00:04.878 GMT+0200,1.20897,1.20893,0.19,0.75
28.04.2021 00:00:05.148 GMT+0200,1.20896,1.20893,0.19,0.75
28.04.2021 00:00:05.370 GMT+0200,1.20895,1.20893,0.19,0.75
28.04.2021 00:00:05.843 GMT+0200,1.20899,1.20893,0.75,0.75
28.04.2021 00:00:06.117 GMT+0200,1.20893,1.2088700000000001,0.19,0.45
28.04.2021 00:00:06.320 GMT+0200,1.2089200000000002,1.2088700000000001,0.19,0.075
28.04.2021 00:00:06.472 GMT+0200,1.2090100000000001,1.20897,1.57,0.75
28.04.2021 00:00:06.725 GMT+0200,1.209,1.20897,0.75,0.75
28.04.2021 00:00:06.827 GMT+0200,1.2090200000000002,1.20897,0.75,0.75
28.04.2021 00:00:07.711 GMT+0200,1.209,1.20895,0.75,0.75
28.04.2021 00:00:09.139 GMT+0200,1.20897,1.20896,0.75,0.75
28.04.2021 00:00:09.450 GMT+0200,1.20898,1.2089200000000002,0.75,1.5
28.04.2021 00:00:11.443 GMT+0200,1.20899,1.2089200000000002,0.75,1.5
28.04.2021 00:00:14.691 GMT+0200,1.209,1.20895,0.75,0.75
28.04.2021 00:00:14.793 GMT+0200,1.209,1.20896,0.75,0.45
28.04.2021 00:00:14.895 GMT+0200,1.2090100000000001,1.20895,0.75,0.75
28.04.2021 00:00:14.997 GMT+0200,1.20903,1.20897,1.12,0.075
28.04.2021 00:00:15.099 GMT+0200,1.20903,1.20899,1.87,0.75
28.04.2021 00:00:15.150 GMT+0200,1.20903,1.20897,1.12,0.75
28.04.2021 00:00:15.201 GMT+0200,1.20903,1.20899,1.12,0.45
28.04.2021 00:00:15.303 GMT+0200,1.20903,1.2090100000000001,0.75,0.94
28.04.2021 00:00:15.354 GMT+0200,1.20903,1.20899,1.12,1.2
28.04.2021 00:00:15.404 GMT+0200,1.2090100000000001,1.20899,0.75,0.75
28.04.2021 00:00:15.455 GMT+0200,1.2090100000000001,1.20896,0.75,0.75
28.04.2021 00:00:15.506 GMT+0200,1.20903,1.20896,1.87,0.75
28.04.2021 00:00:16.219 GMT+0200,1.2090200000000002,1.20896,0.75,0.75
28.04.2021 00:00:16.465 GMT+0200,1.2090100000000001,1.20896,0.75,0.75
28.04.2021 00:00:16.566 GMT+0200,1.2090100000000001,1.20895,0.75,1.2
28.04.2021 00:00:16.668 GMT+0200,1.2090200000000002,1.20895,1.87,1.2
28.04.2021 00:00:18.317 GMT+0200,1.20906,1.209,0.37,1.5
28.04.2021 00:00:19.871 GMT+0200,1.20906,1.20903,0.37,0.75
28.04.2021 00:00:23.281 GMT+0200,1.20908,1.2090200000000002,0.19,0.75
28.04.2021 00:00:23.382 GMT+0200,1.20906,1.2090200000000002,0.37,1.5
28.04.2021 00:00:23.484 GMT+0200,1.20906,1.2090400000000001,0.37,0.75
28.04.2021 00:00:23.585 GMT+0200,1.20906,1.20903,0.37,0.75
28.04.2021 00:00:23.839 GMT+0200,1.20906,1.2090400000000001,0.37,0.75
28.04.2021 00:00:24.194 GMT+0200,1.2091,1.20905,0.75,0.82
28.04.2021 00:00:24.245 GMT+0200,1.20913,1.2091100000000001,0.75,0.75
28.04.2021 00:00:24.599 GMT+0200,1.20915,1.2091100000000001,0.19,0.75
28.04.2021 00:00:29.826 GMT+0200,1.2091200000000002,1.20909,0.75,0.75
28.04.2021 00:00:31.146 GMT+0200,1.20915,1.2091100000000001,0.19,0.75
28.04.2021 00:00:33.304 GMT+0200,1.20913,1.2091100000000001,0.75,0.75
28.04.2021 00:00:33.355 GMT+0200,1.2091,1.20906,0.75,0.75
28.04.2021 00:00:35.395 GMT+0200,1.2091100000000001,1.20906,0.75,0.75
28.04.2021 00:00:35.547 GMT+0200,1.20913,1.2091100000000001,0.75,0.75
28.04.2021 00:00:51.402 GMT+0200,1.20908,1.20906,1.12,0.75
28.04.2021 00:00:51.454 GMT+0200,1.20908,1.2090400000000001,1.12,0.075
28.04.2021 00:00:51.556 GMT+0200,1.20908,1.20903,1.12,0.75
28.04.2021 00:00:56.693 GMT+0200,1.20908,1.2090200000000002,1.87,0.75
28.04.2021 00:01:00.326 GMT+0200,1.20907,1.2090200000000002,0.75,0.75
28.04.2021 00:01:08.232 GMT+0200,1.20908,1.2090200000000002,1.12,0.75
28.04.2021 00:01:11.387 GMT+0200,1.20907,1.2090200000000002,0.75,0.75
28.04.2021 00:01:12.052 GMT+0200,1.20907,1.20903,0.75,0.75
28.04.2021 00:01:12.516 GMT+0200,1.20907,1.20906,0.75,0.75
28.04.2021 00:01:13.582 GMT+0200,1.20908,1.2090400000000001,0.75,0.75
28.04.2021 00:01:13.842 GMT+0200,1.20909,1.2090400000000001,0.37,0.75
28.04.2021 00:01:13.893 GMT+0200,1.20907,1.2090400000000001,0.75,0.75
28.04.2021 00:01:14.045 GMT+0200,1.20907,1.20903,0.75,0.75
28.04.2021 00:01:14.488 GMT+0200,1.20906,1.20903,0.75,0.75
28.04.2021 00:01:17.357 GMT+0200,1.20907,1.20903,0.75,0.75
28.04.2021 00:01:18.012 GMT+0200,1.20906,1.20903,0.75,0.75
28.04.2021 00:01:18.424 GMT+0200,1.20907,1.20903,0.75,0.75
28.04.2021 00:01:24.392 GMT+0200,1.20906,1.20903,0.94,0.75
28.04.2021 00:01:40.718 GMT+0200,1.20907,1.20903,0.75,0.75
28.04.2021 00:01:45.084 GMT+0200,1.20907,1.20898,1.12,2.32
28.04.2021 00:01:45.410 GMT+0200,1.20907,1.20899,1.12,1.12
28.04.2021 00:01:47.301 GMT+0200,1.20907,1.2090100000000001,0.37,0.37
28.04.2021 00:01:47.403 GMT+0200,1.20907,1.2090400000000001,0.37,0.37
28.04.2021 00:01:47.504 GMT+0200,1.20908,1.2090100000000001,0.37,3.07
28.04.2021 00:01:47.707 GMT+0200,1.20908,1.2090200000000002,0.37,0.075
28.04.2021 00:01:47.959 GMT+0200,1.20908,1.20903,0.37,0.075
28.04.2021 00:01:48.128 GMT+0200,1.20908,1.2090200000000002,0.37,0.075
28.04.2021 00:01:48.290 GMT+0200,1.20909,1.20903,0.75,0.75
28.04.2021 00:01:48.392 GMT+0200,1.2091200000000002,1.2090400000000001,0.75,1.87
28.04.2021 00:01:48.594 GMT+0200,1.2091200000000002,1.20905,1.12,0.75
28.04.2021 00:01:48.696 GMT+0200,1.2091100000000001,1.20905,0.37,0.75
28.04.2021 00:01:53.363 GMT+0200,1.2091100000000001,1.2090400000000001,1.12,0.37
28.04.2021 00:01:56.115 GMT+0200,1.2091,1.2090400000000001,1.12,0.37
28.04.2021 00:01:56.216 GMT+0200,1.2091,1.2090200000000002,2.44,1.12
28.04.2021 00:01:56.317 GMT+0200,1.20909,1.2090100000000001,1.12,0.75
28.04.2021 00:01:56.469 GMT+0200,1.20909,1.209,1.12,1.12
28.04.2021 00:01:57.019 GMT+0200,1.20909,1.2090100000000001,1.12,0.37
28.04.2021 00:01:58.596 GMT+0200,1.20908,1.2090100000000001,0.37,0.37
28.04.2021 00:02:03.220 GMT+0200,1.20907,1.209,3,3.37
28.04.2021 00:02:03.943 GMT+0200,1.20907,1.2090100000000001,3,0.37
28.04.2021 00:02:04.044 GMT+0200,1.20908,1.2090100000000001,0.37,0.37
28.04.2021 00:02:10.892 GMT+0200,1.20908,1.2090400000000001,3.37,0.37
28.04.2021 00:02:50.505 GMT+0200,1.20908,1.20905,0.15,3
28.04.2021 00:02:52.904 GMT+0200,1.20908,1.2090400000000001,0.15,4.5
28.04.2021 00:02:52.955 GMT+0200,1.2091,1.2090400000000001,1.5,4.12
28.04.2021 00:02:53.744 GMT+0200,1.20909,1.2090400000000001,4.87,5.62
28.04.2021 00:02:55.985 GMT+0200,1.20909,1.20903,0.37,5.62
28.04.2021 00:02:58.919 GMT+0200,1.2091,1.20903,4.87,5.62
28.04.2021 00:03:04.039 GMT+0200,1.20907,1.2090400000000001,0.37,5.62
28.04.2021 00:03:04.540 GMT+0200,1.20907,1.20903,0.37,3
28.04.2021 00:03:04.655 GMT+0200,1.20908,1.20903,0.37,3
28.04.2021 00:03:04.958 GMT+0200,1.20907,1.20903,0.37,3.37
28.04.2021 00:03:09.019 GMT+0200,1.20908,1.2090100000000001,1.12,3.56
28.04.2021 00:03:18.942 GMT+0200,1.20908,1.2090200000000002,0.37,0.37
28.04.2021 00:03:19.044 GMT+0200,1.20908,1.2090100000000001,4.12,3.37
28.04.2021 00:03:40.573 GMT+0200,1.20908,1.2090200000000002,3.75,0.75
28.04.2021 00:03:40.674 GMT+0200,1.20907,1.20905,0.37,0.37
28.04.2021 00:03:42.913 GMT+0200,1.2091100000000001,1.20905,0.75,1.5
28.04.2021 00:03:43.015 GMT+0200,1.2091200000000002,1.20906,4.5,3
28.04.2021 00:03:43.370 GMT+0200,1.2091100000000001,1.20905,0.75,4.12
28.04.2021 00:03:46.904 GMT+0200,1.2091100000000001,1.20906,0.75,4.12
28.04.2021 00:03:48.423 GMT+0200,1.2091200000000002,1.20906,3.75,4.87
28.04.2021 00:03:48.542 GMT+0200,1.2091200000000002,1.20907,3.75,0.37
28.04.2021 00:03:48.643 GMT+0200,1.20913,1.20907,3.37,3.37
28.04.2021 00:03:49.885 GMT+0200,1.2091200000000002,1.20906,3.75,4.12
28.04.2021 00:03:49.987 GMT+0200,1.20913,1.20907,3.75,3
28.04.2021 00:03:53.137 GMT+0200,1.20913,1.20909,0.37,0.37
28.04.2021 00:03:58.158 GMT+0200,1.20909,1.20905,1.69,14.07
28.04.2021 00:03:58.361 GMT+0200,1.20909,1.2090100000000001,0.75,0.75
28.04.2021 00:03:58.614 GMT+0200,1.20909,1.209,0.75,5.25
28.04.2021 00:03:59.115 GMT+0200,1.20909,1.2090100000000001,0.75,0.37
28.04.2021 00:04:00.249 GMT+0200,1.20908,1.2090100000000001,0.37,0.37
28.04.2021 00:04:05.856 GMT+0200,1.20908,1.209,1.12,4.87
28.04.2021 00:04:08.211 GMT+0200,1.20907,1.209,0.75,4.87
28.04.2021 00:04:09.474 GMT+0200,1.20906,1.209,1.12,3
28.04.2021 00:04:10.722 GMT+0200,1.2090400000000001,1.2090100000000001,0.75,3
28.04.2021 00:04:12.242 GMT+0200,1.2090400000000001,1.209,1.5,1.12
28.04.2021 00:04:14.067 GMT+0200,1.2090400000000001,1.2090200000000002,1.5,0.75
28.04.2021 00:04:14.976 GMT+0200,1.20905,1.20903,0.75,0.75
28.04.2021 00:04:42.793 GMT+0200,1.20906,1.20903,1.5,0.75
28.04.2021 00:04:44.122 GMT+0200,1.20907,1.2090100000000001,4.12,1.12
28.04.2021 00:04:53.130 GMT+0200,1.20907,1.2090200000000002,1.5,3.07
28.04.2021 00:04:53.237 GMT+0200,1.20907,1.20903,0.75,0.075
28.04.2021 00:04:53.338 GMT+0200,1.20908,1.20903,1.5,0.075
28.04.2021 00:04:59.580 GMT+0200,1.20907,1.2090100000000001,1.5,3.75
28.04.2021 00:04:59.682 GMT+0200,1.20905,1.20899,0.75,9.75
28.04.2021 00:05:00.054 GMT+0200,1.20905,1.209,0.75,3
28.04.2021 00:05:03.407 GMT+0200,1.20905,1.2090100000000001,0.75,3
28.04.2021 00:05:03.673 GMT+0200,1.20905,1.209,0.75,3
28.04.2021 00:05:04.144 GMT+0200,1.20905,1.20899,0.75,1.5
28.04.2021 00:05:06.182 GMT+0200,1.2090400000000001,1.209,0.75,3
28.04.2021 00:05:08.660 GMT+0200,1.2090400000000001,1.20899,0.75,3.37
28.04.2021 00:05:14.606 GMT+0200,1.2090400000000001,1.209,0.75,3
28.04.2021 00:05:21.430 GMT+0200,1.20905,1.209,1.5,1.12
28.04.2021 00:05:21.531 GMT+0200,1.20905,1.2090100000000001,1.5,3.37
28.04.2021 00:05:36.074 GMT+0200,1.20905,1.209,0.75,3.37
28.04.2021 00:05:49.554 GMT+0200,1.20905,1.2090100000000001,0.75,3
28.04.2021 00:05:49.672 GMT+0200,1.20905,1.209,0.75,3.37
28.04.2021 00:05:52.865 GMT+0200,1.20906,1.209,0.75,3.37
28.04.2021 00:05:53.765 GMT+0200,1.20908,1.2090100000000001,4.5,3
28.04.2021 00:05:54.224 GMT+0200,1.20906,1.2090100000000001,0.75,3.37
28.04.2021 00:05:56.684 GMT+0200,1.20906,1.209,0.75,3.37
28.04.2021 00:06:17.931 GMT+0200,1.20906,1.2090100000000001,1.5,3
28.04.2021 00:06:23.331 GMT+0200,1.20906,1.209,1.5,0.75
28.04.2021 00:06:33.503 GMT+0200,1.20905,1.209,1.5,12.75
28.04.2021 00:06:34.526 GMT+0200,1.20906,1.209,1.5,3
28.04.2021 00:06:51.864 GMT+0200,1.20907,1.209,1.5,2.44
28.04.2021 00:06:52.021 GMT+0200,1.20906,1.209,0.75,2.44
28.04.2021 00:06:52.122 GMT+0200,1.20906,1.2090100000000001,0.75,3
28.04.2021 00:06:52.224 GMT+0200,1.20906,1.2090400000000001,0.75,0.37
28.04.2021 00:06:52.379 GMT+0200,1.20907,1.2090400000000001,0.75,0.37
28.04.2021 00:06:52.429 GMT+0200,1.20906,1.2090200000000002,0.75,4.31
28.04.2021 00:06:52.531 GMT+0200,1.20906,1.2090100000000001,0.75,3.37
28.04.2021 00:06:54.776 GMT+0200,1.20907,1.20903,0.75,0.75
28.04.2021 00:06:54.878 GMT+0200,1.20906,1.209,0.75,2.25
28.04.2021 00:06:54.980 GMT+0200,1.20905,1.2090100000000001,0.75,3
28.04.2021 00:07:02.934 GMT+0200,1.20905,1.209,0.75,3
28.04.2021 00:07:47.798 GMT+0200,1.2090400000000001,1.2090200000000002,0.75,0.0795
28.04.2021 00:07:47.900 GMT+0200,1.20906,1.2090100000000001,0.75,0.45
28.04.2021 00:08:00.222 GMT+0200,1.20905,1.2090100000000001,0.75,3.08
28.04.2021 00:08:11.771 GMT+0200,1.20903,1.209,0.75,0.0705
28.04.2021 00:08:11.873 GMT+0200,1.209,1.20897,0.75,0.075
28.04.2021 00:08:12.287 GMT+0200,1.209,1.20896,0.75,3
28.04.2021 00:08:27.363 GMT+0200,1.2090200000000002,1.20897,0.75,1.5
28.04.2021 00:08:27.464 GMT+0200,1.2090200000000002,1.20898,0.75,0.37
28.04.2021 00:08:30.264 GMT+0200,1.2090100000000001,1.20898,0.75,5.81
28.04.2021 00:08:33.577 GMT+0200,1.2090100000000001,1.20899,0.75,0.37
28.04.2021 00:08:33.879 GMT+0200,1.2090200000000002,1.20897,0.75,2.62
28.04.2021 00:08:39.438 GMT+0200,1.2090100000000001,1.20899,0.75,0.37
28.04.2021 00:08:39.540 GMT+0200,1.2090200000000002,1.20899,0.75,0.37
28.04.2021 00:08:39.693 GMT+0200,1.2090100000000001,1.20897,0.75,3.75
28.04.2021 00:08:39.796 GMT+0200,1.209,1.20896,0.75,3
28.04.2021 00:08:42.082 GMT+0200,1.20899,1.20896,0.75,3
28.04.2021 00:08:43.868 GMT+0200,1.20899,1.2089400000000001,0.75,0.94
28.04.2021 00:08:43.969 GMT+0200,1.20899,1.20895,0.75,3
28.04.2021 00:08:45.587 GMT+0200,1.20897,1.2089400000000001,0.75,0.37
28.04.2021 00:08:45.638 GMT+0200,1.20899,1.20895,0.75,0.37
28.04.2021 00:08:45.740 GMT+0200,1.20899,1.2089400000000001,0.75,2.25
28.04.2021 00:08:46.063 GMT+0200,1.20899,1.20895,0.75,3
28.04.2021 00:08:46.300 GMT+0200,1.20899,1.20896,0.75,0.75
28.04.2021 00:09:01.561 GMT+0200,1.209,1.20896,1.12,0.75
28.04.2021 00:09:12.934 GMT+0200,1.209,1.20897,4.5,0.75
28.04.2021 00:09:15.801 GMT+0200,1.20899,1.20897,1.5,0.75
28.04.2021 00:09:15.903 GMT+0200,1.209,1.20895,4.5,0.75
28.04.2021 00:09:19.053 GMT+0200,1.20899,1.20897,1.5,0.75
28.04.2021 00:09:38.401 GMT+0200,1.2090100000000001,1.20896,0.75,1.5
28.04.2021 00:09:38.582 GMT+0200,1.2090100000000001,1.20897,0.75,0.75
28.04.2021 00:09:41.307 GMT+0200,1.20903,1.209,1.57,1.12
28.04.2021 00:09:41.409 GMT+0200,1.20906,1.2090100000000001,3.75,1.5
28.04.2021 00:09:41.510 GMT+0200,1.20906,1.2090200000000002,3.75,0.75
28.04.2021 00:09:41.962 GMT+0200,1.20906,1.2090100000000001,3.75,1.5
28.04.2021 00:09:42.087 GMT+0200,1.20905,1.2090100000000001,0.37,1.5
28.04.2021 00:09:48.795 GMT+0200,1.20905,1.2090200000000002,3.75,1.5
28.04.2021 00:09:57.901 GMT+0200,1.20905,1.2090100000000001,0.37,1.5
28.04.2021 00:09:58.912 GMT+0200,1.20906,1.2090100000000001,3.75,1.5
28.04.2021 00:10:00.441 GMT+0200,1.20905,1.2090100000000001,0.75,1.5
28.04.2021 00:10:28.125 GMT+0200,1.20905,1.20899,4.5,4.5
28.04.2021 00:10:28.227 GMT+0200,1.20903,1.20899,3.37,0.75
28.04.2021 00:10:28.328 GMT+0200,1.20903,1.20898,4.5,0.75
28.04.2021 00:10:29.197 GMT+0200,1.2090200000000002,1.20898,0.75,0.75
28.04.2021 00:10:41.517 GMT+0200,1.20903,1.20898,4.5,0.75
28.04.2021 00:10:46.870 GMT+0200,1.20903,1.209,1.5,0.75
28.04.2021 00:10:46.921 GMT+0200,1.20905,1.2090100000000001,7.68,5.25
28.04.2021 00:10:47.023 GMT+0200,1.20905,1.209,3.75,0.75
28.04.2021 00:10:47.175 GMT+0200,1.2090400000000001,1.209,0.37,0.75
28.04.2021 00:10:48.599 GMT+0200,1.20905,1.209,3.75,0.75
28.04.2021 00:10:48.726 GMT+0200,1.2090400000000001,1.209,3,0.75
28.04.2021 00:10:48.971 GMT+0200,1.2090400000000001,1.20899,3,0.75
28.04.2021 00:10:49.546 GMT+0200,1.20905,1.20899,3.75,0.75
28.04.2021 00:10:50.157 GMT+0200,1.20905,1.209,3.75,0.75
28.04.2021 00:10:56.444 GMT+0200,1.20903,1.20897,0.75,4.87
28.04.2021 00:10:56.596 GMT+0200,1.20903,1.20898,0.75,0.75
28.04.2021 00:10:56.698 GMT+0200,1.2090400000000001,1.20898,3.75,3
28.04.2021 00:11:05.686 GMT+0200,1.20903,1.20898,0.75,0.75
28.04.2021 00:11:05.737 GMT+0200,1.20903,1.20896,3.75,4.69
28.04.2021 00:11:07.619 GMT+0200,1.20903,1.20897,0.75,3
28.04.2021 00:11:10.410 GMT+0200,1.20903,1.20896,0.75,4.5
28.04.2021 00:11:12.922 GMT+0200,1.2090100000000001,1.20896,0.75,3.75
28.04.2021 00:11:16.843 GMT+0200,1.2090100000000001,1.20897,3.75,0.75
28.04.2021 00:11:29.841 GMT+0200,1.209,1.20897,0.75,0.75
28.04.2021 00:11:30.195 GMT+0200,1.209,1.20898,1.5,0.75
28.04.2021 00:11:30.602 GMT+0200,1.209,1.20897,4.5,0.75
28.04.2021 00:11:39.824 GMT+0200,1.209,1.20896,0.75,0.75
28.04.2021 00:11:47.008 GMT+0200,1.209,1.20895,0.75,3.75
28.04.2021 00:11:55.537 GMT+0200,1.209,1.2089400000000001,1.5,3.75
28.04.2021 00:11:57.684 GMT+0200,1.209,1.20895,1.5,3
28.04.2021 00:12:11.112 GMT+0200,1.209,1.2089400000000001,0.75,4.87
28.04.2021 00:12:12.820 GMT+0200,1.209,1.20895,0.75,3
28.04.2021 00:12:18.712 GMT+0200,1.2090400000000001,1.209,11.43,1.5
28.04.2021 00:12:19.117 GMT+0200,1.2090400000000001,1.20899,0.75,4.5
28.04.2021 00:12:21.878 GMT+0200,1.20903,1.20899,0.75,0.75
28.04.2021 00:12:21.929 GMT+0200,1.20903,1.20897,0.75,4.5
28.04.2021 00:12:22.030 GMT+0200,1.2090200000000002,1.20897,0.75,3.75
28.04.2021 00:12:30.640 GMT+0200,1.2090200000000002,1.20896,0.75,4.31
28.04.2021 00:12:56.905 GMT+0200,1.2090100000000001,1.20896,0.75,3.75
28.04.2021 00:12:57.006 GMT+0200,1.2090100000000001,1.20895,1.5,4.31
28.04.2021 00:13:02.612 GMT+0200,1.2090100000000001,1.20896,0.75,3
28.04.2021 00:13:21.422 GMT+0200,1.2090200000000002,1.20896,0.75,3.94
28.04.2021 00:13:21.524 GMT+0200,1.2090100000000001,1.20898,0.75,3
28.04.2021 00:13:21.891 GMT+0200,1.2090200000000002,1.20896,0.75,3.94
28.04.2021 00:13:31.920 GMT+0200,1.2090200000000002,1.20895,1.5,2.06
28.04.2021 00:13:32.022 GMT+0200,1.2090100000000001,1.20895,1.5,4.69
28.04.2021 00:13:32.123 GMT+0200,1.209,1.20895,1.87,6.19
28.04.2021 00:13:35.291 GMT+0200,1.20898,1.2089400000000001,0.75,6.19
28.04.2021 00:13:35.342 GMT+0200,1.2089400000000001,1.2089100000000002,1.5,7.87
28.04.2021 00:13:35.596 GMT+0200,1.20895,1.20889,1.57,3
28.04.2021 00:13:35.748 GMT+0200,1.20895,1.2089100000000002,0.82,0.75
28.04.2021 00:13:40.093 GMT+0200,1.20895,1.2089100000000002,0.75,0.75
28.04.2021 00:13:40.599 GMT+0200,1.20897,1.20893,0.75,1.12
28.04.2021 00:13:40.701 GMT+0200,1.20897,1.2089200000000002,0.75,2.25
28.04.2021 00:13:52.496 GMT+0200,1.20897,1.2089100000000002,0.75,1.5
28.04.2021 00:14:01.252 GMT+0200,1.20896,1.2089100000000002,0.75,1.87
28.04.2021 00:14:03.782 GMT+0200,1.20898,1.2089100000000002,1.12,1.5
28.04.2021 00:14:15.187 GMT+0200,1.20897,1.2089100000000002,1.12,0.75
28.04.2021 00:14:15.289 GMT+0200,1.20896,1.2089,1.12,5.06
28.04.2021 00:14:32.882 GMT+0200,1.2089100000000002,1.20889,0.75,0.37
28.04.2021 00:14:32.933 GMT+0200,1.2089200000000002,1.2088700000000001,4.12,6.19
28.04.2021 00:14:33.034 GMT+0200,1.2089200000000002,1.20886,1.12,0.26
28.04.2021 00:14:41.388 GMT+0200,1.2089200000000002,1.2088700000000001,1.12,3
28.04.2021 00:14:41.490 GMT+0200,1.20893,1.2088700000000001,3.75,3.75
28.04.2021 00:14:50.390 GMT+0200,1.2089200000000002,1.2089,1.12,1.5
28.04.2021 00:14:50.766 GMT+0200,1.20893,1.20888,0.37,3.75
28.04.2021 00:14:50.918 GMT+0200,1.20893,1.2088700000000001,3.37,5.62
28.04.2021 00:14:51.305 GMT+0200,1.20893,1.20889,0.37,0.75
28.04.2021 00:14:51.406 GMT+0200,1.20895,1.20889,0.75,6
28.04.2021 00:14:51.973 GMT+0200,1.2089400000000001,1.20889,0.37,5.25
28.04.2021 00:14:54.187 GMT+0200,1.2089,1.2088700000000001,0.75,0.75
28.04.2021 00:14:54.289 GMT+0200,1.2089,1.20885,0.75,12.07
28.04.2021 00:14:57.725 GMT+0200,1.2089,1.20886,0.75,3
28.04.2021 00:14:58.148 GMT+0200,1.2089100000000002,1.20886,0.37,3
28.04.2021 00:14:58.796 GMT+0200,1.2089200000000002,1.20886,5.06,3
28.04.2021 00:14:58.847 GMT+0200,1.2089,1.20884,3.82,10.32
28.04.2021 00:15:00.448 GMT+0200,1.2089100000000002,1.20885,1.12,1.5
28.04.2021 00:15:00.550 GMT+0200,1.2089100000000002,1.2088700000000001,0.37,0.75
28.04.2021 00:15:05.232 GMT+0200,1.2089200000000002,1.20889,3,1.5
28.04.2021 00:15:05.334 GMT+0200,1.20896,1.2089100000000002,15.26,0.75
28.04.2021 00:15:11.747 GMT+0200,1.20896,1.20895,0.37,0.75
28.04.2021 00:15:11.799 GMT+0200,1.20898,1.2089400000000001,6.56,0.75
28.04.2021 00:15:11.901 GMT+0200,1.20899,1.2089400000000001,3.37,0.75
28.04.2021 00:15:19.661 GMT+0200,1.20899,1.20896,0.37,0.75
28.04.2021 00:15:28.162 GMT+0200,1.20899,1.20895,0.37,0.75
28.04.2021 00:15:35.137 GMT+0200,1.209,1.20895,0.75,0.75
28.04.2021 00:15:42.234 GMT+0200,1.2090100000000001,1.20896,0.75,4.5
28.04.2021 00:15:42.665 GMT+0200,1.209,1.20896,4.12,4.87
28.04.2021 00:15:48.216 GMT+0200,1.209,1.20895,0.37,3.75
28.04.2021 00:15:48.318 GMT+0200,1.209,1.2089400000000001,1.12,5.25
28.04.2021 00:15:55.804 GMT+0200,1.20897,1.2089200000000002,0.75,5.44
28.04.2021 00:15:59.387 GMT+0200,1.20897,1.2089100000000002,5.25,4.5
28.04.2021 00:15:59.488 GMT+0200,1.20896,1.2089,1.12,4.5
28.04.2021 00:16:06.213 GMT+0200,1.20896,1.20893,0.75,2.25
28.04.2021 00:16:06.316 GMT+0200,1.20897,1.20893,0.75,3.94
28.04.2021 00:16:06.418 GMT+0200,1.20898,1.20893,0.75,3
28.04.2021 00:16:06.723 GMT+0200,1.20898,1.2089200000000002,3.75,6.19
28.04.2021 00:16:19.824 GMT+0200,1.20897,1.2089200000000002,0.37,6
28.04.2021 00:16:19.926 GMT+0200,1.20898,1.2089200000000002,4.12,5.25
28.04.2021 00:16:50.125 GMT+0200,1.20897,1.2089200000000002,0.75,1.5
28.04.2021 00:16:50.229 GMT+0200,1.20897,1.2089100000000002,1.12,4.5
28.04.2021 00:16:52.043 GMT+0200,1.20897,1.2089200000000002,0.75,1.5
28.04.2021 00:16:52.145 GMT+0200,1.20898,1.20893,1.12,0.75
28.04.2021 00:16:58.198 GMT+0200,1.20898,1.2089400000000001,1.12,0.75
28.04.2021 00:16:59.027 GMT+0200,1.20898,1.20893,1.12,0.75
28.04.2021 00:16:59.144 GMT+0200,1.20898,1.2089400000000001,1.12,0.75
28.04.2021 00:16:59.252 GMT+0200,1.20898,1.20893,1.12,0.75
28.04.2021 00:17:00.776 GMT+0200,1.20897,1.20895,1.12,0.75
28.04.2021 00:17:00.828 GMT+0200,1.20898,1.20896,1.12,0.75
28.04.2021 00:17:00.929 GMT+0200,1.20898,1.20895,0.75,0.75
28.04.2021 00:17:00.980 GMT+0200,1.209,1.20895,3.75,0.75
28.04.2021 00:17:01.132 GMT+0200,1.209,1.20896,0.75,0.75
28.04.2021 00:17:01.619 GMT+0200,1.2090100000000001,1.20896,4.12,0.75
28.04.2021 00:17:31.077 GMT+0200,1.209,1.20896,0.75,0.75
28.04.2021 00:17:37.697 GMT+0200,1.20896,1.2089200000000002,0.75,14.07
28.04.2021 00:17:37.951 GMT+0200,1.20896,1.2089100000000002,1.12,3.75
28.04.2021 00:17:44.971 GMT+0200,1.20896,1.2089,1.12,6
28.04.2021 00:18:05.454 GMT+0200,1.20896,1.2089200000000002,0.75,0.75
28.04.2021 00:18:05.555 GMT+0200,1.20897,1.20895,0.75,2.44
28.04.2021 00:18:05.606 GMT+0200,1.20899,1.20896,1.12,0.75
28.04.2021 00:18:06.159 GMT+0200,1.209,1.2089400000000001,0.75,3.75
28.04.2021 00:18:06.210 GMT+0200,1.20897,1.2089200000000002,0.37,10.32
28.04.2021 00:18:06.312 GMT+0200,1.20898,1.2089200000000002,4.12,0.75
28.04.2021 00:18:31.402 GMT+0200,1.20897,1.2089100000000002,1.31,2.25
28.04.2021 00:18:31.504 GMT+0200,1.20896,1.2089100000000002,0.75,4.5
28.04.2021 00:19:03.827 GMT+0200,1.2089400000000001,1.2089,1.5,0.75
28.04.2021 00:19:03.929 GMT+0200,1.20893,1.20889,0.37,0.75
28.04.2021 00:19:04.030 GMT+0200,1.20893,1.20888,1.12,3
28.04.2021 00:19:04.132 GMT+0200,1.20893,1.2088700000000001,1.12,5.44
28.04.2021 00:19:20.339 GMT+0200,1.2089400000000001,1.20888,1.87,1.69
28.04.2021 00:19:20.446 GMT+0200,1.20893,1.2089,0.75,0.75
28.04.2021 00:19:35.737 GMT+0200,1.2089400000000001,1.20888,0.75,5.81
28.04.2021 00:19:35.838 GMT+0200,1.20895,1.2089,1.31,0.75
28.04.2021 00:19:46.132 GMT+0200,1.20896,1.2089100000000002,4.69,0.75
28.04.2021 00:19:46.284 GMT+0200,1.20895,1.2089100000000002,0.37,0.75
28.04.2021 00:19:46.386 GMT+0200,1.20896,1.2089100000000002,4.5,0.75
28.04.2021 00:19:46.628 GMT+0200,1.2089400000000001,1.2089200000000002,0.19,0.75
28.04.2021 00:19:46.738 GMT+0200,1.20895,1.2089,0.75,0.75
28.04.2021 00:19:47.060 GMT+0200,1.20895,1.20889,1.31,5.25
28.04.2021 00:20:08.517 GMT+0200,1.20896,1.2089100000000002,4.12,1.5
28.04.2021 00:20:10.293 GMT+0200,1.20895,1.2089,1.12,1.5
28.04.2021 00:20:13.044 GMT+0200,1.20896,1.2089,1.69,1.5
28.04.2021 00:20:13.146 GMT+0200,1.20896,1.2089100000000002,1.31,0.75
28.04.2021 00:20:22.910 GMT+0200,1.20895,1.2089100000000002,0.75,0.75
28.04.2021 00:20:27.840 GMT+0200,1.20895,1.2089,1.12,1.5
28.04.2021 00:20:31.615 GMT+0200,1.2089200000000002,1.20888,0.75,0.75
28.04.2021 00:20:31.717 GMT+0200,1.20893,1.20889,0.75,0.94
28.04.2021 00:21:23.428 GMT+0200,1.2089400000000001,1.20889,0.75,1.69
28.04.2021 00:21:43.569 GMT+0200,1.20893,1.20888,1.12,5.25
28.04.2021 00:21:43.823 GMT+0200,1.2089100000000002,1.2088700000000001,0.75,0.75
28.04.2021 00:21:43.924 GMT+0200,1.2089,1.20886,0.75,0.75
28.04.2021 00:21:44.026 GMT+0200,1.20889,1.20885,0.75,1.5
28.04.2021 00:21:44.127 GMT+0200,1.20889,1.20883,0.94,10.32
28.04.2021 00:21:44.179 GMT+0200,1.20886,1.20885,0.75,0.75
28.04.2021 00:21:44.331 GMT+0200,1.2088700000000001,1.20883,0.75,0.75
28.04.2021 00:21:53.531 GMT+0200,1.20886,1.20883,0.75,0.75
28.04.2021 00:21:54.639 GMT+0200,1.20886,1.2088100000000002,0.75,4.69
28.04.2021 00:21:56.866 GMT+0200,1.20886,1.2088200000000002,0.75,0.75
28.04.2021 00:21:56.968 GMT+0200,1.20886,1.20883,0.75,1.5
28.04.2021 00:21:57.019 GMT+0200,1.20888,1.20884,0.75,0.75
28.04.2021 00:21:57.272 GMT+0200,1.20888,1.20883,0.75,1.5
28.04.2021 00:21:57.476 GMT+0200,1.20888,1.20884,0.75,0.75
28.04.2021 00:21:58.669 GMT+0200,1.20885,1.20883,0.75,7.32
28.04.2021 00:21:58.771 GMT+0200,1.20885,1.2088200000000002,0.75,0.75
28.04.2021 00:21:59.759 GMT+0200,1.20885,1.20883,0.75,1.5
28.04.2021 00:22:00.098 GMT+0200,1.20885,1.2088200000000002,0.75,0.75
28.04.2021 00:22:29.562 GMT+0200,1.20885,1.2088100000000002,0.75,1.5
28.04.2021 00:22:46.202 GMT+0200,1.20884,1.2088100000000002,0.75,1.5
28.04.2021 00:22:56.345 GMT+0200,1.20885,1.2088100000000002,0.75,1.5
28.04.2021 00:22:59.942 GMT+0200,1.20884,1.2088,0.75,0.75
28.04.2021 00:23:04.211 GMT+0200,1.20884,1.2088100000000002,0.75,0.75
28.04.2021 00:23:14.122 GMT+0200,1.20885,1.2088100000000002,0.75,0.75
28.04.2021 00:24:04.587 GMT+0200,1.20886,1.2088100000000002,0.75,3
28.04.2021 00:24:11.542 GMT+0200,1.20885,1.2088,0.75,2.25
28.04.2021 00:24:27.147 GMT+0200,1.20883,1.20878,1.5,2.25
28.04.2021 00:24:28.577 GMT+0200,1.20884,1.20879,4.12,1.5
28.04.2021 00:24:33.476 GMT+0200,1.20884,1.2088,1.12,1.5
28.04.2021 00:24:51.145 GMT+0200,1.20883,1.2088,0.75,0.75
28.04.2021 00:24:51.247 GMT+0200,1.20883,1.20879,0.75,4.5
28.04.2021 00:24:51.627 GMT+0200,1.2088100000000002,1.20879,0.75,0.75
28.04.2021 00:24:51.910 GMT+0200,1.20883,1.20879,0.75,1.5
28.04.2021 00:24:52.011 GMT+0200,1.20883,1.2088,0.75,0.75
28.04.2021 00:24:52.407 GMT+0200,1.20883,1.20879,0.75,1.5
28.04.2021 00:25:01.702 GMT+0200,1.20883,1.20878,1.5,0.94
28.04.2021 00:25:03.961 GMT+0200,1.2088100000000002,1.20878,0.75,0.94
28.04.2021 00:25:04.383 GMT+0200,1.20883,1.2088,0.75,0.75
28.04.2021 00:25:04.535 GMT+0200,1.20884,1.2088200000000002,0.75,0.75
28.04.2021 00:25:04.586 GMT+0200,1.20886,1.2088200000000002,0.75,1.5
28.04.2021 00:25:04.688 GMT+0200,1.20886,1.20883,0.75,0.75
28.04.2021 00:25:14.239 GMT+0200,1.2088700000000001,1.20885,0.75,0.75
28.04.2021 00:25:16.667 GMT+0200,1.20888,1.20884,0.75,1.69
28.04.2021 00:25:16.769 GMT+0200,1.20888,1.20885,0.75,1.5
28.04.2021 00:25:28.308 GMT+0200,1.20888,1.20884,0.75,0.75
28.04.2021 00:25:32.443 GMT+0200,1.2088700000000001,1.20883,0.75,3.19
28.04.2021 00:25:32.647 GMT+0200,1.2088700000000001,1.2088200000000002,0.75,3.19
28.04.2021 00:25:35.450 GMT+0200,1.20886,1.2088200000000002,0.75,1.69
28.04.2021 00:25:52.741 GMT+0200,1.20886,1.20883,0.75,0.75
28.04.2021 00:26:01.462 GMT+0200,1.20886,1.20884,0.75,0.75
28.04.2021 00:26:01.513 GMT+0200,1.20888,1.20884,0.75,0.75
28.04.2021 00:26:01.615 GMT+0200,1.20888,1.20885,0.75,0.75
28.04.2021 00:26:25.138 GMT+0200,1.20889,1.20885,1.12,0.75
28.04.2021 00:26:25.300 GMT+0200,1.2088700000000001,1.20884,0.75,0.75
28.04.2021 00:26:25.401 GMT+0200,1.20885,1.2088200000000002,0.75,0.75
28.04.2021 00:26:42.223 GMT+0200,1.20884,1.2088200000000002,0.75,0.75
28.04.2021 00:26:42.425 GMT+0200,1.20884,1.2088100000000002,0.75,1.5
28.04.2021 00:26:46.052 GMT+0200,1.20884,1.2088,0.75,3.94
28.04.2021 00:26:47.125 GMT+0200,1.2088200000000002,1.20878,0.75,0.94
28.04.2021 00:26:55.013 GMT+0200,1.2088200000000002,1.2088,0.75,0.94
28.04.2021 00:26:55.114 GMT+0200,1.20883,1.2088,0.75,0.75
28.04.2021 00:27:11.543 GMT+0200,1.2088200000000002,1.2088,0.75,4.31
28.04.2021 00:27:17.460 GMT+0200,1.20883,1.20878,1.12,3.94
28.04.2021 00:27:17.570 GMT+0200,1.2088200000000002,1.20878,0.75,3.94
28.04.2021 00:27:19.319 GMT+0200,1.20879,1.20876,0.75,1.12
28.04.2021 00:27:19.421 GMT+0200,1.2088,1.20876,0.75,0.75
28.04.2021 00:27:20.377 GMT+0200,1.2088,1.2087700000000001,0.75,0.75
28.04.2021 00:27:21.782 GMT+0200,1.20879,1.2087700000000001,0.75,0.75
28.04.2021 00:27:27.551 GMT+0200,1.2088100000000002,1.20878,0.75,1.87
28.04.2021 00:27:27.653 GMT+0200,1.20883,1.20879,0.75,0.75
28.04.2021 00:28:09.790 GMT+0200,1.20883,1.2088,0.75,0.56
28.04.2021 00:28:09.942 GMT+0200,1.20883,1.2088100000000002,0.75,0.19
28.04.2021 00:28:10.775 GMT+0200,1.20883,1.2088,0.75,4.31
28.04.2021 00:28:15.298 GMT+0200,1.20883,1.2088100000000002,0.75,0.19
28.04.2021 00:28:15.449 GMT+0200,1.20883,1.2088,0.75,4.31
28.04.2021 00:28:21.462 GMT+0200,1.20884,1.2088100000000002,0.75,0.94
28.04.2021 00:28:34.920 GMT+0200,1.20883,1.2088,0.75,0.94
28.04.2021 00:28:40.402 GMT+0200,1.20883,1.20879,0.75,0.94
28.04.2021 00:28:40.453 GMT+0200,1.2088100000000002,1.20878,0.75,0.19
28.04.2021 00:28:40.557 GMT+0200,1.2088,1.2087700000000001,0.75,7.5
28.04.2021 00:28:40.658 GMT+0200,1.2088,1.20876,0.75,3.94
28.04.2021 00:28:45.280 GMT+0200,1.2088,1.2087700000000001,0.75,0.19
28.04.2021 00:28:46.276 GMT+0200,1.2088100000000002,1.2087700000000001,0.75,3.56
28.04.2021 00:28:46.538 GMT+0200,1.2088100000000002,1.20878,0.75,0.19
28.04.2021 00:28:59.897 GMT+0200,1.20883,1.2088,0.75,0.94
28.04.2021 00:29:07.309 GMT+0200,1.20883,1.20879,0.75,3
28.04.2021 00:29:07.410 GMT+0200,1.20883,1.20878,0.75,2.06
28.04.2021 00:29:21.176 GMT+0200,1.20883,1.20879,0.75,0.75
28.04.2021 00:29:22.307 GMT+0200,1.2088100000000002,1.20879,0.75,3.19
28.04.2021 00:29:22.408 GMT+0200,1.2088100000000002,1.2087700000000001,0.75,1.31
28.04.2021 00:29:23.253 GMT+0200,1.2088100000000002,1.20878,1.12,0.19
28.04.2021 00:29:24.192 GMT+0200,1.2088200000000002,1.20878,0.75,0.75
28.04.2021 00:29:29.394 GMT+0200,1.2088100000000002,1.2087700000000001,0.75,0.75
28.04.2021 00:29:36.188 GMT+0200,1.2088,1.20876,0.75,0.75
28.04.2021 00:30:00.131 GMT+0200,1.2088100000000002,1.20878,0.75,0.75
28.04.2021 00:30:00.232 GMT+0200,1.2088100000000002,1.2087700000000001,0.75,0.75
28.04.2021 00:30:00.334 GMT+0200,1.2088,1.20876,0.75,3.75
28.04.2021 00:30:10.634 GMT+0200,1.2088100000000002,1.2087700000000001,0.75,0.75
28.04.2021 00:30:10.735 GMT+0200,1.2088100000000002,1.20878,0.75,0.75
28.04.2021 00:30:13.295 GMT+0200,1.20883,1.2088100000000002,0.75,0.75
28.04.2021 00:30:49.862 GMT+0200,1.20883,1.2088,0.75,0.75
28.04.2021 00:30:49.963 GMT+0200,1.20883,1.20879,0.75,3.94
28.04.2021 00:30:52.872 GMT+0200,1.20883,1.2088,0.75,0.94
28.04.2021 00:30:53.026 GMT+0200,1.20884,1.2088,0.75,2.06
28.04.2021 00:31:01.298 GMT+0200,1.20884,1.2088100000000002,0.75,0.75
28.04.2021 00:31:01.349 GMT+0200,1.20886,1.20884,0.75,0.75
28.04.2021 00:31:02.896 GMT+0200,1.20885,1.20884,0.75,0.75
28.04.2021 00:31:03.073 GMT+0200,1.20886,1.2088200000000002,0.75,6.75
28.04.2021 00:31:03.174 GMT+0200,1.20885,1.2088200000000002,0.75,0.94
28.04.2021 00:31:09.005 GMT+0200,1.20885,1.2088100000000002,0.75,0.94
28.04.2021 00:31:10.231 GMT+0200,1.20885,1.2088,0.75,4.69
28.04.2021 00:31:10.333 GMT+0200,1.20883,1.2088100000000002,0.75,3.94
28.04.2021 00:31:27.862 GMT+0200,1.20883,1.20879,1.12,0.19
28.04.2021 00:31:27.964 GMT+0200,1.2088100000000002,1.20878,0.75,0.75
28.04.2021 00:31:31.764 GMT+0200,1.2088100000000002,1.20876,0.75,3.75
28.04.2021 00:31:31.865 GMT+0200,1.20879,1.2087700000000001,0.75,3.75
28.04.2021 00:31:37.557 GMT+0200,1.20879,1.20876,0.75,3
28.04.2021 00:31:37.659 GMT+0200,1.20879,1.20875,0.75,5.06
28.04.2021 00:31:43.920 GMT+0200,1.20879,1.2087700000000001,0.75,0.75
28.04.2021 00:31:44.224 GMT+0200,1.20879,1.20876,0.75,0.75
28.04.2021 00:32:00.079 GMT+0200,1.2088,1.20876,0.75,0.75
28.04.2021 00:32:44.126 GMT+0200,1.20874,1.2087200000000002,1.5,15.27
28.04.2021 00:32:44.228 GMT+0200,1.20874,1.2087100000000002,1.5,7.69
28.04.2021 00:32:44.331 GMT+0200,1.2087200000000002,1.20868,1.5,0.75
28.04.2021 00:32:44.433 GMT+0200,1.2087200000000002,1.2086700000000001,1.5,1.5
28.04.2021 00:32:45.342 GMT+0200,1.2087200000000002,1.20868,1.5,0.75
28.04.2021 00:32:45.444 GMT+0200,1.20873,1.2087,1.5,0.75
28.04.2021 00:32:45.545 GMT+0200,1.20875,1.2087100000000002,1.5,1.5
28.04.2021 00:32:45.647 GMT+0200,1.20875,1.2087200000000002,1.5,0.75
28.04.2021 00:32:52.763 GMT+0200,1.20876,1.2087200000000002,1.5,0.75
28.04.2021 00:32:53.864 GMT+0200,1.20876,1.2087100000000002,1.5,3.75
28.04.2021 00:33:02.215 GMT+0200,1.20876,1.2087200000000002,1.5,0.75
28.04.2021 00:33:10.866 GMT+0200,1.2087700000000001,1.20873,0.94,1.5
28.04.2021 00:33:10.968 GMT+0200,1.2087700000000001,1.20874,1.31,0.75
28.04.2021 00:33:14.318 GMT+0200,1.20876,1.2087200000000002,0.75,0.19
28.04.2021 00:33:14.419 GMT+0200,1.20876,1.2087100000000002,0.75,1.5
28.04.2021 00:33:17.018 GMT+0200,1.20874,1.2087,1.5,0.75
28.04.2021 00:33:17.120 GMT+0200,1.20873,1.20868,0.75,0.75
28.04.2021 00:33:38.734 GMT+0200,1.2087200000000002,1.2086700000000001,1.5,3.94
28.04.2021 00:33:45.211 GMT+0200,1.2087200000000002,1.20866,1.69,1.5
28.04.2021 00:34:01.379 GMT+0200,1.2087200000000002,1.2086700000000001,0.94,0.75
28.04.2021 00:34:04.036 GMT+0200,1.20873,1.20869,0.37,1.87
28.04.2021 00:34:04.138 GMT+0200,1.20874,1.2087,0.75,1.5
28.04.2021 00:34:08.320 GMT+0200,1.2087700000000001,1.2087200000000002,1.69,1.5
28.04.2021 00:34:10.882 GMT+0200,1.20879,1.20874,0.37,5.62
28.04.2021 00:34:10.983 GMT+0200,1.2088,1.20875,1.5,0.75
28.04.2021 00:34:11.085 GMT+0200,1.2088100000000002,1.20876,4.69,0.75
28.04.2021 00:34:15.031 GMT+0200,1.2088100000000002,1.2087700000000001,1.5,0.75
28.04.2021 00:34:15.133 GMT+0200,1.2088200000000002,1.20878,0.75,0.75
28.04.2021 00:34:19.295 GMT+0200,1.20883,1.20878,1.5,1.5
28.04.2021 00:34:20.476 GMT+0200,1.2088200000000002,1.2087700000000001,1.5,5.25
28.04.2021 00:34:29.504 GMT+0200,1.2088100000000002,1.2087700000000001,0.75,0.75
28.04.2021 00:34:30.017 GMT+0200,1.2088100000000002,1.20876,0.75,4.69
28.04.2021 00:34:40.091 GMT+0200,1.2088100000000002,1.20878,0.75,0.75
28.04.2021 00:34:40.193 GMT+0200,1.2088200000000002,1.20879,0.75,0.75
28.04.2021 00:34:40.497 GMT+0200,1.2088200000000002,1.20878,0.75,0.75
28.04.2021 00:34:43.040 GMT+0200,1.2088200000000002,1.20879,0.75,0.75
28.04.2021 00:34:43.348 GMT+0200,1.2088200000000002,1.20878,0.75,0.75
28.04.2021 00:34:43.449 GMT+0200,1.2088200000000002,1.2088100000000002,0.75,0.75
28.04.2021 00:34:43.602 GMT+0200,1.20883,1.20879,0.75,0.94
28.04.2021 00:34:43.705 GMT+0200,1.2088200000000002,1.20878,0.75,0.94
28.04.2021 00:34:48.161 GMT+0200,1.2088,1.2087700000000001,0.75,0.19
28.04.2021 00:34:48.263 GMT+0200,1.2088,1.20876,0.75,0.75
28.04.2021 00:34:49.281 GMT+0200,1.20879,1.20875,0.37,0.94
28.04.2021 00:34:49.383 GMT+0200,1.2087700000000001,1.20874,0.75,0.75
28.04.2021 00:34:49.484 GMT+0200,1.2087700000000001,1.20873,0.75,3.75
28.04.2021 00:34:51.321 GMT+0200,1.2087700000000001,1.20874,0.75,0.75
28.04.2021 00:34:52.813 GMT+0200,1.20878,1.20875,0.75,0.75
28.04.2021 00:34:52.915 GMT+0200,1.2087700000000001,1.20875,0.75,0.75
28.04.2021 00:34:53.017 GMT+0200,1.2087700000000001,1.20873,0.75,0.75
28.04.2021 00:34:58.903 GMT+0200,1.20878,1.20875,0.75,0.75
28.04.2021 00:34:59.005 GMT+0200,1.20878,1.20874,0.75,0.75
28.04.2021 00:35:12.952 GMT+0200,1.2087700000000001,1.20873,1.5,0.75
28.04.2021 00:35:13.053 GMT+0200,1.20875,1.2087200000000002,0.75,0.75
28.04.2021 00:35:53.063 GMT+0200,1.2087700000000001,1.20873,0.75,0.75
28.04.2021 00:35:53.165 GMT+0200,1.20878,1.20873,0.75,1.31
28.04.2021 00:35:54.101 GMT+0200,1.20878,1.20874,0.75,0.75
28.04.2021 00:36:16.336 GMT+0200,1.20879,1.20876,0.75,0.75
28.04.2021 00:36:18.307 GMT+0200,1.2088,1.20876,0.75,0.75
28.04.2021 00:36:24.209 GMT+0200,1.2088,1.2087700000000001,0.75,0.75
28.04.2021 00:36:27.560 GMT+0200,1.2088100000000002,1.2087700000000001,0.75,0.75
28.04.2021 00:36:31.571 GMT+0200,1.2088200000000002,1.20878,1.69,0.75
28.04.2021 00:36:57.920 GMT+0200,1.2088,1.20878,0.75,0.75
28.04.2021 00:36:58.520 GMT+0200,1.2088,1.2087700000000001,0.75,1.5
28.04.2021 00:37:41.150 GMT+0200,1.20879,1.20875,0.75,0.75
28.04.2021 00:37:41.251 GMT+0200,1.20878,1.20874,0.75,0.75
28.04.2021 00:37:41.404 GMT+0200,1.20878,1.20873,0.75,0.94
28.04.2021 00:37:46.420 GMT+0200,1.2087700000000001,1.20876,0.75,0.75
28.04.2021 00:37:46.673 GMT+0200,1.2087700000000001,1.20875,0.75,0.75
28.04.2021 00:37:58.226 GMT+0200,1.20876,1.2087200000000002,1.5,0.94
28.04.2021 00:38:11.141 GMT+0200,1.20876,1.2087100000000002,1.5,2.25
28.04.2021 00:39:52.570 GMT+0200,1.20875,1.20873,0.75,0.75
28.04.2021 00:40:17.997 GMT+0200,1.20875,1.2087200000000002,0.75,0.75
28.04.2021 00:42:58.053 GMT+0200,1.20878,1.20875,0.75,0.75
28.04.2021 00:42:59.978 GMT+0200,1.20878,1.20874,0.75,2.06
28.04.2021 00:43:00.353 GMT+0200,1.2087700000000001,1.20873,0.75,1.01
28.04.2021 00:43:01.014 GMT+0200,1.20878,1.20876,0.75,0.75
28.04.2021 00:43:01.531 GMT+0200,1.20878,1.20874,0.75,3.94
28.04.2021 00:43:02.669 GMT+0200,1.20878,1.20875,0.75,0.75
28.04.2021 00:43:04.185 GMT+0200,1.20879,1.20876,0.75,0.75
28.04.2021 00:43:04.810 GMT+0200,1.20879,1.20875,0.75,0.75
28.04.2021 00:43:13.010 GMT+0200,1.2088,1.20875,0.75,4.69
28.04.2021 00:43:13.112 GMT+0200,1.2088,1.20876,0.75,0.75
28.04.2021 00:43:14.372 GMT+0200,1.2088200000000002,1.2088,0.37,0.75
28.04.2021 00:43:14.473 GMT+0200,1.20883,1.2088,0.75,0.75
28.04.2021 00:43:14.575 GMT+0200,1.20883,1.20879,0.75,0.94
28.04.2021 00:43:20.301 GMT+0200,1.2088200000000002,1.20879,0.75,0.19
28.04.2021 00:43:22.578 GMT+0200,1.20883,1.2088,0.75,0.75
28.04.2021 00:43:22.679 GMT+0200,1.20883,1.20879,0.75,0.94
28.04.2021 00:43:28.096 GMT+0200,1.2088,1.20878,0.75,1.69
28.04.2021 00:44:13.976 GMT+0200,1.2088200000000002,1.20878,0.75,1.69
28.04.2021 00:44:14.077 GMT+0200,1.2088200000000002,1.20879,0.75,0.75
28.04.2021 00:44:20.669 GMT+0200,1.20883,1.2088,0.75,0.75
28.04.2021 00:44:20.771 GMT+0200,1.20883,1.20879,0.75,1.5
28.04.2021 00:44:20.873 GMT+0200,1.2088200000000002,1.20879,0.75,1.5
28.04.2021 00:44:23.711 GMT+0200,1.2088200000000002,1.2088,0.75,0.75
28.04.2021 00:44:37.698 GMT+0200,1.20883,1.2088,0.75,1.5
28.04.2021 00:44:38.023 GMT+0200,1.20883,1.2088100000000002,0.75,0.75
28.04.2021 00:44:38.358 GMT+0200,1.20884,1.2088100000000002,0.75,0.75
28.04.2021 00:44:43.949 GMT+0200,1.20885,1.2088200000000002,0.75,1.5
28.04.2021 00:45:09.047 GMT+0200,1.2088700000000001,1.20885,0.37,0.75
28.04.2021 00:45:09.149 GMT+0200,1.20888,1.20885,0.75,0.75
28.04.2021 00:45:14.069 GMT+0200,1.20889,1.20885,0.75,5.25
28.04.2021 00:45:14.271 GMT+0200,1.20889,1.20886,0.75,0.75
28.04.2021 00:45:16.417 GMT+0200,1.2089100000000002,1.20888,0.75,1.5
28.04.2021 00:45:16.519 GMT+0200,1.2089200000000002,1.20889,0.75,0.75
28.04.2021 00:45:16.672 GMT+0200,1.2089200000000002,1.20888,0.75,3
28.04.2021 00:45:17.352 GMT+0200,1.2089100000000002,1.20888,0.75,2.25
28.04.2021 00:45:17.403 GMT+0200,1.2089,1.20886,0.75,0.82
28.04.2021 00:45:31.543 GMT+0200,1.20889,1.20886,0.75,0.75
28.04.2021 00:45:38.845 GMT+0200,1.20886,1.20883,0.75,6.75
28.04.2021 00:45:46.286 GMT+0200,1.20886,1.2088200000000002,0.75,1.76
28.04.2021 00:45:47.442 GMT+0200,1.20886,1.20884,0.75,0.75
28.04.2021 00:45:47.543 GMT+0200,1.20888,1.20884,0.75,0.75
28.04.2021 00:46:07.252 GMT+0200,1.2088700000000001,1.20884,0.75,0.75
28.04.2021 00:46:31.803 GMT+0200,1.2088700000000001,1.20885,0.75,0.75
28.04.2021 00:46:31.904 GMT+0200,1.20889,1.20885,0.75,0.75
28.04.2021 00:46:34.419 GMT+0200,1.20889,1.20886,0.75,0.75
28.04.2021 00:46:40.098 GMT+0200,1.20888,1.20885,0.75,0.75
28.04.2021 00:46:40.199 GMT+0200,1.2088700000000001,1.20884,0.75,0.75
28.04.2021 00:47:01.443 GMT+0200,1.20888,1.20885,0.75,1.5
28.04.2021 00:47:01.545 GMT+0200,1.20888,1.20885,0.75,1.69
28.04.2021 00:47:04.703 GMT+0200,1.20888,1.20886,0.75,0.75
28.04.2021 00:47:11.137 GMT+0200,1.2089200000000002,1.20888,1.12,0.75
28.04.2021 00:47:11.188 GMT+0200,1.2089,1.20888,0.75,3.82
28.04.2021 00:47:11.290 GMT+0200,1.2089,1.2088700000000001,0.75,0.75
28.04.2021 00:47:26.657 GMT+0200,1.2089,1.20888,0.75,0.75
28.04.2021 00:47:30.481 GMT+0200,1.2089100000000002,1.2089,1.12,0.75
28.04.2021 00:47:30.836 GMT+0200,1.2089100000000002,1.20888,0.75,1.5
28.04.2021 00:47:30.937 GMT+0200,1.2089200000000002,1.20888,0.75,1.5
28.04.2021 00:47:35.052 GMT+0200,1.2089100000000002,1.2089,0.75,0.75
28.04.2021 00:47:44.501 GMT+0200,1.2089100000000002,1.20888,0.75,0.75
28.04.2021 00:47:44.603 GMT+0200,1.2089,1.20888,1.12,0.75
28.04.2021 00:47:44.755 GMT+0200,1.20889,1.2088700000000001,0.75,0.75
28.04.2021 00:48:00.332 GMT+0200,1.2089100000000002,1.20889,0.75,0.75
28.04.2021 00:48:05.231 GMT+0200,1.20893,1.20889,0.75,0.75
28.04.2021 00:48:12.166 GMT+0200,1.20893,1.2089,0.75,0.75
28.04.2021 00:48:13.772 GMT+0200,1.2089400000000001,1.2089,0.75,0.75
28.04.2021 00:48:13.873 GMT+0200,1.2089400000000001,1.2089100000000002,0.75,0.75
28.04.2021 00:48:19.349 GMT+0200,1.20893,1.2089,0.75,0.75
28.04.2021 00:48:51.647 GMT+0200,1.2089400000000001,1.2089,0.56,0.75
28.04.2021 00:48:55.226 GMT+0200,1.2089100000000002,1.20888,0.75,4.95
28.04.2021 00:48:55.607 GMT+0200,1.2089200000000002,1.20889,0.75,3
28.04.2021 00:48:55.713 GMT+0200,1.2089200000000002,1.2089,0.75,0.75
28.04.2021 00:49:11.391 GMT+0200,1.2089100000000002,1.20889,0.56,0.75
28.04.2021 00:49:11.494 GMT+0200,1.2089,1.20888,0.75,0.75
28.04.2021 00:49:17.143 GMT+0200,1.20889,1.20888,0.75,1.5
28.04.2021 00:49:31.259 GMT+0200,1.2089,1.20888,0.75,0.75
28.04.2021 00:49:31.361 GMT+0200,1.2089200000000002,1.20889,0.75,0.75
28.04.2021 00:49:37.102 GMT+0200,1.2089200000000002,1.2089,0.75,0.75
28.04.2021 00:49:37.255 GMT+0200,1.2089200000000002,1.20889,0.75,0.75
28.04.2021 00:49:49.994 GMT+0200,1.2089100000000002,1.20888,0.75,0.75
28.04.2021 00:49:50.196 GMT+0200,1.2089100000000002,1.2088700000000001,0.75,0.75
28.04.2021 00:49:59.394 GMT+0200,1.2089100000000002,1.20886,2.06,1.5
28.04.2021 00:50:00.511 GMT+0200,1.2089,1.20886,0.75,1.5
28.04.2021 00:50:11.859 GMT+0200,1.2089,1.2088700000000001,0.75,0.75
28.04.2021 00:50:38.131 GMT+0200,1.2089100000000002,1.2088700000000001,2.06,0.75
28.04.2021 00:51:03.091 GMT+0200,1.2089,1.20886,4.87,0.75
28.04.2021 00:51:03.193 GMT+0200,1.20889,1.20884,2.44,0.75
28.04.2021 00:51:03.346 GMT+0200,1.2088700000000001,1.20885,0.37,0.75
28.04.2021 00:51:03.447 GMT+0200,1.2088700000000001,1.20883,0.75,0.75
28.04.2021 00:51:09.781 GMT+0200,1.20888,1.20884,1.5,0.75
28.04.2021 00:51:09.984 GMT+0200,1.20889,1.20884,1.31,1.5
28.04.2021 00:51:10.087 GMT+0200,1.20888,1.20886,1.31,0.75
28.04.2021 00:51:17.629 GMT+0200,1.20888,1.2088200000000002,3.94,5.25
28.04.2021 00:51:17.731 GMT+0200,1.2088700000000001,1.2088200000000002,1.12,2.25
28.04.2021 00:51:17.833 GMT+0200,1.2088700000000001,1.20883,1.12,1.5
28.04.2021 00:51:18.777 GMT+0200,1.20888,1.20884,0.37,1.5
28.04.2021 00:51:18.878 GMT+0200,1.20889,1.20884,1.69,1.5
28.04.2021 00:51:23.030 GMT+0200,1.20889,1.20885,1.69,0.75
28.04.2021 00:52:03.101 GMT+0200,1.20889,1.20884,1.69,1.5
28.04.2021 00:52:08.123 GMT+0200,1.20889,1.20885,4.69,0.75
28.04.2021 00:52:08.332 GMT+0200,1.20889,1.20884,4.69,2.25
28.04.2021 00:52:08.949 GMT+0200,1.20886,1.20885,0.75,1.5
28.04.2021 00:52:09.101 GMT+0200,1.20886,1.20884,0.75,0.75
28.04.2021 00:52:09.153 GMT+0200,1.20886,1.2088200000000002,0.75,0.75
28.04.2021 00:52:09.459 GMT+0200,1.2088700000000001,1.20883,0.75,1.5
28.04.2021 00:52:09.774 GMT+0200,1.20885,1.20884,0.75,0.75
28.04.2021 00:52:09.875 GMT+0200,1.20886,1.2088200000000002,0.75,0.75
28.04.2021 00:52:16.048 GMT+0200,1.20886,1.2088100000000002,0.75,2.25
28.04.2021 00:53:03.532 GMT+0200,1.20886,1.2088200000000002,1.12,0.75
28.04.2021 00:53:14.490 GMT+0200,1.2088700000000001,1.20884,0.75,0.75
28.04.2021 00:53:14.592 GMT+0200,1.2088700000000001,1.20885,0.75,0.75
28.04.2021 00:53:15.027 GMT+0200,1.20889,1.20885,0.75,0.75
28.04.2021 00:53:20.031 GMT+0200,1.20889,1.20886,0.75,0.75
28.04.2021 00:54:04.974 GMT+0200,1.20889,1.20885,0.94,0.75
28.04.2021 00:54:20.209 GMT+0200,1.20886,1.2088200000000002,0.75,0.75
28.04.2021 00:54:20.310 GMT+0200,1.20886,1.2088100000000002,0.75,4.5
28.04.2021 00:54:27.199 GMT+0200,1.20886,1.2088200000000002,0.75,1.5
28.04.2021 00:54:30.767 GMT+0200,1.20885,1.2088100000000002,0.75,4.5
28.04.2021 00:54:30.868 GMT+0200,1.20885,1.2088200000000002,0.75,0.75
28.04.2021 00:54:47.354 GMT+0200,1.20883,1.2088200000000002,0.75,0.75
28.04.2021 00:54:47.455 GMT+0200,1.20884,1.2088,0.75,0.75
28.04.2021 00:54:47.557 GMT+0200,1.20883,1.20879,0.75,3
28.04.2021 00:54:50.279 GMT+0200,1.20883,1.2088,0.75,0.75
28.04.2021 00:54:50.381 GMT+0200,1.20884,1.20879,0.75,1.87
28.04.2021 00:54:50.482 GMT+0200,1.20883,1.20879,0.75,0.75
28.04.2021 00:55:47.916 GMT+0200,1.20884,1.2088,0.75,0.75
28.04.2021 00:56:15.026 GMT+0200,1.20885,1.2088,0.75,4.5
28.04.2021 00:56:15.128 GMT+0200,1.20885,1.2088100000000002,0.75,0.75
28.04.2021 00:56:15.229 GMT+0200,1.20886,1.2088200000000002,0.94,0.75
28.04.2021 00:56:15.331 GMT+0200,1.20886,1.20883,1.31,1.5
28.04.2021 00:56:56.422 GMT+0200,1.20886,1.20884,0.75,0.75
28.04.2021 00:56:58.149 GMT+0200,1.2088700000000001,1.20884,0.75,0.75
28.04.2021 00:56:58.251 GMT+0200,1.20889,1.20884,4.69,1.5
28.04.2021 00:57:09.456 GMT+0200,1.2089,1.20885,4.31,1.5
28.04.2021 00:57:13.053 GMT+0200,1.2089,1.20886,0.75,0.75
28.04.2021 00:57:16.849 GMT+0200,1.2089100000000002,1.20886,0.75,4.5
28.04.2021 00:57:20.480 GMT+0200,1.2089100000000002,1.20888,0.37,0.75
28.04.2021 00:57:20.531 GMT+0200,1.20893,1.20888,0.94,1.5
28.04.2021 00:57:21.990 GMT+0200,1.20893,1.2088700000000001,2.06,5.25
28.04.2021 00:57:40.147 GMT+0200,1.20893,1.20888,1.31,0.75
28.04.2021 00:58:33.090 GMT+0200,1.2089100000000002,1.20886,0.75,3.75
28.04.2021 00:58:49.242 GMT+0200,1.20889,1.20884,1.12,1.5
28.04.2021 00:58:49.345 GMT+0200,1.20889,1.20883,5.25,4.57
28.04.2021 01:00:00.325 GMT+0200,1.20889,1.20884,1.12,0.75
28.04.2021 01:00:00.427 GMT+0200,1.20889,1.20883,2.25,5.25
28.04.2021 01:00:00.680 GMT+0200,1.20889,1.20884,1.5,0.75
28.04.2021 01:00:00.832 GMT+0200,1.2089,1.20885,4.5,0.75
28.04.2021 01:00:01.034 GMT+0200,1.2089,1.20886,0.75,0.75
28.04.2021 01:00:01.249 GMT+0200,1.2089,1.20885,0.75,3
28.04.2021 01:00:01.350 GMT+0200,1.2089,1.20886,0.75,0.75
28.04.2021 01:00:05.713 GMT+0200,1.2089100000000002,1.20886,4.31,0.75
28.04.2021 01:00:05.872 GMT+0200,1.2089200000000002,1.20886,4.69,4.5
28.04.2021 01:00:05.975 GMT+0200,1.2089100000000002,1.20888,0.37,4.5
28.04.2021 01:00:06.077 GMT+0200,1.2089100000000002,1.20886,1.5,0.82
28.04.2021 01:00:06.231 GMT+0200,1.2089100000000002,1.20885,5.44,4.5
28.04.2021 01:00:06.333 GMT+0200,1.2089,1.20885,1.12,3.75
28.04.2021 01:00:06.587 GMT+0200,1.20889,1.20885,0.37,0.75
28.04.2021 01:00:06.688 GMT+0200,1.20889,1.20884,1.5,0.75
28.04.2021 01:00:22.434 GMT+0200,1.2089,1.20885,1.69,4.5
28.04.2021 01:00:22.537 GMT+0200,1.2089100000000002,1.20886,2.44,3
28.04.2021 01:01:13.495 GMT+0200,1.20893,1.2089,3.18,0.75
28.04.2021 01:01:13.597 GMT+0200,1.20895,1.2089,11.81,0.75
28.04.2021 01:01:14.153 GMT+0200,1.20896,1.2089,4.69,4.01
28.04.2021 01:01:27.469 GMT+0200,1.20896,1.2089200000000002,4.69,0.37
28.04.2021 01:01:27.769 GMT+0200,1.20896,1.2089,4.69,5.14
28.04.2021 01:01:33.965 GMT+0200,1.20896,1.2089100000000002,4.69,0.75
28.04.2021 01:02:02.433 GMT+0200,1.20897,1.2089100000000002,4.57,4.5
28.04.2021 01:02:04.956 GMT+0200,1.20896,1.2089100000000002,0.75,4.58
28.04.2021 01:02:08.189 GMT+0200,1.20896,1.2089200000000002,0.75,0.83
28.04.2021 01:02:14.299 GMT+0200,1.20896,1.2089100000000002,0.75,4.58
28.04.2021 01:02:55.112 GMT+0200,1.20896,1.2089200000000002,0.75,0.11
28.04.2021 01:02:55.213 GMT+0200,1.20896,1.2089100000000002,0.75,4.58
28.04.2021 01:02:59.773 GMT+0200,1.20895,1.2089100000000002,0.37,0.75
28.04.2021 01:03:01.019 GMT+0200,1.20896,1.2089100000000002,0.94,0.75
28.04.2021 01:03:01.070 GMT+0200,1.20896,1.2089400000000001,1.5,1.5
28.04.2021 01:03:01.121 GMT+0200,1.20899,1.2089400000000001,3.93,2.81
28.04.2021 01:03:01.222 GMT+0200,1.209,1.20895,1.76,0.75
28.04.2021 01:03:25.101 GMT+0200,1.2090100000000001,1.20895,4.79,3.94
28.04.2021 01:03:50.167 GMT+0200,1.2090100000000001,1.20896,0.67,4.5
28.04.2021 01:03:50.268 GMT+0200,1.209,1.20895,0.94,4.5
28.04.2021 01:04:05.063 GMT+0200,1.2090100000000001,1.20899,3.75,1.5
28.04.2021 01:04:05.165 GMT+0200,1.2090200000000002,1.20899,0.75,0.75
28.04.2021 01:04:05.266 GMT+0200,1.2090100000000001,1.20898,0.37,3.94
28.04.2021 01:04:06.074 GMT+0200,1.2090200000000002,1.209,0.37,0.75
28.04.2021 01:04:06.125 GMT+0200,1.2090400000000001,1.209,0.75,0.75
28.04.2021 01:04:06.226 GMT+0200,1.20905,1.209,0.75,0.75
28.04.2021 01:04:06.378 GMT+0200,1.20905,1.2090100000000001,0.75,0.75
28.04.2021 01:04:06.580 GMT+0200,1.20905,1.209,0.75,0.75
28.04.2021 01:04:06.883 GMT+0200,1.20905,1.2090100000000001,0.75,0.75
28.04.2021 01:04:31.234 GMT+0200,1.20905,1.20899,1.69,0.75
28.04.2021 01:04:31.350 GMT+0200,1.20903,1.20899,0.37,0.75
28.04.2021 01:04:53.221 GMT+0200,1.2090400000000001,1.20899,3.94,0.75
28.04.2021 01:04:53.527 GMT+0200,1.20903,1.20899,0.37,0.75
28.04.2021 01:05:00.371 GMT+0200,1.2090400000000001,1.20899,3.94,0.75
28.04.2021 01:05:02.348 GMT+0200,1.2090400000000001,1.209,0.94,0.75
28.04.2021 01:05:08.726 GMT+0200,1.20905,1.209,0.94,3.75
28.04.2021 01:05:08.827 GMT+0200,1.20903,1.2090100000000001,0.1,3.75
28.04.2021 01:05:20.925 GMT+0200,1.20906,1.2090100000000001,3.75,0.75
28.04.2021 01:05:28.006 GMT+0200,1.20905,1.2090100000000001,0.37,0.75
28.04.2021 01:05:28.359 GMT+0200,1.20906,1.2090100000000001,3.94,0.75
28.04.2021 01:05:34.639 GMT+0200,1.20906,1.2090200000000002,0.19,0.75
28.04.2021 01:05:45.884 GMT+0200,1.20907,1.2090200000000002,3.94,0.75
28.04.2021 01:05:56.928 GMT+0200,1.20906,1.2090200000000002,0.19,0.75
28.04.2021 01:06:48.912 GMT+0200,1.20907,1.2090200000000002,0.56,4.5
28.04.2021 01:06:49.064 GMT+0200,1.20909,1.2090400000000001,6.93,2.81
28.04.2021 01:06:49.166 GMT+0200,1.2091,1.20906,0.37,0.75
28.04.2021 01:06:49.318 GMT+0200,1.20909,1.20906,0.19,0.75
28.04.2021 01:06:49.369 GMT+0200,1.20909,1.2090400000000001,0.56,3.75
28.04.2021 01:06:54.340 GMT+0200,1.20908,1.2090400000000001,0.19,0.75
28.04.2021 01:06:55.435 GMT+0200,1.20909,1.2090400000000001,1.69,0.75
28.04.2021 01:07:02.050 GMT+0200,1.20907,1.2090200000000002,1.12,3.75
28.04.2021 01:07:08.031 GMT+0200,1.20907,1.2090100000000001,1.12,4.57
28.04.2021 01:07:09.816 GMT+0200,1.20907,1.20903,1.12,0.37
28.04.2021 01:07:10.153 GMT+0200,1.20906,1.2090200000000002,1.12,4.57
28.04.2021 01:07:18.757 GMT+0200,1.20906,1.2090100000000001,0.75,4.57
28.04.2021 01:07:21.121 GMT+0200,1.20905,1.2090100000000001,1.69,3
28.04.2021 01:07:21.222 GMT+0200,1.20903,1.209,1.12,3.82
28.04.2021 01:07:21.323 GMT+0200,1.20903,1.20899,0.75,0.75
28.04.2021 01:07:21.526 GMT+0200,1.20903,1.20898,1.5,5.25
28.04.2021 01:07:29.566 GMT+0200,1.20903,1.20899,0.75,0.75
28.04.2021 01:07:50.185 GMT+0200,1.2090400000000001,1.20899,0.94,0.75
28.04.2021 01:08:02.841 GMT+0200,1.20906,1.209,5.62,2.44
28.04.2021 01:08:02.942 GMT+0200,1.20905,1.2090200000000002,1.31,4.5
28.04.2021 01:08:40.284 GMT+0200,1.20907,1.2090200000000002,0.75,4.39
28.04.2021 01:08:40.385 GMT+0200,1.20909,1.20903,5.44,5.44
28.04.2021 01:08:40.487 GMT+0200,1.20909,1.2090400000000001,3.19,0.75
28.04.2021 01:08:42.391 GMT+0200,1.2091,1.2090400000000001,1.5,0.75
28.04.2021 01:08:55.084 GMT+0200,1.2091,1.20906,0.37,0.75
28.04.2021 01:08:55.135 GMT+0200,1.2091200000000002,1.20906,5.44,4.5
28.04.2021 01:08:55.286 GMT+0200,1.2091100000000001,1.20906,0.37,4.5
28.04.2021 01:09:02.678 GMT+0200,1.2091,1.20906,0.75,4.5
28.04.2021 01:09:02.780 GMT+0200,1.20909,1.2090400000000001,0.37,4.57
28.04.2021 01:09:02.881 GMT+0200,1.20908,1.2090400000000001,0.37,0.75
28.04.2021 01:09:03.997 GMT+0200,1.20907,1.2090400000000001,0.37,5.25
28.04.2021 01:09:05.068 GMT+0200,1.20907,1.20903,4.5,4.76
28.04.2021 01:09:08.847 GMT+0200,1.20907,1.2090200000000002,1.5,3.75
28.04.2021 01:09:30.473 GMT+0200,1.20906,1.2090200000000002,0.37,0.75
28.04.2021 01:10:54.920 GMT+0200,1.20905,1.2090200000000002,0.75,0.75
28.04.2021 01:10:54.971 GMT+0200,1.20903,1.209,0.75,6
28.04.2021 01:10:55.073 GMT+0200,1.2090400000000001,1.209,1.5,7.32
28.04.2021 01:10:55.175 GMT+0200,1.2090200000000002,1.20898,1.5,0.75
28.04.2021 01:10:55.277 GMT+0200,1.2090200000000002,1.20897,1.5,2.25
28.04.2021 01:10:55.681 GMT+0200,1.2090100000000001,1.20897,0.75,5.25
28.04.2021 01:10:59.385 GMT+0200,1.209,1.20897,0.75,0.75
28.04.2021 01:10:59.621 GMT+0200,1.209,1.20896,0.75,2.25
28.04.2021 01:11:00.146 GMT+0200,1.2090100000000001,1.20897,0.75,1.31
28.04.2021 01:11:33.516 GMT+0200,1.2090100000000001,1.20898,0.75,0.37
28.04.2021 01:11:33.884 GMT+0200,1.2090100000000001,1.20897,0.75,0.75
28.04.2021 01:11:43.104 GMT+0200,1.20897,1.2089400000000001,0.75,0.75
28.04.2021 01:11:43.155 GMT+0200,1.20899,1.20895,3,0.94
28.04.2021 01:11:43.257 GMT+0200,1.20899,1.2089400000000001,6.19,0.75
28.04.2021 01:11:43.359 GMT+0200,1.20897,1.20895,0.37,0.75
28.04.2021 01:11:47.132 GMT+0200,1.20897,1.20896,0.37,0.75
28.04.2021 01:11:47.233 GMT+0200,1.20899,1.20895,0.75,1.5
28.04.2021 01:11:58.224 GMT+0200,1.209,1.20896,0.75,0.75
28.04.2021 01:13:06.088 GMT+0200,1.209,1.20897,0.75,0.37
28.04.2021 01:13:06.402 GMT+0200,1.209,1.20896,0.75,1.57
28.04.2021 01:13:35.216 GMT+0200,1.2090100000000001,1.20898,0.75,0.94
28.04.2021 01:13:35.318 GMT+0200,1.20903,1.20898,1.5,2.44
28.04.2021 01:13:39.265 GMT+0200,1.209,1.20897,0.75,0.75
28.04.2021 01:13:39.467 GMT+0200,1.209,1.20896,0.75,4.69
28.04.2021 01:14:10.551 GMT+0200,1.209,1.20895,0.75,7.01
28.04.2021 01:14:15.106 GMT+0200,1.20898,1.20896,0.75,1.76
28.04.2021 01:14:19.006 GMT+0200,1.20898,1.2089400000000001,1.87,0.75
28.04.2021 01:14:19.108 GMT+0200,1.20895,1.20893,0.75,5.82
28.04.2021 01:14:19.209 GMT+0200,1.20895,1.2089200000000002,0.75,0.75
28.04.2021 01:14:20.648 GMT+0200,1.20897,1.2089200000000002,0.75,2.89
28.04.2021 01:14:22.028 GMT+0200,1.20897,1.2089400000000001,0.75,0.75
28.04.2021 01:14:51.344 GMT+0200,1.20895,1.20893,0.75,0.75
28.04.2021 01:14:52.019 GMT+0200,1.2089400000000001,1.2089200000000002,0.75,0.82
28.04.2021 01:14:54.225 GMT+0200,1.20896,1.20893,0.75,1.5
28.04.2021 01:14:54.328 GMT+0200,1.20897,1.20893,0.75,2.25
28.04.2021 01:15:00.474 GMT+0200,1.20896,1.2089100000000002,0.75,11.14
28.04.2021 01:15:00.676 GMT+0200,1.20895,1.2089100000000002,0.75,1.57
28.04.2021 01:15:05.427 GMT+0200,1.20896,1.20893,0.75,1.5
28.04.2021 01:15:05.529 GMT+0200,1.20897,1.2089400000000001,0.75,0.75
28.04.2021 01:15:58.541 GMT+0200,1.20896,1.2089400000000001,0.75,1.57
28.04.2021 01:15:58.712 GMT+0200,1.20896,1.20893,0.75,0.75
28.04.2021 01:15:59.291 GMT+0200,1.20896,1.2089200000000002,0.75,0.75
28.04.2021 01:16:00.832 GMT+0200,1.20896,1.2089100000000002,0.75,2.32
28.04.2021 01:16:16.723 GMT+0200,1.2089400000000001,1.2089,0.75,0.75
28.04.2021 01:16:16.824 GMT+0200,1.20893,1.20888,0.75,4.76
28.04.2021 01:16:16.925 GMT+0200,1.2089200000000002,1.20888,0.75,1.76
28.04.2021 01:16:57.999 GMT+0200,1.20893,1.20888,1.12,1.57
28.04.2021 01:17:01.213 GMT+0200,1.2089400000000001,1.2089,0.75,0.75
28.04.2021 01:17:01.467 GMT+0200,1.20895,1.2089100000000002,1.5,0.75
28.04.2021 01:17:35.081 GMT+0200,1.20896,1.2089200000000002,1.5,0.75
28.04.2021 01:18:10.108 GMT+0200,1.20895,1.2089100000000002,1.69,0.75
28.04.2021 01:18:10.210 GMT+0200,1.2089400000000001,1.20889,2.25,0.75
28.04.2021 01:18:28.388 GMT+0200,1.20893,1.20889,0.37,0.75
28.04.2021 01:18:45.652 GMT+0200,1.20895,1.2089,1.2,5.25
28.04.2021 01:18:50.075 GMT+0200,1.20895,1.2089100000000002,0.75,0.75
28.04.2021 01:18:56.727 GMT+0200,1.20896,1.2089200000000002,0.75,1.5
28.04.2021 01:19:01.747 GMT+0200,1.20896,1.20893,0.75,0.75
28.04.2021 01:19:01.949 GMT+0200,1.20898,1.20893,2.51,1.5
28.04.2021 01:19:11.200 GMT+0200,1.20896,1.20893,0.75,0.75
28.04.2021 01:19:24.010 GMT+0200,1.20895,1.20893,0.75,0.75
28.04.2021 01:19:24.112 GMT+0200,1.20895,1.2089200000000002,0.75,1.5
28.04.2021 01:19:47.837 GMT+0200,1.20896,1.2089400000000001,0.75,2.32
28.04.2021 01:19:47.942 GMT+0200,1.20898,1.20895,0.75,0.75
28.04.2021 01:19:48.145 GMT+0200,1.20897,1.20896,0.75,0.75
28.04.2021 01:19:48.247 GMT+0200,1.20897,1.2089400000000001,0.75,0.75
28.04.2021 01:19:48.299 GMT+0200,1.20896,1.2089200000000002,0.75,4.5
28.04.2021 01:20:13.097 GMT+0200,1.20895,1.2089200000000002,0.75,0.75
28.04.2021 01:20:14.295 GMT+0200,1.20896,1.2089200000000002,1.5,0.75
28.04.2021 01:20:14.793 GMT+0200,1.20895,1.2089200000000002,2.25,1.57
28.04.2021 01:20:18.203 GMT+0200,1.2089400000000001,1.2089100000000002,0.75,0.75
28.04.2021 01:20:18.305 GMT+0200,1.2089200000000002,1.20889,0.75,0.75
28.04.2021 01:20:18.406 GMT+0200,1.2089,1.2088700000000001,0.75,8.25
28.04.2021 01:20:18.508 GMT+0200,1.2089,1.20886,0.75,0.94
28.04.2021 01:20:44.300 GMT+0200,1.2089,1.2088700000000001,0.75,0.75
28.04.2021 01:20:57.577 GMT+0200,1.2089100000000002,1.2088700000000001,1.5,1.5
28.04.2021 01:21:01.714 GMT+0200,1.2089100000000002,1.20888,0.75,0.75
28.04.2021 01:21:03.842 GMT+0200,1.2089100000000002,1.2088700000000001,0.75,2.25
28.04.2021 01:21:16.966 GMT+0200,1.20889,1.2088700000000001,0.75,5.44
28.04.2021 01:21:58.420 GMT+0200,1.20889,1.20886,0.75,0.19
28.04.2021 01:22:05.079 GMT+0200,1.20889,1.20885,0.75,1.69
28.04.2021 01:22:17.498 GMT+0200,1.20889,1.20886,0.75,0.19
28.04.2021 01:22:47.324 GMT+0200,1.2089100000000002,1.20888,0.75,1.5
28.04.2021 01:22:47.476 GMT+0200,1.2089100000000002,1.2088700000000001,0.75,2.44
28.04.2021 01:23:23.414 GMT+0200,1.20889,1.2088700000000001,0.75,4.76
28.04.2021 01:23:38.524 GMT+0200,1.20889,1.20886,0.75,0.94
28.04.2021 01:23:39.485 GMT+0200,1.20889,1.20885,0.75,2.25
28.04.2021 01:24:07.655 GMT+0200,1.20888,1.2088700000000001,0.75,0.37
28.04.2021 01:24:07.927 GMT+0200,1.20889,1.2088700000000001,0.75,0.37
28.04.2021 01:24:07.978 GMT+0200,1.20889,1.20885,0.75,6.94
28.04.2021 01:24:11.173 GMT+0200,1.20889,1.20886,0.75,0.75
28.04.2021 01:24:22.665 GMT+0200,1.20889,1.20885,0.75,5.44
28.04.2021 01:24:42.255 GMT+0200,1.20889,1.20886,0.75,0.75
28.04.2021 01:24:42.583 GMT+0200,1.20888,1.20885,0.75,3.75
28.04.2021 01:24:45.280 GMT+0200,1.20888,1.20884,0.75,2.89
28.04.2021 01:24:46.585 GMT+0200,1.20888,1.20885,0.75,0.75
28.04.2021 01:24:46.736 GMT+0200,1.20889,1.20885,0.75,1.01
28.04.2021 01:25:04.645 GMT+0200,1.20889,1.20886,0.75,0.75
28.04.2021 01:25:12.914 GMT+0200,1.20889,1.20885,0.75,1.69
28.04.2021 01:25:13.116 GMT+0200,1.20888,1.2088700000000001,0.75,0.75
28.04.2021 01:25:13.348 GMT+0200,1.20889,1.20885,0.75,0.75
28.04.2021 01:25:29.966 GMT+0200,1.2089,1.20886,0.75,0.94
28.04.2021 01:25:43.435 GMT+0200,1.20889,1.20886,0.75,0.75
28.04.2021 01:25:53.391 GMT+0200,1.20889,1.20885,0.75,1.5
28.04.2021 01:25:53.492 GMT+0200,1.20889,1.20886,0.75,0.75
28.04.2021 01:26:01.715 GMT+0200,1.20889,1.20885,0.75,1.5
28.04.2021 01:26:03.571 GMT+0200,1.20888,1.20885,0.75,0.75
28.04.2021 01:26:04.703 GMT+0200,1.20889,1.20885,0.75,2.25
28.04.2021 01:26:12.724 GMT+0200,1.20889,1.20886,0.75,0.75
28.04.2021 01:26:13.890 GMT+0200,1.20889,1.20885,1.5,1.5
28.04.2021 01:26:16.567 GMT+0200,1.20889,1.20886,0.75,0.75
28.04.2021 01:26:23.887 GMT+0200,1.20888,1.20885,0.75,0.75
28.04.2021 01:26:23.988 GMT+0200,1.20888,1.20884,0.75,1.69
28.04.2021 01:26:33.744 GMT+0200,1.2088700000000001,1.20884,0.75,1.5
28.04.2021 01:26:36.481 GMT+0200,1.20888,1.20884,0.75,2.25
28.04.2021 01:26:39.385 GMT+0200,1.20889,1.20885,0.75,1.5
28.04.2021 01:26:39.817 GMT+0200,1.20888,1.20884,0.75,1.5
28.04.2021 01:27:15.234 GMT+0200,1.20888,1.20885,0.75,0.75
28.04.2021 01:27:31.336 GMT+0200,1.20888,1.20884,0.75,8.07
28.04.2021 01:27:44.563 GMT+0200,1.20888,1.20885,0.75,0.75
28.04.2021 01:27:55.255 GMT+0200,1.20888,1.20886,0.75,2.25
28.04.2021 01:28:23.078 GMT+0200,1.20889,1.20886,0.75,0.75
28.04.2021 01:28:36.008 GMT+0200,1.20888,1.20885,0.75,3.75
28.04.2021 01:28:36.110 GMT+0200,1.20888,1.20884,0.75,6
28.04.2021 01:28:36.211 GMT+0200,1.2088700000000001,1.20884,0.75,1.5
28.04.2021 01:28:54.123 GMT+0200,1.20886,1.20884,0.75,0.75
28.04.2021 01:28:54.225 GMT+0200,1.2088700000000001,1.20884,0.75,1.5
28.04.2021 01:28:54.478 GMT+0200,1.20886,1.20884,0.75,0.75
28.04.2021 01:28:55.093 GMT+0200,1.20885,1.2088100000000002,0.75,1.5
28.04.2021 01:29:02.081 GMT+0200,1.20884,1.2088,0.75,5.25
28.04.2021 01:29:19.512 GMT+0200,1.20884,1.2088100000000002,0.75,0.75
28.04.2021 01:29:57.240 GMT+0200,1.20884,1.2088,0.75,1.5
28.04.2021 01:30:51.189 GMT+0200,1.20884,1.2088100000000002,0.75,0.82
28.04.2021 01:31:04.319 GMT+0200,1.20884,1.2088200000000002,0.75,0.75
28.04.2021 01:31:11.663 GMT+0200,1.20885,1.2088200000000002,0.75,0.75
28.04.2021 01:31:13.179 GMT+0200,1.20888,1.20885,3.37,0.94
28.04.2021 01:31:30.789 GMT+0200,1.20888,1.2088700000000001,0.75,0.19
28.04.2021 01:31:32.754 GMT+0200,1.2089100000000002,1.20889,0.75,1.95
28.04.2021 01:31:32.805 GMT+0200,1.20893,1.2089,0.75,0.82
28.04.2021 01:31:32.907 GMT+0200,1.2089400000000001,1.2089100000000002,7.5,1.01
28.04.2021 01:31:33.008 GMT+0200,1.20895,1.2089100000000002,1.5,4.01
28.04.2021 01:31:38.035 GMT+0200,1.20897,1.2089200000000002,1.12,1.76
28.04.2021 01:31:39.036 GMT+0200,1.20896,1.2089400000000001,0.75,1.5
28.04.2021 01:31:39.412 GMT+0200,1.20895,1.20893,0.75,1.5
28.04.2021 01:31:39.463 GMT+0200,1.20895,1.2089100000000002,0.75,3.26
28.04.2021 01:31:39.615 GMT+0200,1.2089400000000001,1.2089100000000002,0.75,0.1
28.04.2021 01:31:44.287 GMT+0200,1.20895,1.2089100000000002,0.75,0.82
28.04.2021 01:31:55.429 GMT+0200,1.2089400000000001,1.2089100000000002,1.87,2.51
28.04.2021 01:31:56.326 GMT+0200,1.2089100000000002,1.20888,1.12,0.75
28.04.2021 01:31:56.427 GMT+0200,1.2089,1.20886,0.75,3.9
28.04.2021 01:32:02.322 GMT+0200,1.2089100000000002,1.2088700000000001,1.5,0.75
28.04.2021 01:32:02.424 GMT+0200,1.2089200000000002,1.2088700000000001,1.5,5.51
28.04.2021 01:32:04.206 GMT+0200,1.2089100000000002,1.2088700000000001,0.37,1.57
28.04.2021 01:32:04.510 GMT+0200,1.2089200000000002,1.2088700000000001,2.06,1.57
28.04.2021 01:32:04.799 GMT+0200,1.2089100000000002,1.2088700000000001,0.75,0.82
28.04.2021 01:32:05.264 GMT+0200,1.2089,1.20886,0.75,3.82
28.04.2021 01:32:57.804 GMT+0200,1.2089,1.2088700000000001,0.75,0.75
28.04.2021 01:32:57.906 GMT+0200,1.2089,1.20886,0.75,1.01
28.04.2021 01:33:48.241 GMT+0200,1.20888,1.20885,0.75,0.75
28.04.2021 01:33:48.342 GMT+0200,1.20888,1.20884,0.75,1.01
28.04.2021 01:33:48.444 GMT+0200,1.20885,1.20883,0.75,7.5
28.04.2021 01:33:48.495 GMT+0200,1.20885,1.2088100000000002,0.75,0.82
28.04.2021 01:33:48.596 GMT+0200,1.20885,1.2088200000000002,0.75,0.1
28.04.2021 01:33:48.810 GMT+0200,1.20885,1.2088100000000002,0.75,3.82
28.04.2021 01:33:53.142 GMT+0200,1.20884,1.2088100000000002,0.75,0.82
28.04.2021 01:34:22.336 GMT+0200,1.20883,1.2088100000000002,0.75,0.75
28.04.2021 01:35:35.254 GMT+0200,1.20884,1.2088100000000002,0.75,0.1
28.04.2021 01:35:37.265 GMT+0200,1.20884,1.2088200000000002,1.5,1.57
28.04.2021 01:36:05.081 GMT+0200,1.2088700000000001,1.20885,4.31,0.1
28.04.2021 01:36:05.183 GMT+0200,1.20888,1.20885,0.75,2.51
28.04.2021 01:36:05.234 GMT+0200,1.2089,1.20886,0.82,0.94
28.04.2021 01:37:20.869 GMT+0200,1.2089,1.20888,0.75,0.1
28.04.2021 01:37:20.971 GMT+0200,1.2089100000000002,1.20888,0.75,0.82
28.04.2021 01:37:21.176 GMT+0200,1.2089200000000002,1.20888,0.75,1.76
28.04.2021 01:37:36.693 GMT+0200,1.20893,1.2089,0.75,0.94
28.04.2021 01:37:36.795 GMT+0200,1.2089400000000001,1.2089,0.75,1.69
28.04.2021 01:37:46.213 GMT+0200,1.2089400000000001,1.2089100000000002,0.75,0.82
28.04.2021 01:38:02.902 GMT+0200,1.20895,1.2089200000000002,0.82,0.75
28.04.2021 01:38:51.318 GMT+0200,1.2089100000000002,1.20889,0.75,0.37
28.04.2021 01:38:51.420 GMT+0200,1.2089100000000002,1.20888,0.75,0.1
28.04.2021 01:38:54.892 GMT+0200,1.20893,1.20889,0.75,1.76
28.04.2021 01:38:54.993 GMT+0200,1.20893,1.2089,0.75,0.1
28.04.2021 01:39:18.848 GMT+0200,1.20893,1.2089100000000002,0.75,0.1
28.04.2021 01:39:18.900 GMT+0200,1.2089400000000001,1.2089200000000002,0.75,0.1
28.04.2021 01:40:19.398 GMT+0200,1.2089400000000001,1.2089100000000002,0.75,0.82
28.04.2021 01:41:28.391 GMT+0200,1.2089400000000001,1.2089200000000002,0.75,0.82
28.04.2021 01:41:55.790 GMT+0200,1.2089400000000001,1.20893,0.75,0.75
28.04.2021 01:41:55.908 GMT+0200,1.20895,1.2089100000000002,0.75,1.57
28.04.2021 01:43:10.302 GMT+0200,1.20895,1.2089200000000002,0.75,0.75
28.04.2021 01:43:31.910 GMT+0200,1.20895,1.2089100000000002,0.75,1.5
28.04.2021 01:44:30.913 GMT+0200,1.2089400000000001,1.20893,0.75,0.75
28.04.2021 01:44:45.935 GMT+0200,1.20895,1.2089100000000002,0.75,1.57
28.04.2021 01:44:47.490 GMT+0200,1.20895,1.2089200000000002,0.92,0.75
28.04.2021 01:44:47.595 GMT+0200,1.20895,1.2089100000000002,0.92,1.57
28.04.2021 01:45:22.037 GMT+0200,1.20897,1.2089400000000001,3.56,4.39
28.04.2021 01:45:22.139 GMT+0200,1.20898,1.20896,0.75,0.19
28.04.2021 01:45:22.240 GMT+0200,1.20899,1.20896,0.75,0.26
28.04.2021 01:45:22.774 GMT+0200,1.20899,1.20898,0.75,0.94
28.04.2021 01:45:22.825 GMT+0200,1.2090100000000001,1.20897,1.5,1.01
28.04.2021 01:45:40.091 GMT+0200,1.20899,1.20897,1.87,4.76
28.04.2021 01:45:40.142 GMT+0200,1.20898,1.20895,0.75,3.82
28.04.2021 01:45:40.243 GMT+0200,1.20899,1.20896,0.75,0.75
28.04.2021 01:45:42.594 GMT+0200,1.20899,1.20897,0.75,0.1
28.04.2021 01:45:48.230 GMT+0200,1.20899,1.20898,0.75,0.82
28.04.2021 01:45:48.624 GMT+0200,1.2090200000000002,1.2090100000000001,1.12,1.01
28.04.2021 01:45:48.777 GMT+0200,1.2090400000000001,1.209,0.75,5.51
28.04.2021 01:45:48.878 GMT+0200,1.2090400000000001,1.2090100000000001,0.75,0.1
28.04.2021 01:46:15.358 GMT+0200,1.20906,1.2090200000000002,1.5,0.75
28.04.2021 01:47:46.081 GMT+0200,1.20905,1.2090200000000002,0.11,0.82
28.04.2021 01:47:56.992 GMT+0200,1.2090400000000001,1.2090200000000002,0.11,0.75
28.04.2021 01:47:57.043 GMT+0200,1.20903,1.209,0.75,4.57
28.04.2021 01:47:57.094 GMT+0200,1.20898,1.20896,0.83,0.37
28.04.2021 01:47:57.196 GMT+0200,1.20899,1.20896,0.75,0.75
28.04.2021 01:47:57.298 GMT+0200,1.20899,1.20895,0.75,1.57
28.04.2021 01:48:10.924 GMT+0200,1.20899,1.20896,0.75,0.75
28.04.2021 01:49:22.054 GMT+0200,1.20898,1.20895,0.75,3.75
28.04.2021 01:49:22.156 GMT+0200,1.20897,1.20895,0.75,1.57
28.04.2021 01:49:22.207 GMT+0200,1.20897,1.20893,0.75,2.32
28.04.2021 01:49:39.076 GMT+0200,1.20897,1.2089400000000001,1.69,0.75
28.04.2021 01:49:40.593 GMT+0200,1.20899,1.20895,6.19,1.5
28.04.2021 01:49:41.576 GMT+0200,1.20898,1.20895,0.19,1.5
28.04.2021 01:49:41.679 GMT+0200,1.20899,1.20895,0.19,1.57
28.04.2021 01:49:42.504 GMT+0200,1.209,1.20896,1.69,1.57
28.04.2021 01:49:55.243 GMT+0200,1.2090100000000001,1.20898,0.94,0.75
28.04.2021 01:49:55.345 GMT+0200,1.2090200000000002,1.20898,2.25,0.75
28.04.2021 01:50:00.098 GMT+0200,1.2090200000000002,1.20899,0.75,1.5
28.04.2021 01:50:00.201 GMT+0200,1.2090400000000001,1.20899,7.76,0.75
28.04.2021 01:50:00.303 GMT+0200,1.2090200000000002,1.20899,0.37,0.75
28.04.2021 01:50:00.455 GMT+0200,1.20903,1.20899,6.94,0.75
28.04.2021 01:50:01.242 GMT+0200,1.2090200000000002,1.20899,2.44,0.75
28.04.2021 01:50:01.344 GMT+0200,1.209,1.20899,0.37,0.75
28.04.2021 01:50:06.948 GMT+0200,1.2090100000000001,1.20897,0.94,0.75
28.04.2021 01:50:20.995 GMT+0200,1.209,1.20897,0.94,0.75
28.04.2021 01:50:31.148 GMT+0200,1.20899,1.20897,1.57,0.75
28.04.2021 01:50:31.199 GMT+0200,1.2089400000000001,1.2089200000000002,0.26,13.32
28.04.2021 01:50:31.403 GMT+0200,1.2089400000000001,1.2089,4.57,1.5
28.04.2021 01:50:31.505 GMT+0200,1.2089200000000002,1.20889,0.75,1.12
28.04.2021 01:50:31.607 GMT+0200,1.20893,1.2089,0.75,0.75
28.04.2021 01:50:34.507 GMT+0200,1.20893,1.2089100000000002,0.75,0.75
28.04.2021 01:51:05.203 GMT+0200,1.2089400000000001,1.2089100000000002,0.75,0.75
28.04.2021 01:51:12.696 GMT+0200,1.20896,1.2089400000000001,1.31,0.75
28.04.2021 01:51:12.799 GMT+0200,1.20896,1.20895,0.75,0.75
28.04.2021 01:51:25.908 GMT+0200,1.20898,1.20895,0.75,0.75
28.04.2021 01:51:33.352 GMT+0200,1.20898,1.20896,0.75,0.75
28.04.2021 01:51:55.696 GMT+0200,1.20899,1.20896,0.75,0.75
28.04.2021 01:52:01.301 GMT+0200,1.20898,1.20895,0.75,0.82
28.04.2021 01:52:01.402 GMT+0200,1.20897,1.20895,0.75,0.75
28.04.2021 01:52:05.030 GMT+0200,1.20897,1.2089400000000001,0.75,0.75
28.04.2021 01:52:17.294 GMT+0200,1.20898,1.20895,0.75,0.82
28.04.2021 01:52:17.396 GMT+0200,1.20898,1.20896,0.75,0.75
28.04.2021 01:52:19.423 GMT+0200,1.20898,1.20897,0.75,0.75
28.04.2021 01:52:23.842 GMT+0200,1.20898,1.20896,0.75,0.75
28.04.2021 01:53:14.416 GMT+0200,1.209,1.20896,0.75,3.82
28.04.2021 01:53:14.602 GMT+0200,1.20898,1.20897,0.75,0.82
28.04.2021 01:53:15.288 GMT+0200,1.20899,1.20896,0.75,0.82
28.04.2021 01:53:46.687 GMT+0200,1.20899,1.20897,0.75,1.5
28.04.2021 01:53:47.018 GMT+0200,1.20899,1.20897,0.75,0.82
28.04.2021 01:54:05.676 GMT+0200,1.209,1.20896,0.75,3.82
28.04.2021 01:55:23.745 GMT+0200,1.20899,1.20898,0.75,0.75
28.04.2021 01:56:58.301 GMT+0200,1.209,1.20896,0.75,0.75
28.04.2021 01:57:14.031 GMT+0200,1.209,1.20897,0.75,0.75
28.04.2021 01:57:43.473 GMT+0200,1.209,1.20896,0.75,1.5
28.04.2021 01:57:50.003 GMT+0200,1.20899,1.20895,0.75,3
28.04.2021 01:57:50.973 GMT+0200,1.20895,1.20893,1.5,6.57
28.04.2021 01:57:51.075 GMT+0200,1.20897,1.2089400000000001,0.75,0.75
28.04.2021 01:57:51.705 GMT+0200,1.20896,1.2089100000000002,2.44,2.4
28.04.2021 01:57:51.756 GMT+0200,1.2089400000000001,1.2089100000000002,0.75,0.82
28.04.2021 01:57:51.857 GMT+0200,1.20893,1.2089,0.75,2.7
28.04.2021 01:57:53.954 GMT+0200,1.20896,1.20893,0.75,2.25
28.04.2021 01:57:54.056 GMT+0200,1.20897,1.2089400000000001,0.75,2.7
28.04.2021 01:57:56.546 GMT+0200,1.20895,1.2089100000000002,0.75,7.47
28.04.2021 01:58:02.692 GMT+0200,1.20896,1.2089200000000002,0.75,2.32
28.04.2021 01:58:08.031 GMT+0200,1.20896,1.20893,0.75,0.75
28.04.2021 01:58:16.653 GMT+0200,1.2089400000000001,1.2089100000000002,0.75,0.82
28.04.2021 01:58:23.030 GMT+0200,1.2089400000000001,1.2089,0.75,1.95
28.04.2021 01:58:44.882 GMT+0200,1.20895,1.2089200000000002,0.75,1.2
28.04.2021 01:58:44.983 GMT+0200,1.20895,1.20893,0.75,0.75
28.04.2021 01:59:07.588 GMT+0200,1.20897,1.20893,0.75,0.75
28.04.2021 01:59:07.838 GMT+0200,1.20898,1.20893,4.01,0.75
28.04.2021 01:59:13.457 GMT+0200,1.20897,1.2089200000000002,6.64,1.5
28.04.2021 01:59:13.660 GMT+0200,1.20896,1.2089200000000002,0.94,1.5
28.04.2021 01:59:53.031 GMT+0200,1.20895,1.2089200000000002,0.75,0.75
28.04.2021 02:00:00.189 GMT+0200,1.2089400000000001,1.2089,1.5,1.5
28.04.2021 02:00:00.938 GMT+0200,1.20895,1.2089,5.44,1.57
28.04.2021 02:00:05.008 GMT+0200,1.2089400000000001,1.2089,0.75,1.57
28.04.2021 02:00:05.274 GMT+0200,1.20893,1.2089,0.75,0.75
28.04.2021 02:00:05.376 GMT+0200,1.2089200000000002,1.20889,0.75,1.57
28.04.2021 02:00:08.047 GMT+0200,1.2089100000000002,1.20888,0.75,2.25
28.04.2021 02:00:08.149 GMT+0200,1.2089200000000002,1.2089,1.5,2.7
28.04.2021 02:00:12.345 GMT+0200,1.2089400000000001,1.2089,2.25,0.75
28.04.2021 02:00:12.801 GMT+0200,1.20893,1.20889,1.12,2.4
28.04.2021 02:00:12.903 GMT+0200,1.2089,1.20886,5.06,0.75
28.04.2021 02:00:13.157 GMT+0200,1.20888,1.20884,5.62,1.2
28.04.2021 02:00:13.208 GMT+0200,1.20884,1.2088200000000002,1.87,6.19
28.04.2021 02:00:13.310 GMT+0200,1.20884,1.2088,0.94,4.57
28.04.2021 02:00:20.155 GMT+0200,1.20884,1.2088100000000002,0.75,0.75
28.04.2021 02:00:20.322 GMT+0200,1.20885,1.2088100000000002,2.62,0.75
28.04.2021 02:00:21.289 GMT+0200,1.20885,1.2088,2.62,6.07
28.04.2021 02:00:29.733 GMT+0200,1.20884,1.2088,1.31,1.5
28.04.2021 02:00:36.317 GMT+0200,1.20883,1.2088,0.75,0.75
28.04.2021 02:00:51.189 GMT+0200,1.20883,1.20879,1.5,1.5
28.04.2021 02:00:51.291 GMT+0200,1.2088100000000002,1.2088,0.75,0.75
28.04.2021 02:00:51.633 GMT+0200,1.2088100000000002,1.2087700000000001,0.75,1.76
28.04.2021 02:00:51.735 GMT+0200,1.2088200000000002,1.20878,1.5,5.25
28.04.2021 02:00:55.311 GMT+0200,1.2088200000000002,1.20879,0.75,2.62
28.04.2021 02:00:55.413 GMT+0200,1.2088200000000002,1.20878,0.75,7.39
28.04.2021 02:00:55.773 GMT+0200,1.2088200000000002,1.20879,0.75,2.81
28.04.2021 02:01:01.290 GMT+0200,1.2088200000000002,1.20878,0.75,5.89
28.04.2021 02:01:01.543 GMT+0200,1.2088100000000002,1.20878,0.75,0.75
28.04.2021 02:01:04.031 GMT+0200,1.2088,1.20878,0.75,5.7
28.04.2021 02:01:04.846 GMT+0200,1.2088,1.2087700000000001,0.75,3.75
28.04.2021 02:01:04.948 GMT+0200,1.20879,1.2087700000000001,1.5,3.82
28.04.2021 02:01:05.313 GMT+0200,1.20879,1.20876,0.75,0.75
28.04.2021 02:01:05.364 GMT+0200,1.20878,1.20874,1.31,4.01
28.04.2021 02:01:05.415 GMT+0200,1.20875,1.20873,3.45,6.19
28.04.2021 02:01:05.517 GMT+0200,1.20875,1.2087100000000002,1.5,0.75
28.04.2021 02:01:11.445 GMT+0200,1.20874,1.2087100000000002,0.75,0.1
28.04.2021 02:01:11.914 GMT+0200,1.20874,1.2087,0.75,1.57
28.04.2021 02:01:12.446 GMT+0200,1.20874,1.2087100000000002,0.75,0.1
28.04.2021 02:01:23.337 GMT+0200,1.20876,1.20874,0.75,0.1
28.04.2021 02:01:23.439 GMT+0200,1.20878,1.20873,2.96,5.32
28.04.2021 02:01:23.490 GMT+0200,1.20876,1.20873,0.75,3.82
28.04.2021 02:01:31.151 GMT+0200,1.2087700000000001,1.20873,0.75,5.32
28.04.2021 02:01:31.253 GMT+0200,1.2087700000000001,1.20874,0.75,0.1
28.04.2021 02:01:35.220 GMT+0200,1.2087700000000001,1.20873,1.12,4.57
28.04.2021 02:01:35.322 GMT+0200,1.20875,1.20873,1.12,4.57
28.04.2021 02:01:38.206 GMT+0200,1.20875,1.2087100000000002,0.75,1.57
28.04.2021 02:01:38.733 GMT+0200,1.20868,1.20865,1.5,1.76
28.04.2021 02:01:38.835 GMT+0200,1.20862,1.2086000000000001,0.75,0.1
28.04.2021 02:01:38.886 GMT+0200,1.2086000000000001,1.20859,2.81,8.07
28.04.2021 02:01:38.937 GMT+0200,1.20862,1.20859,3.75,1.12
28.04.2021 02:01:39.039 GMT+0200,1.20863,1.20859,6,1.5
28.04.2021 02:01:39.090 GMT+0200,1.20864,1.2086100000000002,1.5,0.1
28.04.2021 02:01:39.192 GMT+0200,1.20864,1.2086000000000001,1.5,1.5
28.04.2021 02:01:39.294 GMT+0200,1.20864,1.2086100000000002,1.5,0.1
28.04.2021 02:01:39.856 GMT+0200,1.20865,1.2086100000000002,1.87,0.82
28.04.2021 02:01:43.948 GMT+0200,1.20864,1.2086100000000002,0.75,0.1
28.04.2021 02:01:44.736 GMT+0200,1.20863,1.20859,0.75,0.82
28.04.2021 02:01:44.889 GMT+0200,1.20864,1.2086000000000001,2.62,0.82
28.04.2021 02:01:45.041 GMT+0200,1.20864,1.2086100000000002,0.75,0.1
28.04.2021 02:01:46.061 GMT+0200,1.20864,1.2086000000000001,0.75,1.95
28.04.2021 02:01:46.164 GMT+0200,1.20864,1.2086100000000002,0.75,0.1
28.04.2021 02:01:49.289 GMT+0200,1.2086100000000002,1.20859,0.75,0.82
28.04.2021 02:01:49.493 GMT+0200,1.2086000000000001,1.20856,0.75,6.19
28.04.2021 02:01:51.388 GMT+0200,1.20859,1.20855,0.75,1.5
28.04.2021 02:01:51.490 GMT+0200,1.2085700000000001,1.20855,0.75,9.45
28.04.2021 02:01:57.719 GMT+0200,1.2085700000000001,1.2085299999999999,1.5,2.25
28.04.2021 02:01:58.023 GMT+0200,1.20856,1.20852,2.62,0.1
28.04.2021 02:01:58.125 GMT+0200,1.20856,1.2085100000000002,2.62,1.57
28.04.2021 02:01:58.176 GMT+0200,1.20854,1.2085100000000002,0.75,0.75
28.04.2021 02:02:00.102 GMT+0200,1.20854,1.2085000000000001,0.75,4.39
28.04.2021 02:02:03.512 GMT+0200,1.20852,1.2085000000000001,1.12,0.75
28.04.2021 02:02:03.563 GMT+0200,1.2085000000000001,1.20846,1.69,7.39
28.04.2021 02:02:03.665 GMT+0200,1.20849,1.20846,0.75,0.75
28.04.2021 02:02:03.766 GMT+0200,1.20849,1.20845,0.75,9
28.04.2021 02:02:05.560 GMT+0200,1.20849,1.20846,0.75,0.75
28.04.2021 02:02:05.662 GMT+0200,1.20849,1.20845,0.75,8.14
28.04.2021 02:02:10.833 GMT+0200,1.20848,1.2084700000000002,0.75,0.1
28.04.2021 02:02:11.280 GMT+0200,1.20849,1.20845,0.75,6.37
28.04.2021 02:02:11.331 GMT+0200,1.2084700000000002,1.20845,1.87,0.56
28.04.2021 02:02:11.433 GMT+0200,1.20845,1.20842,1.5,7.5
28.04.2021 02:02:11.534 GMT+0200,1.20845,1.20841,1.5,1.2
28.04.2021 02:02:19.908 GMT+0200,1.20846,1.20844,1.5,1.5
28.04.2021 02:02:20.010 GMT+0200,1.2084700000000002,1.20844,0.82,1.39
28.04.2021 02:02:20.112 GMT+0200,1.2084700000000002,1.20845,0.75,0.1
28.04.2021 02:02:20.213 GMT+0200,1.2084700000000002,1.20844,0.75,0.1
28.04.2021 02:02:20.316 GMT+0200,1.2084700000000002,1.20843,1.5,3.07
28.04.2021 02:02:20.518 GMT+0200,1.2084700000000002,1.20844,0.75,0.1
28.04.2021 02:02:20.620 GMT+0200,1.2084700000000002,1.20843,0.75,3.64
28.04.2021 02:02:23.024 GMT+0200,1.20848,1.20844,0.75,5.32
28.04.2021 02:02:23.126 GMT+0200,1.20848,1.20845,0.75,0.1
28.04.2021 02:02:35.406 GMT+0200,1.20849,1.20845,1.69,0.82
28.04.2021 02:02:54.211 GMT+0200,1.20848,1.20844,1.5,0.82
28.04.2021 02:02:54.313 GMT+0200,1.2084700000000002,1.20843,0.75,12.64
28.04.2021 02:02:57.456 GMT+0200,1.20848,1.20844,1.69,0.75
28.04.2021 02:02:57.660 GMT+0200,1.20848,1.20845,0.75,0.1
28.04.2021 02:02:57.761 GMT+0200,1.20849,1.20845,2.25,0.1
28.04.2021 02:02:58.118 GMT+0200,1.20848,1.20844,1.5,4.57
28.04.2021 02:02:58.221 GMT+0200,1.2084700000000002,1.20843,1.5,4.95
28.04.2021 02:03:00.061 GMT+0200,1.2084700000000002,1.20844,1.5,0.75
28.04.2021 02:03:01.881 GMT+0200,1.2084700000000002,1.20843,2.62,1.5
28.04.2021 02:03:02.134 GMT+0200,1.20846,1.20845,1.5,0.75
28.04.2021 02:03:04.713 GMT+0200,1.20845,1.20843,0.75,0.75
28.04.2021 02:03:04.815 GMT+0200,1.20844,1.20842,1.5,0.75
28.04.2021 02:03:08.129 GMT+0200,1.20845,1.20841,1.5,0.82
28.04.2021 02:03:12.963 GMT+0200,1.20842,1.2084000000000001,0.75,0.75
28.04.2021 02:03:13.014 GMT+0200,1.2083700000000002,1.20835,1.5,6.57
28.04.2021 02:03:13.116 GMT+0200,1.20835,1.20832,1.5,1.2
28.04.2021 02:03:13.426 GMT+0200,1.20838,1.20835,1.12,0.1
28.04.2021 02:03:13.477 GMT+0200,1.2083700000000002,1.20833,0.75,8.89
28.04.2021 02:03:13.528 GMT+0200,1.20839,1.20836,1.95,0.1
28.04.2021 02:03:13.630 GMT+0200,1.20838,1.20836,0.75,3.07
28.04.2021 02:03:14.528 GMT+0200,1.20839,1.20836,1.76,0.75
28.04.2021 02:03:14.631 GMT+0200,1.20836,1.20833,0.75,0.75
28.04.2021 02:03:14.734 GMT+0200,1.20836,1.20832,0.75,3.07
28.04.2021 02:03:15.506 GMT+0200,1.20836,1.20833,0.75,0.1
28.04.2021 02:03:15.609 GMT+0200,1.20836,1.20832,1.5,2.32
28.04.2021 02:03:15.782 GMT+0200,1.20836,1.20833,1.5,0.1
28.04.2021 02:03:16.406 GMT+0200,1.20836,1.20832,1.5,1.57
28.04.2021 02:03:16.659 GMT+0200,1.20835,1.20832,0.75,0.82
28.04.2021 02:03:21.649 GMT+0200,1.20835,1.20833,0.75,0.39
28.04.2021 02:03:21.700 GMT+0200,1.2083700000000002,1.20833,1.84,1.5
28.04.2021 02:03:21.801 GMT+0200,1.20836,1.20832,0.94,2.32
28.04.2021 02:03:23.678 GMT+0200,1.20835,1.20831,0.75,2.32
28.04.2021 02:03:39.121 GMT+0200,1.20835,1.20833,1.69,4.5
28.04.2021 02:03:43.933 GMT+0200,1.20835,1.20831,0.94,2.25
28.04.2021 02:03:45.817 GMT+0200,1.20835,1.20832,0.94,0.37
28.04.2021 02:03:46.073 GMT+0200,1.20835,1.20831,0.94,2.25
28.04.2021 02:04:23.868 GMT+0200,1.20835,1.20832,0.19,0.75
28.04.2021 02:04:23.969 GMT+0200,1.20836,1.20832,1.5,1.5
28.04.2021 02:04:25.606 GMT+0200,1.20835,1.20831,0.75,3.75
28.04.2021 02:04:30.661 GMT+0200,1.20836,1.20833,0.94,0.45
28.04.2021 02:04:30.712 GMT+0200,1.20838,1.20834,1.95,0.45
28.04.2021 02:04:30.864 GMT+0200,1.20838,1.20835,0.75,0.1
28.04.2021 02:04:32.102 GMT+0200,1.20838,1.2083700000000002,0.75,0.1
28.04.2021 02:04:35.079 GMT+0200,1.2084000000000001,1.20836,1.5,0.82
28.04.2021 02:04:35.605 GMT+0200,1.2084000000000001,1.2083700000000002,0.75,1.5
28.04.2021 02:04:35.656 GMT+0200,1.20842,1.20838,1.95,0.82
28.04.2021 02:04:39.226 GMT+0200,1.20841,1.20838,5.44,2.32
28.04.2021 02:04:39.327 GMT+0200,1.20842,1.20838,2.25,0.75
28.04.2021 02:04:39.429 GMT+0200,1.20842,1.20839,0.75,0.75
28.04.2021 02:04:39.530 GMT+0200,1.20842,1.20838,2.44,0.75
28.04.2021 02:04:39.581 GMT+0200,1.20844,1.20841,0.82,0.1
28.04.2021 02:04:39.973 GMT+0200,1.20845,1.20841,1.69,1.57
28.04.2021 02:04:40.075 GMT+0200,1.20845,1.20842,1.5,0.1
28.04.2021 02:04:43.780 GMT+0200,1.2084700000000002,1.20843,1.76,0.75
28.04.2021 02:04:45.862 GMT+0200,1.20845,1.20844,1.69,0.75
28.04.2021 02:04:45.913 GMT+0200,1.20846,1.20841,2.51,4.57
28.04.2021 02:05:00.163 GMT+0200,1.20845,1.20841,0.19,1.57
28.04.2021 02:05:28.502 GMT+0200,1.20844,1.2084000000000001,0.94,4.95
28.04.2021 02:05:28.603 GMT+0200,1.20843,1.2084000000000001,0.75,0.1
28.04.2021 02:05:29.526 GMT+0200,1.20843,1.20839,0.75,1.57
28.04.2021 02:05:31.857 GMT+0200,1.20841,1.20838,0.75,1.5
28.04.2021 02:05:31.958 GMT+0200,1.2084000000000001,1.2083700000000002,0.75,0.82
28.04.2021 02:05:34.261 GMT+0200,1.2084000000000001,1.20836,1.5,3.07
28.04.2021 02:05:48.006 GMT+0200,1.20839,1.20836,0.75,0.1
28.04.2021 02:05:52.431 GMT+0200,1.20841,1.20838,1.5,0.82
28.04.2021 02:05:53.218 GMT+0200,1.20841,1.2084000000000001,1.5,0.1
28.04.2021 02:05:57.645 GMT+0200,1.20841,1.2084000000000001,0.75,0.1
28.04.2021 02:06:01.464 GMT+0200,1.20843,1.2084000000000001,0.75,0.82
28.04.2021 02:06:01.616 GMT+0200,1.20844,1.2084000000000001,1.5,0.82
28.04.2021 02:06:02.270 GMT+0200,1.20843,1.20842,1.5,0.1
28.04.2021 02:06:02.524 GMT+0200,1.2084700000000002,1.20843,1.2,4.95
28.04.2021 02:06:02.677 GMT+0200,1.20848,1.20844,1.57,0.75
28.04.2021 02:06:06.823 GMT+0200,1.2084700000000002,1.20842,1.57,6.07
28.04.2021 02:06:07.026 GMT+0200,1.20846,1.20842,0.75,0.82
28.04.2021 02:06:11.461 GMT+0200,1.20844,1.20843,0.75,0.82
28.04.2021 02:06:23.530 GMT+0200,1.20846,1.20843,1.69,0.75
28.04.2021 02:06:23.632 GMT+0200,1.20846,1.20845,0.45,0.82
28.04.2021 02:06:23.735 GMT+0200,1.20848,1.20845,0.75,0.82
28.04.2021 02:06:23.888 GMT+0200,1.20849,1.20845,0.75,0.82
28.04.2021 02:06:24.562 GMT+0200,1.2085000000000001,1.20846,2.51,0.75
28.04.2021 02:06:32.536 GMT+0200,1.20852,1.20848,2.25,3.07
28.04.2021 02:06:32.638 GMT+0200,1.2085299999999999,1.20849,1.57,1.57
28.04.2021 02:06:32.740 GMT+0200,1.20854,1.2085000000000001,1.5,1.57
28.04.2021 02:06:33.740 GMT+0200,1.2085299999999999,1.20852,1.5,0.1
28.04.2021 02:06:33.994 GMT+0200,1.20855,1.20852,0.75,0.1
28.04.2021 02:06:34.594 GMT+0200,1.20856,1.20852,2.25,0.1
28.04.2021 02:06:34.696 GMT+0200,1.20856,1.2085299999999999,1.5,0.75
28.04.2021 02:06:36.666 GMT+0200,1.2085700000000001,1.20854,0.75,0.75
28.04.2021 02:06:50.955 GMT+0200,1.20858,1.20854,2.51,0.75
28.04.2021 02:06:57.485 GMT+0200,1.20856,1.2085299999999999,0.75,1.57
28.04.2021 02:07:01.245 GMT+0200,1.20856,1.20852,0.75,2.32
28.04.2021 02:07:08.153 GMT+0200,1.20858,1.20854,1.5,0.82
28.04.2021 02:07:08.457 GMT+0200,1.20859,1.20855,1.5,1.57
28.04.2021 02:07:10.115 GMT+0200,1.2086000000000001,1.20856,0.75,1.57
28.04.2021 02:07:11.068 GMT+0200,1.20858,1.20855,0.75,6.07
28.04.2021 02:07:11.171 GMT+0200,1.2085700000000001,1.20854,1.2,1.5
28.04.2021 02:07:11.273 GMT+0200,1.2085700000000001,1.2085299999999999,5.7,0.75
28.04.2021 02:07:11.488 GMT+0200,1.20856,1.2085299999999999,2.7,2.32
28.04.2021 02:07:11.589 GMT+0200,1.20856,1.20852,0.82,0.75
28.04.2021 02:07:11.994 GMT+0200,1.20856,1.2085100000000002,2.14,3.07
28.04.2021 02:07:12.098 GMT+0200,1.20855,1.2085100000000002,0.75,2.32
28.04.2021 02:07:13.357 GMT+0200,1.20854,1.2085000000000001,0.1,3
28.04.2021 02:07:13.459 GMT+0200,1.2085299999999999,1.2085000000000001,2.14,3.07
28.04.2021 02:07:13.560 GMT+0200,1.20852,1.20848,2.89,0.75
28.04.2021 02:07:13.611 GMT+0200,1.20855,1.2085000000000001,10.2,3.07
28.04.2021 02:07:15.779 GMT+0200,1.20855,1.2085100000000002,1.87,0.75
28.04.2021 02:07:20.831 GMT+0200,1.20854,1.2085100000000002,0.75,0.75
28.04.2021 02:07:22.340 GMT+0200,1.20855,1.20854,0.75,0.75
28.04.2021 02:07:22.492 GMT+0200,1.2085700000000001,1.2085299999999999,2.32,1.57
28.04.2021 02:07:26.466 GMT+0200,1.20856,1.20852,0.75,0.82
28.04.2021 02:07:26.668 GMT+0200,1.20855,1.2085100000000002,1.5,0.82
28.04.2021 02:07:27.961 GMT+0200,1.20855,1.2085000000000001,1.5,3.45
28.04.2021 02:07:34.885 GMT+0200,1.20854,1.2085000000000001,1.69,0.75
28.04.2021 02:07:34.987 GMT+0200,1.20852,1.20848,0.75,1.57
28.04.2021 02:07:59.515 GMT+0200,1.2085299999999999,1.20849,0.75,3.45
28.04.2021 02:07:59.769 GMT+0200,1.20854,1.2085000000000001,0.75,2.32
28.04.2021 02:08:03.165 GMT+0200,1.20855,1.2085000000000001,1.69,3.07
28.04.2021 02:08:05.616 GMT+0200,1.20855,1.2085100000000002,1.69,0.75
28.04.2021 02:08:10.106 GMT+0200,1.20855,1.20852,0.75,0.37
28.04.2021 02:08:10.308 GMT+0200,1.20855,1.2085100000000002,0.75,5.32
28.04.2021 02:08:25.623 GMT+0200,1.2085700000000001,1.20854,0.82,3.45
28.04.2021 02:08:25.775 GMT+0200,1.2085700000000001,1.20855,0.1,1.5
28.04.2021 02:08:25.827 GMT+0200,1.20859,1.20855,0.75,1.5
28.04.2021 02:08:38.849 GMT+0200,1.2085700000000001,1.2085299999999999,1.2,0.75
28.04.2021 02:08:38.951 GMT+0200,1.20856,1.20852,0.75,1.57
28.04.2021 02:08:41.137 GMT+0200,1.20855,1.20852,0.75,0.1
28.04.2021 02:08:41.596 GMT+0200,1.20855,1.2085100000000002,0.75,3.07
28.04.2021 02:08:49.720 GMT+0200,1.20855,1.20852,0.75,0.1
28.04.2021 02:08:52.142 GMT+0200,1.20855,1.2085100000000002,0.75,3.07
28.04.2021 02:08:52.790 GMT+0200,1.20855,1.2085000000000001,2.32,4.2
28.04.2021 02:09:10.791 GMT+0200,1.2085299999999999,1.2085000000000001,0.75,2.7
28.04.2021 02:09:13.452 GMT+0200,1.2085100000000002,1.2085000000000001,0.75,3.45
28.04.2021 02:09:13.555 GMT+0200,1.20852,1.2085000000000001,0.75,6.82
28.04.2021 02:09:13.657 GMT+0200,1.2085299999999999,1.2085000000000001,0.75,0.82
28.04.2021 02:09:16.257 GMT+0200,1.20854,1.2085000000000001,1.5,0.82
28.04.2021 02:09:24.445 GMT+0200,1.20854,1.2085100000000002,0.75,0.82
28.04.2021 02:09:33.267 GMT+0200,1.20856,1.2085299999999999,1.5,1.57
28.04.2021 02:09:34.612 GMT+0200,1.20856,1.20852,2.25,0.1
28.04.2021 02:09:35.860 GMT+0200,1.20854,1.2085100000000002,0.75,0.82
28.04.2021 02:09:38.150 GMT+0200,1.20854,1.2085000000000001,0.75,1.57
28.04.2021 02:09:40.274 GMT+0200,1.2085299999999999,1.20849,2.51,0.75
28.04.2021 02:09:40.375 GMT+0200,1.20849,1.20846,0.75,1.65
28.04.2021 02:09:44.430 GMT+0200,1.20849,1.20845,1.5,5.32
28.04.2021 02:09:44.647 GMT+0200,1.20848,1.20844,0.75,5.32
28.04.2021 02:09:44.749 GMT+0200,1.2084700000000002,1.20844,0.75,0.1
28.04.2021 02:09:44.851 GMT+0200,1.20844,1.20841,1.5,0.1
28.04.2021 02:09:45.003 GMT+0200,1.20844,1.2084000000000001,1.5,0.82
28.04.2021 02:09:49.252 GMT+0200,1.20842,1.20839,0.75,0.45
28.04.2021 02:09:49.354 GMT+0200,1.20841,1.20838,0.75,1.57
28.04.2021 02:09:54.616 GMT+0200,1.20841,1.2083700000000002,1.5,0.1
28.04.2021 02:09:54.717 GMT+0200,1.2084000000000001,1.2083700000000002,0.75,0.1
28.04.2021 02:09:54.819 GMT+0200,1.20841,1.20838,0.75,2.32
28.04.2021 02:09:54.971 GMT+0200,1.20843,1.2084000000000001,0.75,0.82
28.04.2021 02:09:56.772 GMT+0200,1.20842,1.2084000000000001,0.75,0.1
28.04.2021 02:09:56.873 GMT+0200,1.20842,1.20839,0.75,1.2
28.04.2021 02:09:57.284 GMT+0200,1.2084000000000001,1.2083700000000002,0.75,0.82
28.04.2021 02:09:57.436 GMT+0200,1.20839,1.20836,0.75,1.57
28.04.2021 02:09:57.690 GMT+0200,1.20839,1.20835,0.75,2.32
28.04.2021 02:10:10.333 GMT+0200,1.20839,1.20836,0.75,0.75
28.04.2021 02:10:10.435 GMT+0200,1.2084000000000001,1.20836,1.5,1.57
28.04.2021 02:10:10.537 GMT+0200,1.20842,1.20838,2.29,1.5
28.04.2021 02:10:10.638 GMT+0200,1.20843,1.2084000000000001,0.75,0.82
28.04.2021 02:10:10.740 GMT+0200,1.20844,1.2084000000000001,1.5,1.57
28.04.2021 02:10:13.328 GMT+0200,1.20843,1.2084000000000001,2.51,3
28.04.2021 02:10:13.430 GMT+0200,1.20842,1.20838,0.19,2.77
28.04.2021 02:10:13.481 GMT+0200,1.2084000000000001,1.20838,1.5,7.84
28.04.2021 02:10:13.582 GMT+0200,1.2084000000000001,1.2083700000000002,0.75,0.82
28.04.2021 02:10:17.079 GMT+0200,1.20841,1.2083700000000002,1.69,0.82
28.04.2021 02:10:19.853 GMT+0200,1.2084000000000001,1.2083700000000002,0.75,0.82
28.04.2021 02:10:24.353 GMT+0200,1.20839,1.20835,2.7,0.75
28.04.2021 02:10:24.454 GMT+0200,1.20838,1.20834,1.69,0.15
28.04.2021 02:10:24.556 GMT+0200,1.2083700000000002,1.20833,0.75,2.32
28.04.2021 02:10:25.143 GMT+0200,1.2083700000000002,1.20835,1.76,0.75
28.04.2021 02:10:25.295 GMT+0200,1.20838,1.20835,0.75,1.57
28.04.2021 02:10:25.397 GMT+0200,1.20839,1.20835,1.5,1.57
28.04.2021 02:10:25.498 GMT+0200,1.2084000000000001,1.2083700000000002,1.5,0.1
28.04.2021 02:10:27.234 GMT+0200,1.20839,1.2083700000000002,1.5,1.57
28.04.2021 02:10:45.577 GMT+0200,1.20841,1.20838,0.75,0.75
28.04.2021 02:10:45.681 GMT+0200,1.20843,1.2084000000000001,1.2,0.1
28.04.2021 02:10:46.255 GMT+0200,1.20844,1.2084000000000001,1.5,1.57
28.04.2021 02:11:04.355 GMT+0200,1.20846,1.20843,1.5,0.82
28.04.2021 02:11:07.006 GMT+0200,1.20848,1.20845,2.44,0.1
28.04.2021 02:11:11.705 GMT+0200,1.20849,1.20845,1.5,1.57
28.04.2021 02:11:25.431 GMT+0200,1.20848,1.20845,0.75,0.82
28.04.2021 02:11:25.482 GMT+0200,1.20845,1.20843,0.75,0.75
28.04.2021 02:11:25.584 GMT+0200,1.20846,1.20843,0.75,2.32
28.04.2021 02:11:26.739 GMT+0200,1.2084700000000002,1.20843,1.5,2.32
28.04.2021 02:11:38.816 GMT+0200,1.20848,1.20845,0.94,0.75
28.04.2021 02:11:39.903 GMT+0200,1.20848,1.20846,0.75,0.1
28.04.2021 02:11:40.273 GMT+0200,1.20849,1.20845,0.75,4.57
28.04.2021 02:11:51.342 GMT+0200,1.20849,1.2084700000000002,0.75,0.75
28.04.2021 02:11:54.954 GMT+0200,1.2085000000000001,1.2084700000000002,0.75,0.75
28.04.2021 02:11:56.687 GMT+0200,1.20848,1.2084700000000002,0.75,0.75
28.04.2021 02:11:56.738 GMT+0200,1.20849,1.20845,2.44,0.75
28.04.2021 02:11:56.789 GMT+0200,1.2084700000000002,1.20845,0.75,0.75
28.04.2021 02:11:56.891 GMT+0200,1.2084700000000002,1.20844,1.5,0.75
28.04.2021 02:11:56.992 GMT+0200,1.20846,1.20842,1.69,0.75
28.04.2021 02:11:57.094 GMT+0200,1.20845,1.20842,1.69,0.75
28.04.2021 02:11:57.935 GMT+0200,1.20846,1.20843,0.75,2.32
28.04.2021 02:11:58.036 GMT+0200,1.20846,1.20845,1.39,0.75
28.04.2021 02:12:02.614 GMT+0200,1.20848,1.20844,0.75,3.45
28.04.2021 02:12:03.445 GMT+0200,1.20849,1.20845,1.76,0.75
28.04.2021 02:12:05.126 GMT+0200,1.2085000000000001,1.2084700000000002,0.94,0.75
28.04.2021 02:12:08.629 GMT+0200,1.20849,1.2084700000000002,0.75,0.75
28.04.2021 02:12:14.872 GMT+0200,1.2085000000000001,1.2084700000000002,0.75,0.75
28.04.2021 02:12:16.001 GMT+0200,1.20849,1.20846,0.75,0.1
28.04.2021 02:12:16.102 GMT+0200,1.20849,1.20845,0.75,2.25
28.04.2021 02:12:16.254 GMT+0200,1.2085000000000001,1.20846,2.25,0.82
28.04.2021 02:12:26.005 GMT+0200,1.2085000000000001,1.2084700000000002,0.75,0.75
28.04.2021 02:12:32.135 GMT+0200,1.20849,1.20846,0.94,0.75
28.04.2021 02:12:37.409 GMT+0200,1.2085000000000001,1.20846,1.69,0.82
28.04.2021 02:12:37.511 GMT+0200,1.2085000000000001,1.2084700000000002,0.94,1.5
28.04.2021 02:12:40.324 GMT+0200,1.2085000000000001,1.20846,1.69,0.82
28.04.2021 02:12:53.663 GMT+0200,1.20849,1.20848,0.19,2.32
28.04.2021 02:12:53.764 GMT+0200,1.2085100000000002,1.2084700000000002,0.75,2.32
28.04.2021 02:13:00.841 GMT+0200,1.2085000000000001,1.2084700000000002,0.75,0.75
28.04.2021 02:13:02.701 GMT+0200,1.2085100000000002,1.20848,3.07,0.75
28.04.2021 02:13:02.802 GMT+0200,1.2085100000000002,1.2084700000000002,1.5,1.57
28.04.2021 02:13:29.083 GMT+0200,1.20849,1.2084700000000002,1.5,5.32
28.04.2021 02:13:29.235 GMT+0200,1.20849,1.20846,0.75,1.57
28.04.2021 02:13:35.177 GMT+0200,1.2085000000000001,1.20846,1.5,0.82
28.04.2021 02:13:59.665 GMT+0200,1.20846,1.20844,1.2,0.75
28.04.2021 02:13:59.766 GMT+0200,1.20846,1.20842,2.44,8.32
28.04.2021 02:14:02.199 GMT+0200,1.20845,1.20841,1.69,1.57
28.04.2021 02:14:05.214 GMT+0200,1.20843,1.2084000000000001,0.75,3
28.04.2021 02:14:05.316 GMT+0200,1.20844,1.2084000000000001,1.57,3
28.04.2021 02:14:12.142 GMT+0200,1.20843,1.2084000000000001,0.75,3.07
28.04.2021 02:14:12.244 GMT+0200,1.20841,1.20839,1.95,0.1
28.04.2021 02:14:12.295 GMT+0200,1.20839,1.20836,0.75,14.82
28.04.2021 02:14:12.397 GMT+0200,1.20838,1.20836,0.56,7.5
28.04.2021 02:14:12.448 GMT+0200,1.20836,1.20834,0.75,0.1
28.04.2021 02:14:12.549 GMT+0200,1.20836,1.20833,0.75,0.82
28.04.2021 02:14:13.676 GMT+0200,1.20835,1.20832,0.75,1.57
28.04.2021 02:14:17.007 GMT+0200,1.20835,1.20831,0.75,5.51
28.04.2021 02:14:18.617 GMT+0200,1.20834,1.2083000000000002,0.75,1.57
28.04.2021 02:14:18.718 GMT+0200,1.20833,1.2083000000000002,0.75,1.57
28.04.2021 02:14:20.044 GMT+0200,1.20833,1.20829,1.5,0.1
28.04.2021 02:14:20.247 GMT+0200,1.20833,1.20828,1.57,2.51
28.04.2021 02:14:21.579 GMT+0200,1.20831,1.2082700000000002,1.5,0.82
28.04.2021 02:14:21.680 GMT+0200,1.2083000000000002,1.2082600000000001,0.75,1.76
28.04.2021 02:14:21.833 GMT+0200,1.2083000000000002,1.20828,0.75,2.25
28.04.2021 02:14:21.934 GMT+0200,1.2083000000000002,1.20829,0.82,0.75
28.04.2021 02:14:22.193 GMT+0200,1.20831,1.2082700000000002,0.75,5.51
28.04.2021 02:14:22.307 GMT+0200,1.20832,1.20828,1.5,0.82
28.04.2021 02:14:25.936 GMT+0200,1.20833,1.2083000000000002,0.75,0.1
28.04.2021 02:14:26.089 GMT+0200,1.20834,1.2083000000000002,0.82,2.32
28.04.2021 02:14:26.241 GMT+0200,1.20834,1.20831,0.75,0.1
28.04.2021 02:14:33.361 GMT+0200,1.20835,1.20832,0.75,0.82
28.04.2021 02:14:33.412 GMT+0200,1.2083700000000002,1.20833,2.96,0.75
28.04.2021 02:14:44.721 GMT+0200,1.20836,1.20833,0.75,0.75
28.04.2021 02:14:45.341 GMT+0200,1.20836,1.20832,1.5,1.01
28.04.2021 02:14:46.328 GMT+0200,1.20836,1.20835,0.1,6.07
28.04.2021 02:14:46.429 GMT+0200,1.2083700000000002,1.20835,0.1,0.1
28.04.2021 02:14:46.530 GMT+0200,1.20838,1.20835,0.75,0.1
28.04.2021 02:14:46.582 GMT+0200,1.2084000000000001,1.20835,6.34,3.07
28.04.2021 02:14:46.784 GMT+0200,1.20839,1.2083700000000002,2.44,1.57
28.04.2021 02:14:52.470 GMT+0200,1.20839,1.20836,0.75,1.57
28.04.2021 02:14:52.521 GMT+0200,1.20836,1.20833,0.75,2.06
28.04.2021 02:14:52.623 GMT+0200,1.20836,1.20832,1.5,17.89
28.04.2021 02:14:56.571 GMT+0200,1.2083700000000002,1.20833,1.01,1.5
28.04.2021 02:15:00.587 GMT+0200,1.2083700000000002,1.20832,3.34,5.32
28.04.2021 02:15:05.466 GMT+0200,1.2083700000000002,1.20834,0.75,2.7
28.04.2021 02:15:05.517 GMT+0200,1.20839,1.20835,6.63,0.82
28.04.2021 02:15:05.619 GMT+0200,1.20839,1.20836,1.2,0.75
28.04.2021 02:15:05.721 GMT+0200,1.2084000000000001,1.20836,1.5,0.82
28.04.2021 02:15:10.984 GMT+0200,1.20842,1.2083700000000002,1.65,5.44
28.04.2021 02:15:12.079 GMT+0200,1.20841,1.2083700000000002,0.75,5.44
28.04.2021 02:15:15.114 GMT+0200,1.20842,1.20838,1.57,2.25
28.04.2021 02:15:15.266 GMT+0200,1.20843,1.20838,5.4,2.44
28.04.2021 02:15:17.227 GMT+0200,1.20843,1.20839,0.75,5.25
28.04.2021 02:15:17.378 GMT+0200,1.20842,1.20839,0.75,1.5
28.04.2021 02:15:18.876 GMT+0200,1.20842,1.20838,1.5,1.69
28.04.2021 02:15:33.157 GMT+0200,1.20841,1.2083700000000002,0.75,6.56
28.04.2021 02:15:33.512 GMT+0200,1.2084000000000001,1.20839,0.75,0.37
28.04.2021 02:15:33.613 GMT+0200,1.20842,1.20838,1.57,0.37
28.04.2021 02:15:38.081 GMT+0200,1.20842,1.2083700000000002,1.57,6.56
28.04.2021 02:15:38.183 GMT+0200,1.20841,1.2083700000000002,0.75,2.06
28.04.2021 02:15:38.284 GMT+0200,1.20841,1.20836,1.57,5.81
28.04.2021 02:15:43.809 GMT+0200,1.20838,1.20835,0.82,1.39
28.04.2021 02:15:43.911 GMT+0200,1.20834,1.20831,0.75,15.38
28.04.2021 02:15:44.013 GMT+0200,1.20834,1.20832,0.1,9.37
28.04.2021 02:15:44.318 GMT+0200,1.20834,1.2083000000000002,2.25,4.5
28.04.2021 02:15:44.420 GMT+0200,1.20834,1.20829,6.26,1.87
28.04.2021 02:15:44.775 GMT+0200,1.20834,1.2083000000000002,4.57,2.62
28.04.2021 02:15:44.876 GMT+0200,1.20834,1.20831,0.75,0.75
28.04.2021 02:15:44.978 GMT+0200,1.20835,1.20831,0.75,1.87
28.04.2021 02:15:54.820 GMT+0200,1.20833,1.20831,4.01,0.75
28.04.2021 02:15:54.922 GMT+0200,1.20833,1.20829,0.75,0.75
28.04.2021 02:15:55.025 GMT+0200,1.20832,1.20828,1.5,0.75
28.04.2021 02:15:55.396 GMT+0200,1.20832,1.2082700000000002,1.5,3.19
28.04.2021 02:16:00.124 GMT+0200,1.20832,1.20828,0.75,0.75
28.04.2021 02:16:00.653 GMT+0200,1.20832,1.20829,0.75,1.69
28.04.2021 02:16:02.759 GMT+0200,1.20833,1.20829,1.5,0.75
28.04.2021 02:16:04.880 GMT+0200,1.20831,1.2082700000000002,1.5,6.64
28.04.2021 02:16:04.982 GMT+0200,1.2083000000000002,1.2082700000000002,0.75,1.2
28.04.2021 02:16:05.134 GMT+0200,1.2083000000000002,1.2082600000000001,0.75,1.69
28.04.2021 02:16:06.006 GMT+0200,1.2083000000000002,1.2082700000000002,0.75,1.5
28.04.2021 02:16:06.159 GMT+0200,1.20831,1.2082700000000002,0.82,0.75
28.04.2021 02:16:06.261 GMT+0200,1.20829,1.2082700000000002,0.75,0.75
28.04.2021 02:16:08.696 GMT+0200,1.20831,1.2082700000000002,0.75,4.69
28.04.2021 02:16:16.677 GMT+0200,1.2083000000000002,1.2082700000000002,0.75,5.06
28.04.2021 02:16:18.795 GMT+0200,1.20834,1.2083000000000002,2.02,0.75
28.04.2021 02:16:18.897 GMT+0200,1.20833,1.2083000000000002,0.75,0.75
28.04.2021 02:16:21.833 GMT+0200,1.20833,1.20828,4.57,0.82
28.04.2021 02:16:21.935 GMT+0200,1.20832,1.20828,1.5,0.1
28.04.2021 02:16:22.447 GMT+0200,1.20831,1.20829,0.75,0.82
28.04.2021 02:16:22.549 GMT+0200,1.20833,1.20829,0.82,1.76
28.04.2021 02:16:22.651 GMT+0200,1.20833,1.2083000000000002,0.75,0.26
28.04.2021 02:16:27.484 GMT+0200,1.20833,1.20829,0.75,1.01
28.04.2021 02:16:27.587 GMT+0200,1.20832,1.20829,0.75,0.1
28.04.2021 02:16:28.693 GMT+0200,1.20833,1.20828,1.27,5.32
28.04.2021 02:16:28.744 GMT+0200,1.2083000000000002,1.2082700000000002,1.5,0.1
28.04.2021 02:16:28.845 GMT+0200,1.2083000000000002,1.20828,0.75,0.1
28.04.2021 02:16:28.947 GMT+0200,1.2083000000000002,1.2082700000000002,0.75,0.75
28.04.2021 02:16:29.402 GMT+0200,1.20829,1.2082700000000002,0.75,4.76
28.04.2021 02:16:29.504 GMT+0200,1.20829,1.2082600000000001,0.75,1.76
28.04.2021 02:16:59.243 GMT+0200,1.2083000000000002,1.2082600000000001,0.75,3.64
28.04.2021 02:17:00.569 GMT+0200,1.2083000000000002,1.2082700000000002,0.75,0.37
28.04.2021 02:17:01.031 GMT+0200,1.2083000000000002,1.2082600000000001,0.75,12.08
28.04.2021 02:17:01.439 GMT+0200,1.20831,1.2082600000000001,1.5,4.76
28.04.2021 02:17:01.562 GMT+0200,1.20829,1.2082700000000002,0.75,4.5
28.04.2021 02:17:01.668 GMT+0200,1.20828,1.2082600000000001,0.75,1.5
28.04.2021 02:17:15.789 GMT+0200,1.2083000000000002,1.2082600000000001,1.5,3.82
28.04.2021 02:17:17.584 GMT+0200,1.20828,1.2082600000000001,0.75,0.82
28.04.2021 02:17:29.822 GMT+0200,1.2083000000000002,1.2082700000000002,1.5,1.5
28.04.2021 02:17:30.109 GMT+0200,1.20828,1.2082600000000001,0.75,0.82
28.04.2021 02:17:35.063 GMT+0200,1.2082700000000002,1.20824,0.75,10.58
28.04.2021 02:17:35.216 GMT+0200,1.2082600000000001,1.20824,0.75,0.75
28.04.2021 02:17:35.827 GMT+0200,1.2082600000000001,1.20822,0.75,1.12
28.04.2021 02:17:36.181 GMT+0200,1.20825,1.20822,0.75,0.75
28.04.2021 02:17:36.283 GMT+0200,1.20825,1.20821,0.75,0.75
28.04.2021 02:17:48.194 GMT+0200,1.20825,1.2082000000000002,1.57,6.26
28.04.2021 02:17:59.540 GMT+0200,1.2082600000000001,1.20824,1.2,0.37
28.04.2021 02:17:59.693 GMT+0200,1.20828,1.20824,1.12,5.51
28.04.2021 02:18:01.107 GMT+0200,1.20828,1.20825,0.75,0.75
28.04.2021 02:18:02.591 GMT+0200,1.20831,1.20828,2.32,1.87
28.04.2021 02:18:02.796 GMT+0200,1.20833,1.2083000000000002,1.2,0.19
28.04.2021 02:18:03.000 GMT+0200,1.20834,1.2083000000000002,0.75,1.01
28.04.2021 02:18:04.819 GMT+0200,1.20834,1.20831,0.75,0.75
28.04.2021 02:18:07.126 GMT+0200,1.20836,1.20832,0.82,1.69
28.04.2021 02:18:07.227 GMT+0200,1.2083700000000002,1.20832,2.32,1.76
28.04.2021 02:18:13.229 GMT+0200,1.20836,1.20832,0.75,1.69
28.04.2021 02:18:13.896 GMT+0200,1.2083700000000002,1.20832,2.02,3.26
28.04.2021 02:18:21.846 GMT+0200,1.2083700000000002,1.20833,1.5,0.75
28.04.2021 02:18:24.245 GMT+0200,1.20836,1.20833,0.75,0.75
28.04.2021 02:18:24.396 GMT+0200,1.20835,1.20833,0.75,1.69
28.04.2021 02:18:24.679 GMT+0200,1.20836,1.20833,0.75,0.75
28.04.2021 02:18:25.257 GMT+0200,1.20836,1.20832,0.75,1.69
28.04.2021 02:18:28.258 GMT+0200,1.20836,1.20833,0.75,0.75
28.04.2021 02:18:29.425 GMT+0200,1.2083700000000002,1.20834,0.75,0.75
28.04.2021 02:18:29.526 GMT+0200,1.20838,1.20834,1.95,2.44
28.04.2021 02:18:29.780 GMT+0200,1.20838,1.20835,0.75,0.75
28.04.2021 02:18:29.932 GMT+0200,1.2084000000000001,1.20835,2.96,2.25
28.04.2021 02:18:38.163 GMT+0200,1.2084000000000001,1.20836,1.5,0.75
28.04.2021 02:18:53.954 GMT+0200,1.2084000000000001,1.20835,1.5,4.76
28.04.2021 02:18:54.106 GMT+0200,1.2084000000000001,1.20836,1.5,0.75
28.04.2021 02:19:27.327 GMT+0200,1.2084000000000001,1.20835,1.5,12.83
28.04.2021 02:19:27.607 GMT+0200,1.2084000000000001,1.20836,1.5,0.75
28.04.2021 02:19:31.593 GMT+0200,1.20842,1.20839,1.2,0.1
28.04.2021 02:19:31.746 GMT+0200,1.20843,1.2084000000000001,1.5,0.75
28.04.2021 02:19:31.898 GMT+0200,1.20844,1.2084000000000001,0.75,3.07
28.04.2021 02:19:58.736 GMT+0200,1.20843,1.2084000000000001,0.75,1.5
28.04.2021 02:19:58.837 GMT+0200,1.20842,1.20838,0.75,4.01
28.04.2021 02:20:06.688 GMT+0200,1.20841,1.20838,0.75,2.44
28.04.2021 02:20:06.790 GMT+0200,1.20841,1.2083700000000002,1.95,1.5
28.04.2021 02:20:07.044 GMT+0200,1.2084000000000001,1.2083700000000002,2.59,6.45
28.04.2021 02:20:07.095 GMT+0200,1.20839,1.20835,1.57,5.32
28.04.2021 02:20:07.196 GMT+0200,1.20839,1.20834,2.77,6.26
28.04.2021 02:20:07.298 GMT+0200,1.20838,1.20834,0.45,2.32
28.04.2021 02:20:07.855 GMT+0200,1.20836,1.20835,0.19,1.5
28.04.2021 02:20:08.121 GMT+0200,1.20838,1.20834,3.34,1.5
28.04.2021 02:20:08.286 GMT+0200,1.2083700000000002,1.20834,0.75,0.75
28.04.2021 02:20:08.338 GMT+0200,1.20836,1.20832,1.5,2.32
28.04.2021 02:20:08.440 GMT+0200,1.20835,1.20832,0.75,0.82
28.04.2021 02:20:08.643 GMT+0200,1.20834,1.20831,0.75,2.32
28.04.2021 02:20:11.091 GMT+0200,1.20834,1.2083000000000002,1.5,6.26
28.04.2021 02:20:11.785 GMT+0200,1.20834,1.20831,1.5,0.75
28.04.2021 02:20:36.783 GMT+0200,1.20835,1.20831,1.5,2.32
28.04.2021 02:20:38.547 GMT+0200,1.20835,1.20832,0.75,0.75
28.04.2021 02:20:38.649 GMT+0200,1.20836,1.20832,1.5,4.57
28.04.2021 02:20:53.079 GMT+0200,1.20835,1.20832,0.75,4.5
