Local time,Ask,Bid,AskVolume,BidVolume
28.04.2021 00:00:05.450 GMT+0200,4189.548,4188.849,0.0006,0.0009
28.04.2021 00:00:05.558 GMT+0200,4189.403,4188.752,0.0006,0.0009
28.04.2021 00:00:06.997 GMT+0200,4189.251,4188.534000000001,0.0006,0.0009
28.04.2021 00:00:07.168 GMT+0200,4189.46,4188.737,0.0006,0.0009
28.04.2021 00:00:08.977 GMT+0200,4189.563,4188.846,0.0006,0.0009
28.04.2021 00:00:09.137 GMT+0200,4189.463,4188.746,0.0006,0.0009
28.04.2021 00:00:09.462 GMT+0200,4189.255,4188.542,0.0022,0.0031
28.04.2021 00:00:09.512 GMT+0200,4189.258,4188.539000000001,0.0022,0.0022
28.04.2021 00:00:09.618 GMT+0200,4189.2570000000005,4188.799,0.0005,0.0022
28.04.2021 00:00:09.669 GMT+0200,4189.401,4188.736,0.0022,0.0022
28.04.2021 00:00:10.233 GMT+0200,4189.255,4188.5509999999995,0.0022,0.0031
28.04.2021 00:00:10.284 GMT+0200,4189.246,4188.545,0.0022,0.0022
28.04.2021 00:00:11.390 GMT+0200,4189.458,4188.754,0.0022,0.0022
28.04.2021 00:00:12.586 GMT+0200,4189.146,4188.445,0.0022,0.0031
28.04.2021 00:00:12.636 GMT+0200,4189.146,4188.454000000001,0.0022,0.0022
28.04.2021 00:00:13.753 GMT+0200,4189.103,4188.536,0.0005,0.0022
28.04.2021 00:00:13.803 GMT+0200,4189.201,4188.542,0.0022,0.0022
28.04.2021 00:00:14.233 GMT+0200,4189.152,4188.454000000001,0.0022,0.0031
28.04.2021 00:00:14.284 GMT+0200,4189.158,4188.442,0.0022,0.0022
28.04.2021 00:00:15.350 GMT+0200,4189.064,4188.345,0.0022,0.0022
28.04.2021 00:00:16.876 GMT+0200,4189.069,4188.5509999999995,0.0005,0.0022
28.04.2021 00:00:16.927 GMT+0200,4189.267,4188.539000000001,0.0022,0.0022
28.04.2021 00:00:20.965 GMT+0200,4189.401,4188.745,0.0022,0.0022
28.04.2021 00:00:22.703 GMT+0200,4189.2609999999995,4188.533,0.0022,0.0031
28.04.2021 00:00:22.753 GMT+0200,4189.249000000001,4188.545,0.0022,0.0022
28.04.2021 00:00:23.275 GMT+0200,4189.552000000001,4188.836,0.0022,0.0022
28.04.2021 00:00:23.935 GMT+0200,4190.064,4189.348,0.0022,0.0022
28.04.2021 00:00:26.041 GMT+0200,4189.9490000000005,4189.242,0.0022,0.0031
28.04.2021 00:00:26.092 GMT+0200,4189.946,4189.254,0.0022,0.0022
28.04.2021 00:00:26.245 GMT+0200,4190.052000000001,4189.351,0.0022,0.0022
28.04.2021 00:00:26.369 GMT+0200,4189.952,4189.251,0.0022,0.0031
28.04.2021 00:00:26.419 GMT+0200,4189.952,4189.236,0.0022,0.0022
28.04.2021 00:00:26.576 GMT+0200,4189.701,4189.045,0.0022,0.0022
28.04.2021 00:00:26.700 GMT+0200,4189.564,4188.836,0.0022,0.0031
28.04.2021 00:00:26.750 GMT+0200,4189.501,4188.833,0.0022,0.0022
28.04.2021 00:00:27.103 GMT+0200,4189.569,4188.852,0.0005,0.0009
28.04.2021 00:00:27.153 GMT+0200,4190.258,4189.599,0.0022,0.0022
28.04.2021 00:00:27.284 GMT+0200,4190.152,4189.448,0.0022,0.0031
28.04.2021 00:00:27.334 GMT+0200,4189.667,4188.933,0.0022,0.0022
28.04.2021 00:00:27.479 GMT+0200,4189.555,4188.848,0.0022,0.0031
28.04.2021 00:00:27.529 GMT+0200,4189.558,4188.854,0.0022,0.0022
28.04.2021 00:00:28.421 GMT+0200,4189.548,4188.936,0.0005,0.0022
28.04.2021 00:00:28.471 GMT+0200,4189.646,4188.948,0.0022,0.0022
28.04.2021 00:00:29.106 GMT+0200,4189.546,4188.833,0.0022,0.0031
28.04.2021 00:00:29.157 GMT+0200,4189.564,4188.842000000001,0.0022,0.0022
28.04.2021 00:00:30.720 GMT+0200,4189.563,4188.951,0.0005,0.0022
28.04.2021 00:00:30.770 GMT+0200,4189.652,4188.948,0.0022,0.0022
28.04.2021 00:00:31.042 GMT+0200,4189.555,4188.836,0.0022,0.0031
28.04.2021 00:00:31.093 GMT+0200,4189.546,4188.833,0.0022,0.0022
28.04.2021 00:00:31.208 GMT+0200,4189.463,4188.899,0.0005,0.0022
28.04.2021 00:00:31.258 GMT+0200,4189.4490000000005,4188.799,0.0022,0.0022
28.04.2021 00:00:31.857 GMT+0200,4189.546,4188.845,0.0022,0.0022
28.04.2021 00:00:32.746 GMT+0200,4189.557,4188.942,0.0005,0.0022
28.04.2021 00:00:32.796 GMT+0200,4189.667,4188.933,0.0022,0.0022
28.04.2021 00:00:36.146 GMT+0200,4189.9490000000005,4189.254,0.0022,0.0022
28.04.2021 00:00:36.284 GMT+0200,4189.664000000001,4188.945,0.0022,0.0031
28.04.2021 00:00:36.334 GMT+0200,4189.658,4188.999000000001,0.0022,0.0022
28.04.2021 00:00:37.347 GMT+0200,4189.654,4189.042,0.0005,0.0022
28.04.2021 00:00:37.400 GMT+0200,4189.758,4189.0509999999995,0.0022,0.0022
28.04.2021 00:00:38.247 GMT+0200,4189.658,4188.954000000001,0.0022,0.0031
28.04.2021 00:00:38.297 GMT+0200,4189.652,4188.939,0.0022,0.0022
28.04.2021 00:00:38.986 GMT+0200,4189.552000000001,4188.842000000001,0.0022,0.0031
28.04.2021 00:00:39.037 GMT+0200,4189.501,4188.845,0.0022,0.0022
28.04.2021 00:00:39.906 GMT+0200,4189.558,4188.836,0.0022,0.0031
28.04.2021 00:00:39.957 GMT+0200,4189.652,4188.936,0.0022,0.0022
28.04.2021 00:00:40.354 GMT+0200,4189.546,4188.899,0.0022,0.0031
28.04.2021 00:00:40.404 GMT+0200,4189.501,4188.833,0.0022,0.0022
28.04.2021 00:00:41.550 GMT+0200,4189.548,4188.951,0.0005,0.0022
28.04.2021 00:00:41.601 GMT+0200,4189.652,4188.945,0.0022,0.0022
28.04.2021 00:00:42.112 GMT+0200,4189.669,4189.042,0.0005,0.0022
28.04.2021 00:00:42.162 GMT+0200,4189.701,4189.039000000001,0.0022,0.0022
28.04.2021 00:00:42.748 GMT+0200,4189.567,4188.836,0.0022,0.0022
28.04.2021 00:00:44.501 GMT+0200,4189.746,4189.054,0.0022,0.0022
28.04.2021 00:00:45.650 GMT+0200,4189.564,4188.845,0.0022,0.0031
28.04.2021 00:00:45.700 GMT+0200,4189.558,4188.899,0.0022,0.0022
28.04.2021 00:00:51.179 GMT+0200,4189.254,4188.833,0.0005,0.0022
28.04.2021 00:00:51.229 GMT+0200,4189.264,4188.548,0.0022,0.0022
28.04.2021 00:00:51.826 GMT+0200,4189.251,4188.845,0.0005,0.0022
28.04.2021 00:00:51.877 GMT+0200,4189.561,4188.845,0.0022,0.0022
28.04.2021 00:00:56.020 GMT+0200,4189.2609999999995,4188.533,0.0022,0.0031
28.04.2021 00:00:56.070 GMT+0200,4189.2609999999995,4188.548,0.0022,0.0022
28.04.2021 00:00:56.629 GMT+0200,4189.266,4188.745,0.0005,0.0022
28.04.2021 00:00:56.679 GMT+0200,4189.461,4188.736,0.0022,0.0022
28.04.2021 00:00:56.792 GMT+0200,4189.2609999999995,4188.539000000001,0.0022,0.0031
28.04.2021 00:00:56.843 GMT+0200,4189.246,4188.545,0.0022,0.0022
28.04.2021 00:00:57.963 GMT+0200,4189.157,4188.554,0.0005,0.0022
28.04.2021 00:00:58.013 GMT+0200,4189.158,4188.439,0.0022,0.0022
28.04.2021 00:00:58.124 GMT+0200,4189.057,4188.448,0.0005,0.0022
28.04.2021 00:00:58.175 GMT+0200,4189.052000000001,4188.354,0.0022,0.0022
28.04.2021 00:00:58.673 GMT+0200,4188.749000000001,4188.042,0.0022,0.0031
28.04.2021 00:00:58.723 GMT+0200,4188.767,4188.099,0.0022,0.0022
28.04.2021 00:00:58.994 GMT+0200,4188.754,4188.233,0.0005,0.0022
28.04.2021 00:00:59.045 GMT+0200,4188.964,4188.254,0.0022,0.0022
28.04.2021 00:01:00.036 GMT+0200,4188.955,4188.2390000000005,0.0022,0.0031
28.04.2021 00:01:00.086 GMT+0200,4189.052000000001,4188.354,0.0022,0.0022
28.04.2021 00:01:00.247 GMT+0200,4189.452,4188.7390000000005,0.0022,0.0022
28.04.2021 00:01:00.522 GMT+0200,4189.249000000001,4188.542,0.0022,0.0031
28.04.2021 00:01:00.572 GMT+0200,4189.264,4188.548,0.0022,0.0022
28.04.2021 00:01:01.246 GMT+0200,4189.06,4188.536,0.0005,0.0022
28.04.2021 00:01:01.296 GMT+0200,4189.064,4188.399,0.0022,0.0022
28.04.2021 00:01:02.287 GMT+0200,4189.054,4188.548,0.0005,0.0022
28.04.2021 00:01:02.338 GMT+0200,4189.252,4188.554,0.0022,0.0022
28.04.2021 00:01:05.858 GMT+0200,4189.561,4188.833,0.0022,0.0022
28.04.2021 00:01:05.984 GMT+0200,4189.246,4188.599,0.0022,0.0031
28.04.2021 00:01:06.035 GMT+0200,4189.258,4188.554,0.0022,0.0022
28.04.2021 00:01:11.377 GMT+0200,4189.164000000001,4188.442,0.0022,0.0031
28.04.2021 00:01:11.428 GMT+0200,4189.155,4188.451,0.0022,0.0022
28.04.2021 00:01:11.542 GMT+0200,4189.058,4188.351,0.0022,0.0031
28.04.2021 00:01:11.593 GMT+0200,4189.046,4188.399,0.0022,0.0022
28.04.2021 00:01:19.722 GMT+0200,4188.701,4188.036,0.0022,0.0022
28.04.2021 00:01:20.948 GMT+0200,4188.769,4188.251,0.0005,0.0022
28.04.2021 00:01:20.998 GMT+0200,4188.946,4188.299,0.0022,0.0022
28.04.2021 00:01:22.106 GMT+0200,4188.7609999999995,4188.054,0.0022,0.0031
28.04.2021 00:01:22.157 GMT+0200,4188.764,4188.054,0.0022,0.0022
28.04.2021 00:01:25.434 GMT+0200,4188.748,4188.354,0.0005,0.0022
28.04.2021 00:01:25.484 GMT+0200,4189.001,4188.351,0.0022,0.0022
28.04.2021 00:01:35.030 GMT+0200,4189.069,4188.539000000001,0.0005,0.0022
28.04.2021 00:01:35.080 GMT+0200,4189.201,4188.545,0.0022,0.0022
28.04.2021 00:01:35.351 GMT+0200,4189.046,4188.399,0.0022,0.0031
28.04.2021 00:01:35.401 GMT+0200,4189.046,4188.336,0.0022,0.0022
28.04.2021 00:01:36.686 GMT+0200,4189.057,4188.599,0.0005,0.0022
28.04.2021 00:01:36.736 GMT+0200,4189.267,4188.5509999999995,0.0022,0.0022
28.04.2021 00:01:40.949 GMT+0200,4189.052000000001,4188.336,0.0022,0.0031
28.04.2021 00:01:40.999 GMT+0200,4189.067,4188.336,0.0022,0.0022
28.04.2021 00:01:46.133 GMT+0200,4189.069,4188.554,0.0005,0.0022
28.04.2021 00:01:46.183 GMT+0200,4189.264,4188.542,0.0022,0.0022
28.04.2021 00:01:50.801 GMT+0200,4189.058,4188.354,0.0022,0.0031
28.04.2021 00:01:50.852 GMT+0200,4189.001,4188.399,0.0022,0.0022
28.04.2021 00:01:50.960 GMT+0200,4189.057,4188.554,0.0005,0.0022
28.04.2021 00:01:51.010 GMT+0200,4189.2609999999995,4188.536,0.0022,0.0022
28.04.2021 00:02:00.427 GMT+0200,4189.2029999999995,4188.842000000001,0.0005,0.0022
28.04.2021 00:02:00.477 GMT+0200,4189.546,4188.845,0.0022,0.0022
28.04.2021 00:02:04.122 GMT+0200,4189.252,4188.533,0.0022,0.0031
28.04.2021 00:02:04.172 GMT+0200,4189.255,4188.5509999999995,0.0022,0.0022
28.04.2021 00:02:18.067 GMT+0200,4189.2570000000005,4188.833,0.0005,0.0022
28.04.2021 00:02:18.117 GMT+0200,4189.546,4188.851,0.0022,0.0022
28.04.2021 00:02:28.465 GMT+0200,4189.264,4188.599,0.0022,0.0031
28.04.2021 00:02:28.515 GMT+0200,4189.267,4188.548,0.0022,0.0022
28.04.2021 00:04:08.215 GMT+0200,4189.266,4188.833,0.0005,0.0022
28.04.2021 00:04:08.265 GMT+0200,4189.564,4188.836,0.0022,0.0022
28.04.2021 00:04:24.770 GMT+0200,4189.755,4189.045,0.0022,0.0022
28.04.2021 00:04:56.869 GMT+0200,4189.555,4188.845,0.0022,0.0022
28.04.2021 00:05:54.466 GMT+0200,4189.503,4189.039000000001,0.0005,0.0022
28.04.2021 00:05:54.516 GMT+0200,4189.749000000001,4189.033,0.0022,0.0022
28.04.2021 00:05:54.627 GMT+0200,4189.558,4188.839,0.0022,0.0031
28.04.2021 00:05:54.677 GMT+0200,4189.501,4188.854,0.0022,0.0022
28.04.2021 00:06:01.634 GMT+0200,4189.755,4189.048,0.0022,0.0022
28.04.2021 00:06:06.421 GMT+0200,4189.561,4188.833,0.0022,0.0022
28.04.2021 00:06:07.097 GMT+0200,4189.267,4188.554,0.0022,0.0031
28.04.2021 00:06:07.148 GMT+0200,4189.267,4188.533,0.0022,0.0022
28.04.2021 00:06:11.759 GMT+0200,4189.249000000001,4188.5509999999995,0.0022,0.0031
28.04.2021 00:06:11.809 GMT+0200,4189.401,4188.736,0.0022,0.0022
28.04.2021 00:06:12.525 GMT+0200,4189.546,4188.836,0.0022,0.0022
28.04.2021 00:06:18.282 GMT+0200,4189.569,4189.048,0.0005,0.0022
28.04.2021 00:06:18.333 GMT+0200,4189.749000000001,4189.0509999999995,0.0022,0.0022
28.04.2021 00:06:18.467 GMT+0200,4189.555,4188.833,0.0022,0.0022
28.04.2021 00:06:43.379 GMT+0200,4189.569,4189.039000000001,0.0005,0.0022
28.04.2021 00:06:43.429 GMT+0200,4189.758,4189.039000000001,0.0022,0.0022
28.04.2021 00:06:43.554 GMT+0200,4189.567,4188.839,0.0022,0.0022
28.04.2021 00:06:45.866 GMT+0200,4189.646,4188.999000000001,0.0022,0.0022
28.04.2021 00:06:45.986 GMT+0200,4189.666,4189.048,0.0005,0.0022
28.04.2021 00:06:46.036 GMT+0200,4189.701,4189.045,0.0022,0.0022
28.04.2021 00:06:50.829 GMT+0200,4189.555,4188.836,0.0022,0.0031
28.04.2021 00:06:50.879 GMT+0200,4189.546,4188.845,0.0022,0.0022
28.04.2021 00:07:13.858 GMT+0200,4189.566,4189.099,0.0005,0.0022
28.04.2021 00:07:13.909 GMT+0200,4189.746,4189.048,0.0022,0.0022
28.04.2021 00:07:17.608 GMT+0200,4189.754,4189.254,0.0005,0.0022
28.04.2021 00:07:17.658 GMT+0200,4189.946,4189.254,0.0022,0.0022
28.04.2021 00:07:17.762 GMT+0200,4189.951,4189.336,0.0005,0.0022
28.04.2021 00:07:17.812 GMT+0200,4190.046,4189.354,0.0022,0.0022
28.04.2021 00:07:34.389 GMT+0200,4189.748,4189.399,0.0005,0.0022
28.04.2021 00:07:34.440 GMT+0200,4189.746,4189.0509999999995,0.0022,0.0022
28.04.2021 00:07:34.993 GMT+0200,4189.754,4189.351,0.0005,0.0022
28.04.2021 00:07:35.044 GMT+0200,4190.061,4189.339,0.0022,0.0022
28.04.2021 00:07:37.598 GMT+0200,4189.754,4189.351,0.0005,0.0022
28.04.2021 00:07:37.648 GMT+0200,4189.758,4189.099,0.0022,0.0022
28.04.2021 00:07:39.336 GMT+0200,4190.049,4189.345,0.0022,0.0022
28.04.2021 00:07:42.636 GMT+0200,4189.746,4189.042,0.0022,0.0022
28.04.2021 00:07:46.643 GMT+0200,4189.751,4189.399,0.0005,0.0022
28.04.2021 00:07:46.693 GMT+0200,4190.049,4189.345,0.0022,0.0022
28.04.2021 00:07:58.812 GMT+0200,4189.752,4189.033,0.0022,0.0022
28.04.2021 00:08:10.511 GMT+0200,4189.56,4189.039000000001,0.0005,0.0022
28.04.2021 00:08:10.561 GMT+0200,4189.567,4188.899,0.0022,0.0022
28.04.2021 00:08:43.105 GMT+0200,4189.269,4188.851,0.0005,0.0022
28.04.2021 00:08:43.156 GMT+0200,4189.252,4188.533,0.0022,0.0022
28.04.2021 00:09:56.048 GMT+0200,4189.201,4188.5509999999995,0.0022,0.0031
28.04.2021 00:09:56.098 GMT+0200,4189.558,4188.845,0.0022,0.0022
28.04.2021 00:10:05.406 GMT+0200,4189.56,4188.933,0.0005,0.0022
28.04.2021 00:10:05.457 GMT+0200,4189.646,4188.942,0.0022,0.0022
28.04.2021 00:10:08.482 GMT+0200,4189.555,4188.848,0.0022,0.0031
28.04.2021 00:10:08.532 GMT+0200,4189.501,4188.848,0.0022,0.0022
28.04.2021 00:10:17.551 GMT+0200,4189.5509999999995,4189.042,0.0005,0.0022
28.04.2021 00:10:17.601 GMT+0200,4189.752,4189.042,0.0022,0.0022
28.04.2021 00:10:40.930 GMT+0200,4189.567,4188.851,0.0022,0.0022
28.04.2021 00:10:43.997 GMT+0200,4189.503,4189.042,0.0005,0.0022
28.04.2021 00:10:44.048 GMT+0200,4189.746,4189.054,0.0022,0.0022
28.04.2021 00:10:48.731 GMT+0200,4189.5509999999995,4189.036,0.0005,0.0022
28.04.2021 00:10:48.782 GMT+0200,4189.561,4188.833,0.0022,0.0022
28.04.2021 00:10:49.409 GMT+0200,4189.264,4188.5509999999995,0.0022,0.0031
28.04.2021 00:10:49.459 GMT+0200,4189.264,4188.542,0.0022,0.0022
28.04.2021 00:10:51.167 GMT+0200,4189.248,4188.733,0.0005,0.0022
28.04.2021 00:10:51.217 GMT+0200,4189.4490000000005,4188.745,0.0022,0.0022
28.04.2021 00:10:52.482 GMT+0200,4189.249000000001,4188.533,0.0022,0.0022
28.04.2021 00:10:54.133 GMT+0200,4189.549,4188.848,0.0022,0.0022
28.04.2021 00:11:00.242 GMT+0200,4189.248,4188.836,0.0005,0.0022
28.04.2021 00:11:00.292 GMT+0200,4189.249000000001,4188.533,0.0022,0.0022
28.04.2021 00:11:01.590 GMT+0200,4189.269,4188.854,0.0005,0.0022
28.04.2021 00:11:01.640 GMT+0200,4189.549,4188.842000000001,0.0022,0.0022
28.04.2021 00:11:02.087 GMT+0200,4189.249000000001,4188.599,0.0022,0.0031
28.04.2021 00:11:02.137 GMT+0200,4189.246,4188.554,0.0022,0.0022
28.04.2021 00:11:13.222 GMT+0200,4189.255,4188.545,0.0022,0.0031
28.04.2021 00:11:13.272 GMT+0200,4189.555,4188.848,0.0022,0.0022
28.04.2021 00:11:59.537 GMT+0200,4189.503,4189.039000000001,0.0005,0.0022
28.04.2021 00:11:59.588 GMT+0200,4189.7609999999995,4189.0509999999995,0.0022,0.0022
28.04.2021 00:12:05.455 GMT+0200,4189.566,4189.036,0.0005,0.0022
28.04.2021 00:12:05.505 GMT+0200,4189.546,4188.899,0.0022,0.0022
28.04.2021 00:12:05.915 GMT+0200,4189.566,4188.954000000001,0.0005,0.0022
28.04.2021 00:12:05.965 GMT+0200,4189.655,4188.954000000001,0.0022,0.0022
28.04.2021 00:12:06.110 GMT+0200,4189.7609999999995,4189.099,0.0022,0.0022
28.04.2021 00:12:18.269 GMT+0200,4189.567,4188.836,0.0022,0.0031
28.04.2021 00:12:18.320 GMT+0200,4189.561,4188.899,0.0022,0.0022
28.04.2021 00:12:56.847 GMT+0200,4189.564,4188.839,0.0022,0.0031
28.04.2021 00:12:56.897 GMT+0200,4189.701,4189.048,0.0022,0.0022
28.04.2021 00:13:23.089 GMT+0200,4189.555,4188.851,0.0022,0.0031
28.04.2021 00:13:23.139 GMT+0200,4189.546,4188.839,0.0022,0.0022
28.04.2021 00:13:25.278 GMT+0200,4189.569,4188.942,0.0005,0.0022
28.04.2021 00:13:25.328 GMT+0200,4189.646,4188.942,0.0022,0.0022
28.04.2021 00:13:28.223 GMT+0200,4189.651,4189.054,0.0005,0.0022
28.04.2021 00:13:28.274 GMT+0200,4189.752,4189.054,0.0022,0.0022
28.04.2021 00:14:38.629 GMT+0200,4189.758,4189.0509999999995,0.0022,0.0031
28.04.2021 00:14:38.679 GMT+0200,4190.049,4189.339,0.0022,0.0022
28.04.2021 00:14:39.119 GMT+0200,4189.752,4189.039000000001,0.0022,0.0031
28.04.2021 00:14:39.169 GMT+0200,4189.767,4189.045,0.0022,0.0022
28.04.2021 00:14:51.025 GMT+0200,4189.766,4189.333,0.0005,0.0022
28.04.2021 00:14:51.076 GMT+0200,4190.001,4189.336,0.0022,0.0022
28.04.2021 00:14:51.653 GMT+0200,4189.751,4189.333,0.0005,0.0022
28.04.2021 00:14:51.704 GMT+0200,4189.701,4189.054,0.0022,0.0022
28.04.2021 00:14:53.658 GMT+0200,4189.7029999999995,4189.399,0.0005,0.0022
28.04.2021 00:14:53.709 GMT+0200,4190.064,4189.351,0.0022,0.0022
28.04.2021 00:14:54.355 GMT+0200,4189.9490000000005,4189.233,0.0022,0.0031
28.04.2021 00:14:54.406 GMT+0200,4189.955,4189.254,0.0022,0.0022
28.04.2021 00:14:55.658 GMT+0200,4189.963,4189.399,0.0005,0.0022
28.04.2021 00:14:55.708 GMT+0200,4190.067,4189.351,0.0022,0.0022
28.04.2021 00:15:05.392 GMT+0200,4190.057,4189.5509999999995,0.0005,0.0022
28.04.2021 00:15:05.442 GMT+0200,4190.264,4189.536,0.0022,0.0022
28.04.2021 00:15:24.998 GMT+0200,4190.266,4189.839,0.0005,0.0022
28.04.2021 00:15:25.048 GMT+0200,4190.546,4189.836,0.0022,0.0022
28.04.2021 00:15:25.167 GMT+0200,4190.254,4189.854,0.0005,0.0022
28.04.2021 00:15:25.217 GMT+0200,4190.264,4189.542,0.0022,0.0022
28.04.2021 00:15:30.275 GMT+0200,4190.263,4189.745,0.0005,0.0022
28.04.2021 00:15:30.325 GMT+0200,4190.446,4189.733,0.0022,0.0022
28.04.2021 00:15:32.043 GMT+0200,4190.2029999999995,4189.751,0.0005,0.0022
28.04.2021 00:15:32.093 GMT+0200,4190.255,4189.5509999999995,0.0022,0.0022
28.04.2021 00:15:39.131 GMT+0200,4190.248,4189.842000000001,0.0005,0.0022
28.04.2021 00:15:39.181 GMT+0200,4190.549,4189.848,0.0022,0.0022
28.04.2021 00:16:03.189 GMT+0200,4190.5509999999995,4190.045,0.0005,0.0022
28.04.2021 00:16:03.240 GMT+0200,4190.746,4190.054,0.0022,0.0022
28.04.2021 00:16:09.549 GMT+0200,4190.766,4190.342000000001,0.0005,0.0022
28.04.2021 00:16:09.599 GMT+0200,4191.067,4190.348,0.0022,0.0022
28.04.2021 00:16:10.732 GMT+0200,4190.766,4190.354,0.0005,0.0022
28.04.2021 00:16:10.783 GMT+0200,4190.701,4190.048,0.0022,0.0022
28.04.2021 00:17:28.420 GMT+0200,4190.7029999999995,4190.342000000001,0.0005,0.0022
28.04.2021 00:17:28.470 GMT+0200,4191.046,4190.342000000001,0.0022,0.0022
28.04.2021 00:17:29.390 GMT+0200,4190.766,4190.348,0.0005,0.0022
28.04.2021 00:17:29.440 GMT+0200,4190.764,4190.054,0.0022,0.0022
28.04.2021 00:18:06.334 GMT+0200,4190.558,4189.848,0.0022,0.0031
28.04.2021 00:18:06.385 GMT+0200,4190.501,4189.839,0.0022,0.0022
28.04.2021 00:18:06.820 GMT+0200,4190.258,4189.542,0.0022,0.0031
28.04.2021 00:18:06.870 GMT+0200,4190.246,4189.533,0.0022,0.0022
28.04.2021 00:18:41.778 GMT+0200,4190.254,4189.799,0.0005,0.0022
28.04.2021 00:18:41.828 GMT+0200,4190.401,4189.7390000000005,0.0022,0.0022
28.04.2021 00:18:46.968 GMT+0200,4190.258,4189.539000000001,0.0022,0.0031
28.04.2021 00:18:47.018 GMT+0200,4190.246,4189.533,0.0022,0.0022
28.04.2021 00:19:03.267 GMT+0200,4190.067,4189.333,0.0022,0.0031
28.04.2021 00:19:03.318 GMT+0200,4190.064,4189.342000000001,0.0022,0.0022
28.04.2021 00:19:34.087 GMT+0200,4190.255,4189.536,0.0022,0.0022
28.04.2021 00:19:53.988 GMT+0200,4190.2029999999995,4189.899,0.0005,0.0022
28.04.2021 00:19:54.038 GMT+0200,4190.561,4189.854,0.0022,0.0022
28.04.2021 00:20:47.159 GMT+0200,4190.249000000001,4189.599,0.0022,0.0031
28.04.2021 00:20:47.209 GMT+0200,4190.258,4189.539000000001,0.0022,0.0022
28.04.2021 00:20:57.634 GMT+0200,4190.248,4189.839,0.0005,0.0022
28.04.2021 00:20:57.685 GMT+0200,4190.567,4189.854,0.0022,0.0022
28.04.2021 00:21:02.945 GMT+0200,4190.2609999999995,4189.536,0.0022,0.0031
28.04.2021 00:21:02.996 GMT+0200,4190.246,4189.548,0.0022,0.0022
28.04.2021 00:21:07.753 GMT+0200,4190.254,4189.836,0.0005,0.0022
28.04.2021 00:21:07.803 GMT+0200,4190.558,4189.854,0.0022,0.0022
28.04.2021 00:21:21.061 GMT+0200,4190.248,4189.836,0.0005,0.0022
28.04.2021 00:21:21.112 GMT+0200,4190.246,4189.545,0.0022,0.0022
28.04.2021 00:21:33.605 GMT+0200,4190.2609999999995,4189.5509999999995,0.0022,0.0031
28.04.2021 00:21:33.655 GMT+0200,4190.567,4189.845,0.0022,0.0022
28.04.2021 00:21:37.866 GMT+0200,4190.252,4189.545,0.0022,0.0022
28.04.2021 00:21:44.545 GMT+0200,4190.2029999999995,4189.833,0.0005,0.0022
28.04.2021 00:21:44.595 GMT+0200,4190.558,4189.899,0.0022,0.0022
28.04.2021 00:21:52.866 GMT+0200,4190.248,4189.833,0.0005,0.0022
28.04.2021 00:21:52.917 GMT+0200,4190.249000000001,4189.539000000001,0.0022,0.0022
28.04.2021 00:21:56.280 GMT+0200,4190.26,4189.848,0.0005,0.0022
28.04.2021 00:21:56.331 GMT+0200,4190.555,4189.845,0.0022,0.0022
28.04.2021 00:22:05.443 GMT+0200,4190.264,4189.539000000001,0.0022,0.0031
28.04.2021 00:22:05.493 GMT+0200,4190.267,4189.536,0.0022,0.0022
28.04.2021 00:22:20.063 GMT+0200,4190.201,4189.536,0.0022,0.0031
28.04.2021 00:22:20.114 GMT+0200,4190.555,4189.848,0.0022,0.0022
28.04.2021 00:22:32.195 GMT+0200,4190.255,4189.539000000001,0.0022,0.0031
28.04.2021 00:22:32.245 GMT+0200,4190.249000000001,4189.599,0.0022,0.0022
28.04.2021 00:22:32.349 GMT+0200,4190.2570000000005,4189.833,0.0005,0.0022
28.04.2021 00:22:32.399 GMT+0200,4190.501,4189.899,0.0022,0.0022
28.04.2021 00:22:46.862 GMT+0200,4190.701,4190.033,0.0022,0.0022
28.04.2021 00:22:47.207 GMT+0200,4190.564,4189.851,0.0022,0.0031
28.04.2021 00:22:47.257 GMT+0200,4190.552000000001,4189.899,0.0022,0.0022
28.04.2021 00:22:48.231 GMT+0200,4190.554,4189.933,0.0005,0.0022
28.04.2021 00:22:48.281 GMT+0200,4190.649,4189.936,0.0022,0.0022
28.04.2021 00:22:51.296 GMT+0200,4190.669,4190.045,0.0005,0.0022
28.04.2021 00:22:51.346 GMT+0200,4190.749000000001,4190.042,0.0022,0.0022
28.04.2021 00:24:07.108 GMT+0200,4190.555,4189.833,0.0022,0.0031
28.04.2021 00:24:07.159 GMT+0200,4190.561,4189.842000000001,0.0022,0.0022
28.04.2021 00:24:10.283 GMT+0200,4190.566,4190.054,0.0005,0.0022
28.04.2021 00:24:10.333 GMT+0200,4190.764,4190.033,0.0022,0.0022
28.04.2021 00:24:12.057 GMT+0200,4190.561,4189.851,0.0022,0.0031
28.04.2021 00:24:12.107 GMT+0200,4190.501,4189.842000000001,0.0022,0.0022
28.04.2021 00:24:13.209 GMT+0200,4190.546,4189.848,0.0022,0.0031
28.04.2021 00:24:13.260 GMT+0200,4190.701,4190.048,0.0022,0.0022
28.04.2021 00:24:14.008 GMT+0200,4190.651,4190.045,0.0005,0.0022
28.04.2021 00:24:14.058 GMT+0200,4190.661,4189.999000000001,0.0022,0.0022
28.04.2021 00:24:14.183 GMT+0200,4190.666,4190.039000000001,0.0005,0.0022
28.04.2021 00:24:14.233 GMT+0200,4190.767,4190.054,0.0022,0.0022
28.04.2021 00:24:15.762 GMT+0200,4190.546,4189.899,0.0022,0.0031
28.04.2021 00:24:15.812 GMT+0200,4190.552000000001,4189.845,0.0022,0.0022
28.04.2021 00:25:16.638 GMT+0200,4190.549,4189.848,0.0022,0.0031
28.04.2021 00:25:16.688 GMT+0200,4190.749000000001,4190.033,0.0022,0.0022
28.04.2021 00:25:17.252 GMT+0200,4190.554,4190.099,0.0005,0.0022
28.04.2021 00:25:17.302 GMT+0200,4190.501,4189.833,0.0022,0.0022
28.04.2021 00:25:27.049 GMT+0200,4190.557,4189.933,0.0005,0.0022
28.04.2021 00:25:27.099 GMT+0200,4190.649,4189.936,0.0022,0.0022
28.04.2021 00:25:30.296 GMT+0200,4190.648,4190.045,0.0005,0.0022
28.04.2021 00:25:30.346 GMT+0200,4190.746,4190.039000000001,0.0022,0.0022
28.04.2021 00:25:32.564 GMT+0200,4190.649,4189.936,0.0022,0.0022
28.04.2021 00:25:35.225 GMT+0200,4190.558,4189.899,0.0022,0.0031
28.04.2021 00:25:35.275 GMT+0200,4190.564,4189.836,0.0022,0.0022
28.04.2021 00:27:36.454 GMT+0200,4190.569,4190.0509999999995,0.0005,0.0022
28.04.2021 00:27:36.504 GMT+0200,4190.755,4190.033,0.0022,0.0022
28.04.2021 00:28:06.933 GMT+0200,4190.566,4190.045,0.0005,0.0022
28.04.2021 00:28:06.984 GMT+0200,4190.564,4189.899,0.0022,0.0022
28.04.2021 00:28:09.833 GMT+0200,4190.554,4190.036,0.0005,0.0022
28.04.2021 00:28:09.883 GMT+0200,4190.764,4190.039000000001,0.0022,0.0022
28.04.2021 00:28:09.996 GMT+0200,4190.655,4189.945,0.0022,0.0031
28.04.2021 00:28:10.047 GMT+0200,4190.664000000001,4189.951,0.0022,0.0022
28.04.2021 00:28:10.621 GMT+0200,4190.666,4190.0509999999995,0.0005,0.0022
28.04.2021 00:28:10.671 GMT+0200,4190.758,4190.042,0.0022,0.0022
28.04.2021 00:28:11.545 GMT+0200,4190.664000000001,4189.933,0.0022,0.0031
28.04.2021 00:28:11.596 GMT+0200,4190.667,4189.951,0.0022,0.0022
28.04.2021 00:28:12.708 GMT+0200,4190.666,4190.099,0.0005,0.0022
28.04.2021 00:28:12.758 GMT+0200,4190.752,4190.042,0.0022,0.0022
28.04.2021 00:28:22.220 GMT+0200,4190.649,4189.936,0.0022,0.0031
28.04.2021 00:28:22.271 GMT+0200,4190.667,4189.933,0.0022,0.0022
28.04.2021 00:28:24.346 GMT+0200,4190.648,4190.045,0.0005,0.0022
28.04.2021 00:28:24.397 GMT+0200,4190.764,4190.099,0.0022,0.0022
28.04.2021 00:28:37.707 GMT+0200,4190.561,4189.848,0.0022,0.0031
28.04.2021 00:28:37.757 GMT+0200,4190.555,4189.836,0.0022,0.0022
28.04.2021 00:29:05.764 GMT+0200,4190.464,4189.799,0.0022,0.0031
28.04.2021 00:29:05.815 GMT+0200,4190.455,4189.751,0.0022,0.0022
28.04.2021 00:29:06.634 GMT+0200,4190.249000000001,4189.536,0.0022,0.0031
28.04.2021 00:29:06.685 GMT+0200,4190.267,4189.599,0.0022,0.0022
28.04.2021 00:29:10.269 GMT+0200,4190.2570000000005,4189.839,0.0005,0.0022
28.04.2021 00:29:10.320 GMT+0200,4190.564,4189.851,0.0022,0.0022
28.04.2021 00:29:10.759 GMT+0200,4190.246,4189.554,0.0022,0.0031
28.04.2021 00:29:10.809 GMT+0200,4190.258,4189.533,0.0022,0.0022
28.04.2021 00:31:04.919 GMT+0200,4190.064,4189.399,0.0022,0.0022
28.04.2021 00:31:34.586 GMT+0200,4189.958,4189.2390000000005,0.0022,0.0031
28.04.2021 00:31:34.636 GMT+0200,4189.961,4189.299,0.0022,0.0022
28.04.2021 00:31:36.958 GMT+0200,4189.752,4189.036,0.0022,0.0031
28.04.2021 00:31:37.009 GMT+0200,4189.749000000001,4189.099,0.0022,0.0022
28.04.2021 00:33:49.101 GMT+0200,4189.501,4188.839,0.0022,0.0031
28.04.2021 00:33:49.151 GMT+0200,4189.558,4188.848,0.0022,0.0022
28.04.2021 00:36:02.472 GMT+0200,4189.246,4188.5509999999995,0.0022,0.0022
28.04.2021 00:36:16.485 GMT+0200,4189.266,4188.851,0.0005,0.0022
28.04.2021 00:36:16.536 GMT+0200,4189.549,4188.845,0.0022,0.0022
28.04.2021 00:36:21.439 GMT+0200,4189.501,4188.833,0.0022,0.0031
28.04.2021 00:36:21.490 GMT+0200,4189.758,4189.048,0.0022,0.0022
28.04.2021 00:37:02.409 GMT+0200,4189.563,4189.036,0.0005,0.0022
28.04.2021 00:37:02.459 GMT+0200,4189.501,4188.845,0.0022,0.0022
28.04.2021 00:37:45.365 GMT+0200,4189.554,4189.099,0.0005,0.0022
28.04.2021 00:37:45.415 GMT+0200,4189.767,4189.045,0.0022,0.0022
28.04.2021 00:37:58.343 GMT+0200,4189.558,4188.839,0.0022,0.0031
28.04.2021 00:37:58.393 GMT+0200,4189.552000000001,4188.899,0.0022,0.0022
28.04.2021 00:38:02.532 GMT+0200,4189.255,4188.545,0.0022,0.0031
28.04.2021 00:38:02.582 GMT+0200,4189.249000000001,4188.539000000001,0.0022,0.0022
28.04.2021 00:38:17.538 GMT+0200,4189.26,4188.845,0.0005,0.0022
28.04.2021 00:38:17.588 GMT+0200,4189.501,4188.848,0.0022,0.0022
28.04.2021 00:38:21.673 GMT+0200,4189.552000000001,4188.842000000001,0.0022,0.0031
28.04.2021 00:38:21.724 GMT+0200,4189.701,4189.033,0.0022,0.0022
28.04.2021 00:39:46.332 GMT+0200,4189.561,4188.851,0.0022,0.0031
28.04.2021 00:39:46.383 GMT+0200,4189.561,4188.854,0.0022,0.0022
28.04.2021 00:40:41.873 GMT+0200,4189.563,4189.099,0.0005,0.0022
28.04.2021 00:40:41.923 GMT+0200,4189.758,4189.054,0.0022,0.0022
28.04.2021 00:40:42.598 GMT+0200,4189.567,4188.851,0.0022,0.0031
28.04.2021 00:40:42.649 GMT+0200,4189.558,4188.851,0.0022,0.0022
28.04.2021 00:41:18.415 GMT+0200,4189.554,4189.099,0.0005,0.0022
28.04.2021 00:41:18.465 GMT+0200,4189.749000000001,4189.039000000001,0.0022,0.0022
28.04.2021 00:41:22.213 GMT+0200,4189.763,4189.342000000001,0.0005,0.0022
28.04.2021 00:41:22.263 GMT+0200,4190.058,4189.336,0.0022,0.0022
28.04.2021 00:41:33.630 GMT+0200,4189.755,4189.045,0.0022,0.0031
28.04.2021 00:41:33.680 GMT+0200,4189.764,4189.048,0.0022,0.0022
28.04.2021 00:41:55.048 GMT+0200,4190.046,4189.345,0.0022,0.0022
28.04.2021 00:42:51.494 GMT+0200,4189.755,4189.039000000001,0.0022,0.0022
28.04.2021 00:46:26.005 GMT+0200,4189.7029999999995,4189.333,0.0005,0.0022
28.04.2021 00:46:26.055 GMT+0200,4190.064,4189.351,0.0022,0.0022
28.04.2021 00:46:58.956 GMT+0200,4189.755,4189.033,0.0022,0.0031
28.04.2021 00:46:59.007 GMT+0200,4189.752,4189.039000000001,0.0022,0.0022
28.04.2021 00:47:08.043 GMT+0200,4189.7029999999995,4189.345,0.0005,0.0022
28.04.2021 00:47:08.093 GMT+0200,4190.055,4189.342000000001,0.0022,0.0022
28.04.2021 00:47:47.836 GMT+0200,4190.057,4189.548,0.0005,0.0022
28.04.2021 00:47:47.887 GMT+0200,4190.246,4189.554,0.0022,0.0022
28.04.2021 00:47:47.998 GMT+0200,4190.061,4189.339,0.0022,0.0031
28.04.2021 00:47:48.049 GMT+0200,4190.058,4189.348,0.0022,0.0022
28.04.2021 00:48:57.029 GMT+0200,4190.066,4189.542,0.0005,0.0022
28.04.2021 00:48:57.080 GMT+0200,4190.246,4189.599,0.0022,0.0022
28.04.2021 00:48:58.998 GMT+0200,4190.146,4189.451,0.0022,0.0031
28.04.2021 00:48:59.053 GMT+0200,4190.101,4189.454000000001,0.0022,0.0022
28.04.2021 00:49:03.204 GMT+0200,4190.055,4189.333,0.0022,0.0022
28.04.2021 00:50:39.006 GMT+0200,4189.701,4189.045,0.0022,0.0031
28.04.2021 00:50:39.056 GMT+0200,4189.749000000001,4189.042,0.0022,0.0022
28.04.2021 00:52:30.058 GMT+0200,4189.76,4189.342000000001,0.0005,0.0022
28.04.2021 00:52:30.109 GMT+0200,4190.064,4189.351,0.0022,0.0022
28.04.2021 00:52:30.213 GMT+0200,4189.758,4189.054,0.0022,0.0031
28.04.2021 00:52:30.263 GMT+0200,4189.752,4189.048,0.0022,0.0022
28.04.2021 00:53:46.379 GMT+0200,4189.763,4189.336,0.0005,0.0022
28.04.2021 00:53:46.429 GMT+0200,4190.052000000001,4189.333,0.0022,0.0022
28.04.2021 00:53:55.123 GMT+0200,4189.7570000000005,4189.399,0.0005,0.0022
28.04.2021 00:53:55.174 GMT+0200,4189.767,4189.036,0.0022,0.0022
28.04.2021 00:53:58.438 GMT+0200,4189.769,4189.399,0.0005,0.0022
28.04.2021 00:53:58.489 GMT+0200,4190.046,4189.399,0.0022,0.0022
28.04.2021 00:53:58.596 GMT+0200,4189.755,4189.048,0.0022,0.0031
28.04.2021 00:53:58.647 GMT+0200,4189.7609999999995,4189.0509999999995,0.0022,0.0022
28.04.2021 00:54:14.944 GMT+0200,4189.767,4189.054,0.0022,0.0031
28.04.2021 00:54:14.994 GMT+0200,4190.055,4189.354,0.0022,0.0022
28.04.2021 00:54:29.447 GMT+0200,4189.958,4189.236,0.0022,0.0031
28.04.2021 00:54:29.497 GMT+0200,4189.961,4189.2390000000005,0.0022,0.0022
28.04.2021 00:54:30.794 GMT+0200,4189.958,4189.236,0.0022,0.0031
28.04.2021 00:54:30.845 GMT+0200,4190.058,4189.399,0.0022,0.0022
28.04.2021 00:55:00.203 GMT+0200,4189.764,4189.099,0.0022,0.0031
28.04.2021 00:55:00.253 GMT+0200,4189.752,4189.039000000001,0.0022,0.0022
28.04.2021 00:58:32.465 GMT+0200,4189.755,4189.054,0.0022,0.0031
28.04.2021 00:58:32.515 GMT+0200,4190.001,4189.399,0.0022,0.0022
28.04.2021 00:58:33.173 GMT+0200,4189.764,4189.048,0.0022,0.0031
28.04.2021 00:58:33.223 GMT+0200,4189.752,4189.048,0.0022,0.0022
28.04.2021 00:58:44.251 GMT+0200,4189.763,4189.354,0.0005,0.0022
28.04.2021 00:58:44.302 GMT+0200,4190.067,4189.354,0.0022,0.0022
28.04.2021 01:00:05.734 GMT+0200,4190.055,4189.354,0.0022,0.0031
28.04.2021 01:00:05.785 GMT+0200,4190.255,4189.548,0.0022,0.0022
28.04.2021 01:00:08.828 GMT+0200,4190.066,4189.554,0.0005,0.0022
28.04.2021 01:00:08.878 GMT+0200,4190.064,4189.333,0.0022,0.0022
28.04.2021 01:00:09.247 GMT+0200,4190.0509999999995,4189.554,0.0005,0.0022
28.04.2021 01:00:09.297 GMT+0200,4190.252,4189.599,0.0022,0.0022
28.04.2021 01:00:10.666 GMT+0200,4190.001,4189.333,0.0022,0.0022
28.04.2021 01:00:12.790 GMT+0200,4190.069,4189.545,0.0005,0.0022
28.04.2021 01:00:12.841 GMT+0200,4190.255,4189.599,0.0022,0.0022
28.04.2021 01:00:28.686 GMT+0200,4190.269,4189.839,0.0005,0.0022
28.04.2021 01:00:28.737 GMT+0200,4190.558,4189.833,0.0022,0.0022
28.04.2021 01:00:32.598 GMT+0200,4190.569,4190.054,0.0005,0.0022
28.04.2021 01:00:32.648 GMT+0200,4190.758,4190.099,0.0022,0.0022
28.04.2021 01:03:49.675 GMT+0200,4190.748,4190.345,0.0005,0.0022
28.04.2021 01:03:49.725 GMT+0200,4191.055,4190.351,0.0022,0.0022
28.04.2021 01:04:21.673 GMT+0200,4191.069,4190.548,0.0005,0.0022
28.04.2021 01:04:21.723 GMT+0200,4191.2609999999995,4190.539000000001,0.0022,0.0022
28.04.2021 01:05:34.573 GMT+0200,4191.263,4190.836,0.0005,0.0022
28.04.2021 01:05:34.623 GMT+0200,4191.561,4190.842000000001,0.0022,0.0022
28.04.2021 01:06:10.519 GMT+0200,4191.549,4190.854,0.0022,0.0031
28.04.2021 01:06:10.570 GMT+0200,4191.667,4190.942,0.0022,0.0022
28.04.2021 01:06:10.700 GMT+0200,4191.652,4190.939,0.0022,0.0031
28.04.2021 01:06:10.750 GMT+0200,4191.746,4191.054,0.0022,0.0022
28.04.2021 01:06:10.860 GMT+0200,4191.552000000001,4190.842000000001,0.0022,0.0031
28.04.2021 01:06:10.911 GMT+0200,4191.549,4190.836,0.0022,0.0022
28.04.2021 01:06:24.150 GMT+0200,4191.5509999999995,4191.036,0.0005,0.0022
28.04.2021 01:06:24.200 GMT+0200,4191.752,4191.054,0.0022,0.0022
28.04.2021 01:06:57.499 GMT+0200,4191.754,4191.339,0.0005,0.0022
28.04.2021 01:06:57.550 GMT+0200,4192.055,4191.333,0.0022,0.0022
28.04.2021 01:07:10.033 GMT+0200,4191.701,4191.099,0.0022,0.0031
28.04.2021 01:07:10.084 GMT+0200,4191.752,4191.0509999999995,0.0022,0.0022
28.04.2021 01:07:10.603 GMT+0200,4191.755,4191.045,0.0022,0.0031
28.04.2021 01:07:10.653 GMT+0200,4192.049,4191.336,0.0022,0.0022
28.04.2021 01:07:10.934 GMT+0200,4191.758,4191.033,0.0022,0.0031
28.04.2021 01:07:10.984 GMT+0200,4191.767,4191.036,0.0022,0.0022
28.04.2021 01:07:21.245 GMT+0200,4191.5509999999995,4191.099,0.0005,0.0022
28.04.2021 01:07:21.295 GMT+0200,4191.558,4190.833,0.0022,0.0022
28.04.2021 01:08:35.140 GMT+0200,4191.569,4191.033,0.0005,0.0022
28.04.2021 01:08:35.190 GMT+0200,4191.752,4191.045,0.0022,0.0022
28.04.2021 01:08:52.772 GMT+0200,4191.754,4191.399,0.0005,0.0022
28.04.2021 01:08:52.822 GMT+0200,4192.061,4191.336,0.0022,0.0022
28.04.2021 01:09:25.284 GMT+0200,4191.701,4191.048,0.0022,0.0022
28.04.2021 01:10:37.645 GMT+0200,4191.552000000001,4190.833,0.0022,0.0031
28.04.2021 01:10:37.696 GMT+0200,4191.549,4190.836,0.0022,0.0022
28.04.2021 01:13:19.345 GMT+0200,4191.548,4191.036,0.0005,0.0022
28.04.2021 01:13:19.395 GMT+0200,4191.767,4191.042,0.0022,0.0022
28.04.2021 01:14:02.562 GMT+0200,4191.555,4190.899,0.0022,0.0022
28.04.2021 01:14:39.702 GMT+0200,4191.461,4190.742,0.0022,0.0031
28.04.2021 01:14:39.753 GMT+0200,4191.458,4190.736,0.0022,0.0022
28.04.2021 01:14:44.867 GMT+0200,4191.252,4190.599,0.0022,0.0031
28.04.2021 01:14:44.917 GMT+0200,4191.201,4190.539000000001,0.0022,0.0022
28.04.2021 01:15:01.386 GMT+0200,4191.266,4190.836,0.0005,0.0022
28.04.2021 01:15:01.436 GMT+0200,4191.558,4190.854,0.0022,0.0022
28.04.2021 01:15:02.563 GMT+0200,4191.264,4190.539000000001,0.0022,0.0031
28.04.2021 01:15:02.613 GMT+0200,4191.249000000001,4190.533,0.0022,0.0022
28.04.2021 01:15:07.337 GMT+0200,4191.254,4190.899,0.0005,0.0022
28.04.2021 01:15:07.387 GMT+0200,4191.546,4190.839,0.0022,0.0022
28.04.2021 01:15:08.404 GMT+0200,4191.469,4190.833,0.0005,0.0022
28.04.2021 01:15:08.454 GMT+0200,4191.461,4190.745,0.0022,0.0022
28.04.2021 01:15:08.588 GMT+0200,4191.249000000001,4190.542,0.0022,0.0022
28.04.2021 01:15:10.349 GMT+0200,4191.249000000001,4190.599,0.0022,0.0031
28.04.2021 01:15:10.399 GMT+0200,4191.446,4190.751,0.0022,0.0022
28.04.2021 01:15:12.462 GMT+0200,4191.454000000001,4190.854,0.0005,0.0022
28.04.2021 01:15:12.513 GMT+0200,4191.564,4190.842000000001,0.0022,0.0022
28.04.2021 01:15:12.624 GMT+0200,4191.267,4190.548,0.0022,0.0031
28.04.2021 01:15:12.674 GMT+0200,4191.258,4190.548,0.0022,0.0022
28.04.2021 01:17:01.238 GMT+0200,4191.001,4190.342000000001,0.0022,0.0031
28.04.2021 01:17:01.289 GMT+0200,4191.058,4190.342000000001,0.0022,0.0022
28.04.2021 01:17:02.269 GMT+0200,4191.054,4190.445,0.0005,0.0022
28.04.2021 01:17:02.320 GMT+0200,4191.164000000001,4190.454000000001,0.0022,0.0022
28.04.2021 01:17:04.115 GMT+0200,4191.064,4190.354,0.0022,0.0022
28.04.2021 01:17:10.213 GMT+0200,4191.052000000001,4190.342000000001,0.0022,0.0031
28.04.2021 01:17:10.264 GMT+0200,4191.252,4190.536,0.0022,0.0022
28.04.2021 01:17:18.686 GMT+0200,4191.055,4190.348,0.0022,0.0031
28.04.2021 01:17:18.737 GMT+0200,4191.067,4190.333,0.0022,0.0022
28.04.2021 01:17:26.474 GMT+0200,4191.06,4190.548,0.0005,0.0022
28.04.2021 01:17:26.525 GMT+0200,4191.267,4190.545,0.0022,0.0022
28.04.2021 01:22:14.414 GMT+0200,4191.549,4190.851,0.0022,0.0022
28.04.2021 01:23:39.433 GMT+0200,4191.263,4190.845,0.0005,0.0022
28.04.2021 01:23:39.483 GMT+0200,4191.201,4190.599,0.0022,0.0022
28.04.2021 01:26:01.257 GMT+0200,4191.001,4190.351,0.0022,0.0031
28.04.2021 01:26:01.308 GMT+0200,4191.046,4190.336,0.0022,0.0022
28.04.2021 01:27:02.422 GMT+0200,4191.201,4190.5509999999995,0.0022,0.0022
28.04.2021 01:31:15.821 GMT+0200,4191.066,4190.545,0.0005,0.0022
28.04.2021 01:31:15.872 GMT+0200,4191.055,4190.342000000001,0.0022,0.0022
28.04.2021 01:31:17.299 GMT+0200,4190.755,4190.099,0.0022,0.0031
28.04.2021 01:31:17.349 GMT+0200,4190.746,4190.099,0.0022,0.0022
28.04.2021 01:31:18.935 GMT+0200,4190.754,4190.242,0.0005,0.0022
28.04.2021 01:31:18.986 GMT+0200,4190.9490000000005,4190.251,0.0022,0.0022
28.04.2021 01:31:21.105 GMT+0200,4190.7029999999995,4190.245,0.0005,0.0022
28.04.2021 01:31:21.156 GMT+0200,4190.749000000001,4190.042,0.0022,0.0022
28.04.2021 01:31:58.071 GMT+0200,4191.055,4190.351,0.0022,0.0022
28.04.2021 01:32:01.465 GMT+0200,4190.755,4190.039000000001,0.0022,0.0031
28.04.2021 01:32:01.515 GMT+0200,4190.701,4190.039000000001,0.0022,0.0022
28.04.2021 01:37:01.718 GMT+0200,4190.76,4190.04,0.0006,0.0009
28.04.2021 01:37:21.008 GMT+0200,4191.06,4190.352,0.0006,0.0009
28.04.2021 01:37:21.192 GMT+0200,4191.061,4190.339,0.0022,0.0022
28.04.2021 01:38:13.223 GMT+0200,4191.061,4190.399,0.0022,0.0031
28.04.2021 01:38:13.274 GMT+0200,4191.249000000001,4190.5509999999995,0.0022,0.0022
28.04.2021 01:38:14.891 GMT+0200,4191.055,4190.351,0.0022,0.0031
28.04.2021 01:38:14.941 GMT+0200,4191.058,4190.336,0.0022,0.0022
28.04.2021 01:40:17.873 GMT+0200,4190.755,4190.054,0.0022,0.0022
28.04.2021 01:42:01.168 GMT+0200,4190.567,4189.851,0.0022,0.0022
28.04.2021 01:42:01.358 GMT+0200,4190.067,4189.348,0.0022,0.0031
28.04.2021 01:42:01.408 GMT+0200,4190.246,4189.554,0.0022,0.0022
28.04.2021 01:42:48.605 GMT+0200,4190.049,4189.399,0.0022,0.0031
28.04.2021 01:42:48.656 GMT+0200,4190.067,4189.399,0.0022,0.0022
28.04.2021 01:42:55.699 GMT+0200,4190.069,4189.542,0.0005,0.0022
28.04.2021 01:42:55.750 GMT+0200,4190.255,4189.533,0.0022,0.0022
28.04.2021 01:42:55.862 GMT+0200,4190.049,4189.342000000001,0.0022,0.0031
28.04.2021 01:42:55.913 GMT+0200,4190.067,4189.351,0.0022,0.0022
28.04.2021 01:42:59.598 GMT+0200,4190.201,4189.533,0.0022,0.0022
28.04.2021 01:43:00.077 GMT+0200,4190.155,4189.499000000001,0.0022,0.0031
28.04.2021 01:43:00.127 GMT+0200,4190.101,4189.451,0.0022,0.0022
28.04.2021 01:43:00.257 GMT+0200,4190.046,4189.339,0.0022,0.0022
28.04.2021 01:43:16.947 GMT+0200,4189.9490000000005,4189.245,0.0022,0.0031
28.04.2021 01:43:16.998 GMT+0200,4189.901,4189.242,0.0022,0.0022
28.04.2021 01:43:18.082 GMT+0200,4190.049,4189.336,0.0022,0.0022
28.04.2021 01:43:28.012 GMT+0200,4189.764,4189.036,0.0022,0.0031
28.04.2021 01:43:28.062 GMT+0200,4189.752,4189.033,0.0022,0.0022
28.04.2021 01:44:12.224 GMT+0200,4189.558,4188.833,0.0022,0.0022
28.04.2021 01:45:00.561 GMT+0200,4189.2609999999995,4188.599,0.0022,0.0031
28.04.2021 01:45:00.611 GMT+0200,4189.267,4188.599,0.0022,0.0022
28.04.2021 01:45:29.048 GMT+0200,4189.052000000001,4188.342000000001,0.0022,0.0031
28.04.2021 01:45:29.099 GMT+0200,4189.064,4188.336,0.0022,0.0022
28.04.2021 01:45:31.469 GMT+0200,4189.067,4188.399,0.0022,0.0031
28.04.2021 01:45:31.520 GMT+0200,4189.249000000001,4188.536,0.0022,0.0022
28.04.2021 01:45:42.681 GMT+0200,4189.501,4188.842000000001,0.0022,0.0022
28.04.2021 01:45:47.390 GMT+0200,4189.569,4189.048,0.0005,0.0022
28.04.2021 01:45:47.440 GMT+0200,4189.767,4189.033,0.0022,0.0022
28.04.2021 01:45:51.807 GMT+0200,4189.663,4189.033,0.0005,0.0022
28.04.2021 01:45:51.857 GMT+0200,4189.601,4188.942,0.0022,0.0022
28.04.2021 01:45:52.302 GMT+0200,4189.603,4189.054,0.0005,0.0022
28.04.2021 01:45:52.352 GMT+0200,4189.767,4189.036,0.0022,0.0022
28.04.2021 01:45:53.958 GMT+0200,4189.555,4188.836,0.0022,0.0031
28.04.2021 01:45:54.008 GMT+0200,4189.555,4188.851,0.0022,0.0022
28.04.2021 01:45:59.332 GMT+0200,4189.548,4189.036,0.0005,0.0022
28.04.2021 01:45:59.382 GMT+0200,4189.746,4189.036,0.0022,0.0022
28.04.2021 01:46:02.105 GMT+0200,4189.56,4189.042,0.0005,0.0022
28.04.2021 01:46:02.155 GMT+0200,4189.552000000001,4188.839,0.0022,0.0022
28.04.2021 01:46:12.121 GMT+0200,4189.755,4189.0509999999995,0.0022,0.0022
28.04.2021 01:46:13.378 GMT+0200,4189.567,4188.833,0.0022,0.0022
28.04.2021 01:46:15.506 GMT+0200,4189.555,4188.848,0.0022,0.0031
28.04.2021 01:46:15.557 GMT+0200,4189.701,4189.048,0.0022,0.0022
28.04.2021 01:46:22.872 GMT+0200,4189.552000000001,4188.845,0.0022,0.0031
28.04.2021 01:46:22.922 GMT+0200,4189.561,4188.842000000001,0.0022,0.0022
28.04.2021 01:46:34.747 GMT+0200,4189.555,4188.833,0.0022,0.0031
28.04.2021 01:46:34.797 GMT+0200,4189.755,4189.048,0.0022,0.0022
28.04.2021 01:47:02.263 GMT+0200,4190.052000000001,4189.399,0.0022,0.0022
28.04.2021 01:47:20.548 GMT+0200,4189.952,4189.251,0.0022,0.0031
28.04.2021 01:47:20.598 GMT+0200,4189.946,4189.299,0.0022,0.0022
28.04.2021 01:47:20.794 GMT+0200,4189.752,4189.054,0.0022,0.0031
28.04.2021 01:47:20.845 GMT+0200,4189.764,4189.042,0.0022,0.0022
28.04.2021 01:47:24.031 GMT+0200,4189.769,4189.348,0.0005,0.0022
28.04.2021 01:47:24.082 GMT+0200,4190.067,4189.354,0.0022,0.0022
28.04.2021 01:47:24.206 GMT+0200,4189.755,4189.054,0.0022,0.0031
28.04.2021 01:47:24.256 GMT+0200,4189.7609999999995,4189.033,0.0022,0.0022
28.04.2021 01:47:24.357 GMT+0200,4190.067,4189.339,0.0022,0.0022
28.04.2021 01:47:42.865 GMT+0200,4189.952,4189.233,0.0022,0.0031
28.04.2021 01:47:42.915 GMT+0200,4189.952,4189.242,0.0022,0.0022
28.04.2021 01:47:44.399 GMT+0200,4189.701,4189.033,0.0022,0.0031
28.04.2021 01:47:44.450 GMT+0200,4189.701,4189.054,0.0022,0.0022
28.04.2021 01:47:56.839 GMT+0200,4189.546,4188.845,0.0022,0.0031
28.04.2021 01:47:56.890 GMT+0200,4189.567,4188.899,0.0022,0.0022
28.04.2021 01:48:02.394 GMT+0200,4189.252,4188.548,0.0022,0.0031
28.04.2021 01:48:02.445 GMT+0200,4189.246,4188.599,0.0022,0.0022
28.04.2021 01:48:06.387 GMT+0200,4189.255,4188.536,0.0022,0.0031
28.04.2021 01:48:06.438 GMT+0200,4189.564,4188.833,0.0022,0.0022
28.04.2021 01:48:16.690 GMT+0200,4189.246,4188.539000000001,0.0022,0.0031
28.04.2021 01:48:16.740 GMT+0200,4189.252,4188.548,0.0022,0.0022
28.04.2021 01:48:22.300 GMT+0200,4189.267,4188.554,0.0022,0.0031
28.04.2021 01:48:22.350 GMT+0200,4189.555,4188.899,0.0022,0.0022
28.04.2021 01:48:36.957 GMT+0200,4189.249000000001,4188.599,0.0022,0.0031
28.04.2021 01:48:37.007 GMT+0200,4189.252,4188.536,0.0022,0.0022
28.04.2021 01:49:45.865 GMT+0200,4189.048,4188.539000000001,0.0005,0.0022
28.04.2021 01:49:45.915 GMT+0200,4189.067,4188.333,0.0022,0.0022
28.04.2021 01:50:01.330 GMT+0200,4188.758,4188.036,0.0022,0.0031
28.04.2021 01:50:01.381 GMT+0200,4188.764,4188.054,0.0022,0.0022
28.04.2021 01:50:01.521 GMT+0200,4189.061,4188.354,0.0022,0.0022
28.04.2021 01:50:06.738 GMT+0200,4189.046,4188.354,0.0022,0.0031
28.04.2021 01:50:06.788 GMT+0200,4189.249000000001,4188.599,0.0022,0.0022
28.04.2021 01:50:43.653 GMT+0200,4189.2609999999995,4188.5509999999995,0.0022,0.0031
28.04.2021 01:50:43.704 GMT+0200,4189.561,4188.854,0.0022,0.0022
28.04.2021 01:50:49.917 GMT+0200,4189.563,4189.033,0.0005,0.0022
28.04.2021 01:50:49.968 GMT+0200,4189.758,4189.039000000001,0.0022,0.0022
28.04.2021 01:51:05.889 GMT+0200,4189.552000000001,4188.842000000001,0.0022,0.0022
28.04.2021 01:51:06.019 GMT+0200,4189.554,4188.948,0.0005,0.0022
28.04.2021 01:51:06.069 GMT+0200,4189.601,4188.951,0.0022,0.0022
28.04.2021 01:51:06.762 GMT+0200,4189.549,4188.839,0.0022,0.0031
28.04.2021 01:51:06.813 GMT+0200,4189.552000000001,4188.848,0.0022,0.0022
28.04.2021 01:51:06.925 GMT+0200,4189.558,4188.836,0.0022,0.0031
28.04.2021 01:51:06.976 GMT+0200,4189.749000000001,4189.099,0.0022,0.0022
28.04.2021 01:51:28.936 GMT+0200,4189.563,4189.045,0.0005,0.0022
28.04.2021 01:51:28.987 GMT+0200,4189.549,4188.842000000001,0.0022,0.0022
28.04.2021 01:51:30.930 GMT+0200,4189.455,4188.754,0.0022,0.0031
28.04.2021 01:51:30.981 GMT+0200,4189.4490000000005,4188.799,0.0022,0.0022
28.04.2021 01:51:31.642 GMT+0200,4189.201,4188.539000000001,0.0022,0.0022
28.04.2021 01:51:48.634 GMT+0200,4189.255,4188.536,0.0022,0.0031
28.04.2021 01:51:48.685 GMT+0200,4189.561,4188.848,0.0022,0.0022
28.04.2021 01:52:12.147 GMT+0200,4189.2609999999995,4188.536,0.0022,0.0031
28.04.2021 01:52:12.197 GMT+0200,4189.258,4188.5509999999995,0.0022,0.0022
28.04.2021 01:52:16.888 GMT+0200,4189.501,4188.836,0.0022,0.0022
28.04.2021 01:52:17.438 GMT+0200,4189.264,4188.536,0.0022,0.0031
28.04.2021 01:52:17.488 GMT+0200,4189.249000000001,4188.545,0.0022,0.0022
28.04.2021 01:52:17.602 GMT+0200,4189.467000000001,4188.751,0.0022,0.0022
28.04.2021 01:52:18.399 GMT+0200,4189.457,4188.842000000001,0.0005,0.0022
28.04.2021 01:52:18.449 GMT+0200,4189.501,4188.899,0.0022,0.0022
28.04.2021 01:52:19.086 GMT+0200,4189.2609999999995,4188.548,0.0022,0.0031
28.04.2021 01:52:19.137 GMT+0200,4189.264,4188.545,0.0022,0.0022
28.04.2021 01:52:59.374 GMT+0200,4189.058,4188.351,0.0022,0.0031
28.04.2021 01:52:59.425 GMT+0200,4189.067,4188.339,0.0022,0.0022
28.04.2021 01:53:07.395 GMT+0200,4188.746,4188.045,0.0022,0.0022
28.04.2021 01:53:09.045 GMT+0200,4188.767,4188.036,0.0022,0.0031
28.04.2021 01:53:09.096 GMT+0200,4188.958,4188.2390000000005,0.0022,0.0022
28.04.2021 01:53:09.402 GMT+0200,4188.948,4188.399,0.0005,0.0022
28.04.2021 01:53:09.453 GMT+0200,4189.067,4188.339,0.0022,0.0022
28.04.2021 01:53:29.732 GMT+0200,4189.003,4188.599,0.0005,0.0022
28.04.2021 01:53:29.782 GMT+0200,4189.267,4188.599,0.0022,0.0022
28.04.2021 01:54:02.534 GMT+0200,4189.155,4188.436,0.0022,0.0022
28.04.2021 01:54:06.888 GMT+0200,4189.052000000001,4188.399,0.0022,0.0031
28.04.2021 01:54:06.938 GMT+0200,4189.067,4188.351,0.0022,0.0022
28.04.2021 01:54:30.400 GMT+0200,4188.901,4188.245,0.0022,0.0031
28.04.2021 01:54:30.450 GMT+0200,4188.9490000000005,4188.2390000000005,0.0022,0.0022
28.04.2021 01:54:30.600 GMT+0200,4188.701,4188.039000000001,0.0022,0.0022
28.04.2021 01:54:33.241 GMT+0200,4189.058,4188.354,0.0022,0.0022
28.04.2021 01:54:47.438 GMT+0200,4188.749000000001,4188.045,0.0022,0.0022
28.04.2021 01:54:53.255 GMT+0200,4188.701,4188.0509999999995,0.0022,0.0031
28.04.2021 01:54:53.305 GMT+0200,4189.001,4188.336,0.0022,0.0022
28.04.2021 01:54:55.785 GMT+0200,4188.767,4188.045,0.0022,0.0022
28.04.2021 01:55:22.322 GMT+0200,4188.752,4188.054,0.0022,0.0031
28.04.2021 01:55:22.373 GMT+0200,4189.055,4188.345,0.0022,0.0022
28.04.2021 01:55:44.331 GMT+0200,4189.057,4188.539000000001,0.0005,0.0022
28.04.2021 01:55:44.382 GMT+0200,4189.267,4188.548,0.0022,0.0022
28.04.2021 01:56:12.283 GMT+0200,4189.067,4188.345,0.0022,0.0022
28.04.2021 01:56:15.829 GMT+0200,4189.048,4188.536,0.0005,0.0022
28.04.2021 01:56:15.880 GMT+0200,4189.267,4188.599,0.0022,0.0022
28.04.2021 01:58:23.738 GMT+0200,4189.001,4188.345,0.0022,0.0031
28.04.2021 01:58:23.788 GMT+0200,4189.064,4188.354,0.0022,0.0022
28.04.2021 01:58:40.839 GMT+0200,4189.001,4188.336,0.0022,0.0031
28.04.2021 01:58:40.890 GMT+0200,4189.258,4188.542,0.0022,0.0022
28.04.2021 01:59:13.912 GMT+0200,4189.057,4188.548,0.0005,0.0022
28.04.2021 01:59:13.963 GMT+0200,4189.049,4188.339,0.0022,0.0022
28.04.2021 01:59:15.512 GMT+0200,4189.054,4188.548,0.0005,0.0022
28.04.2021 01:59:15.562 GMT+0200,4189.264,4188.533,0.0022,0.0022
28.04.2021 01:59:35.212 GMT+0200,4189.063,4188.542,0.0005,0.0022
28.04.2021 01:59:35.262 GMT+0200,4189.055,4188.348,0.0022,0.0022
28.04.2021 01:59:57.728 GMT+0200,4188.767,4188.0509999999995,0.0022,0.0031
28.04.2021 01:59:57.778 GMT+0200,4188.752,4188.033,0.0022,0.0022
28.04.2021 02:00:00.405 GMT+0200,4188.7609999999995,4188.048,0.0022,0.0031
28.04.2021 02:00:00.456 GMT+0200,4189.058,4188.399,0.0022,0.0022
28.04.2021 02:00:10.038 GMT+0200,4188.749000000001,4188.033,0.0022,0.0031
28.04.2021 02:00:10.088 GMT+0200,4188.758,4188.054,0.0022,0.0022
28.04.2021 02:00:13.294 GMT+0200,4188.549,4187.848,0.0022,0.0031
28.04.2021 02:00:13.345 GMT+0200,4188.561,4187.851,0.0022,0.0022
28.04.2021 02:00:18.295 GMT+0200,4188.249000000001,4187.5509999999995,0.0022,0.0031
28.04.2021 02:00:18.345 GMT+0200,4188.252,4187.533,0.0022,0.0022
28.04.2021 02:00:19.091 GMT+0200,4188.058,4187.348,0.0022,0.0031
28.04.2021 02:00:19.141 GMT+0200,4188.061,4187.399,0.0022,0.0022
28.04.2021 02:00:27.885 GMT+0200,4187.749000000001,4187.0509999999995,0.0022,0.0031
28.04.2021 02:00:27.935 GMT+0200,4187.701,4187.042,0.0022,0.0022
28.04.2021 02:00:28.367 GMT+0200,4187.7570000000005,4187.236,0.0005,0.0022
28.04.2021 02:00:28.418 GMT+0200,4187.9490000000005,4187.233,0.0022,0.0022
28.04.2021 02:00:28.529 GMT+0200,4187.951,4187.354,0.0005,0.0022
28.04.2021 02:00:28.579 GMT+0200,4188.061,4187.399,0.0022,0.0022
28.04.2021 02:00:32.752 GMT+0200,4188.046,4187.351,0.0022,0.0031
28.04.2021 02:00:32.803 GMT+0200,4188.255,4187.533,0.0022,0.0022
28.04.2021 02:00:38.998 GMT+0200,4188.501,4187.833,0.0022,0.0022
28.04.2021 02:00:55.902 GMT+0200,4188.558,4187.839,0.0022,0.0031
28.04.2021 02:00:55.952 GMT+0200,4188.758,4188.054,0.0022,0.0022
28.04.2021 02:01:01.827 GMT+0200,4188.566,4188.036,0.0005,0.0022
28.04.2021 02:01:01.877 GMT+0200,4188.561,4187.899,0.0022,0.0022
28.04.2021 02:01:04.083 GMT+0200,4188.567,4187.845,0.0022,0.0031
28.04.2021 02:01:04.133 GMT+0200,4188.749000000001,4188.054,0.0022,0.0022
28.04.2021 02:01:04.646 GMT+0200,4188.667,4187.945,0.0022,0.0031
28.04.2021 02:01:04.696 GMT+0200,4188.658,4187.933,0.0022,0.0022
28.04.2021 02:01:04.809 GMT+0200,4188.603,4188.033,0.0005,0.0022
28.04.2021 02:01:04.859 GMT+0200,4188.752,4188.042,0.0022,0.0022
28.04.2021 02:01:06.396 GMT+0200,4188.567,4187.854,0.0022,0.0031
28.04.2021 02:01:06.446 GMT+0200,4188.564,4187.839,0.0022,0.0022
28.04.2021 02:01:15.367 GMT+0200,4188.201,4187.539000000001,0.0022,0.0031
28.04.2021 02:01:15.418 GMT+0200,4188.255,4187.542,0.0022,0.0022
28.04.2021 02:01:20.956 GMT+0200,4188.054,4187.533,0.0005,0.0022
28.04.2021 02:01:21.006 GMT+0200,4188.067,4187.354,0.0022,0.0022
28.04.2021 02:01:21.479 GMT+0200,4188.06,4187.542,0.0005,0.0022
28.04.2021 02:01:21.529 GMT+0200,4188.246,4187.542,0.0022,0.0022
28.04.2021 02:01:39.735 GMT+0200,4188.549,4187.854,0.0022,0.0022
28.04.2021 02:01:40.174 GMT+0200,4188.251,4187.833,0.0005,0.0022
28.04.2021 02:01:40.225 GMT+0200,4188.264,4187.548,0.0022,0.0022
28.04.2021 02:01:42.465 GMT+0200,4188.258,4187.548,0.0022,0.0031
28.04.2021 02:01:42.516 GMT+0200,4188.549,4187.854,0.0022,0.0022
28.04.2021 02:01:49.253 GMT+0200,4188.548,4188.039000000001,0.0005,0.0022
28.04.2021 02:01:49.304 GMT+0200,4188.7609999999995,4188.042,0.0022,0.0022
28.04.2021 02:01:57.886 GMT+0200,4189.058,4188.339,0.0022,0.0022
28.04.2021 02:01:59.205 GMT+0200,4188.701,4188.039000000001,0.0022,0.0022
28.04.2021 02:02:01.678 GMT+0200,4188.763,4188.339,0.0005,0.0022
28.04.2021 02:02:01.728 GMT+0200,4189.001,4188.345,0.0022,0.0022
28.04.2021 02:02:01.847 GMT+0200,4188.749000000001,4188.033,0.0022,0.0022
28.04.2021 02:02:10.566 GMT+0200,4188.758,4188.039000000001,0.0022,0.0031
28.04.2021 02:02:10.616 GMT+0200,4189.001,4188.399,0.0022,0.0022
28.04.2021 02:02:12.927 GMT+0200,4189.048,4188.545,0.0005,0.0022
28.04.2021 02:02:12.978 GMT+0200,4189.267,4188.539000000001,0.0022,0.0022
28.04.2021 02:02:20.003 GMT+0200,4189.567,4188.842000000001,0.0022,0.0022
28.04.2021 02:02:20.465 GMT+0200,4189.258,4188.599,0.0022,0.0031
28.04.2021 02:02:20.515 GMT+0200,4189.2609999999995,4188.542,0.0022,0.0022
28.04.2021 02:02:21.323 GMT+0200,4189.501,4188.854,0.0022,0.0022
28.04.2021 02:02:31.269 GMT+0200,4189.5509999999995,4189.042,0.0005,0.0022
28.04.2021 02:02:31.319 GMT+0200,4189.746,4189.036,0.0022,0.0022
28.04.2021 02:03:13.162 GMT+0200,4189.501,4188.899,0.0022,0.0031
28.04.2021 02:03:13.213 GMT+0200,4189.555,4188.854,0.0022,0.0022
28.04.2021 02:03:13.483 GMT+0200,4189.563,4189.0509999999995,0.0005,0.0022
28.04.2021 02:03:13.533 GMT+0200,4189.767,4189.033,0.0022,0.0022
28.04.2021 02:03:22.246 GMT+0200,4189.552000000001,4188.839,0.0022,0.0031
28.04.2021 02:03:22.296 GMT+0200,4189.558,4188.851,0.0022,0.0022
28.04.2021 02:03:39.153 GMT+0200,4189.548,4189.033,0.0005,0.0022
28.04.2021 02:03:39.203 GMT+0200,4189.746,4189.099,0.0022,0.0022
28.04.2021 02:03:39.821 GMT+0200,4189.546,4188.851,0.0022,0.0031
28.04.2021 02:03:39.872 GMT+0200,4189.558,4188.854,0.0022,0.0022
28.04.2021 02:03:42.386 GMT+0200,4189.563,4189.033,0.0005,0.0022
28.04.2021 02:03:42.437 GMT+0200,4189.758,4189.054,0.0022,0.0022
28.04.2021 02:04:01.105 GMT+0200,4189.567,4188.899,0.0022,0.0031
28.04.2021 02:04:01.155 GMT+0200,4189.549,4188.845,0.0022,0.0022
28.04.2021 02:04:05.721 GMT+0200,4189.569,4189.045,0.0005,0.0022
28.04.2021 02:04:05.771 GMT+0200,4189.767,4189.033,0.0022,0.0022
28.04.2021 02:04:11.846 GMT+0200,4189.7029999999995,4189.354,0.0005,0.0022
28.04.2021 02:04:11.896 GMT+0200,4190.058,4189.342000000001,0.0022,0.0022
28.04.2021 02:04:12.010 GMT+0200,4189.764,4189.033,0.0022,0.0031
28.04.2021 02:04:12.060 GMT+0200,4189.755,4189.042,0.0022,0.0022
28.04.2021 02:04:13.083 GMT+0200,4189.754,4189.333,0.0005,0.0022
28.04.2021 02:04:13.133 GMT+0200,4190.064,4189.333,0.0022,0.0022
28.04.2021 02:04:38.503 GMT+0200,4189.7609999999995,4189.0509999999995,0.0022,0.0031
28.04.2021 02:04:38.553 GMT+0200,4189.7609999999995,4189.033,0.0022,0.0022
28.04.2021 02:04:47.349 GMT+0200,4189.766,4189.351,0.0005,0.0022
28.04.2021 02:04:47.399 GMT+0200,4190.052000000001,4189.348,0.0022,0.0022
28.04.2021 02:05:04.956 GMT+0200,4189.967000000001,4189.299,0.0022,0.0031
28.04.2021 02:05:05.006 GMT+0200,4189.955,4189.233,0.0022,0.0022
28.04.2021 02:05:05.303 GMT+0200,4189.751,4189.242,0.0005,0.0022
28.04.2021 02:05:05.354 GMT+0200,4189.758,4189.033,0.0022,0.0022
28.04.2021 02:05:43.229 GMT+0200,4189.749000000001,4189.0509999999995,0.0022,0.0031
28.04.2021 02:05:43.279 GMT+0200,4190.067,4189.351,0.0022,0.0022
28.04.2021 02:05:45.003 GMT+0200,4189.764,4189.099,0.0022,0.0022
28.04.2021 02:05:45.923 GMT+0200,4189.769,4189.348,0.0005,0.0022
28.04.2021 02:05:45.973 GMT+0200,4190.001,4189.333,0.0022,0.0022
28.04.2021 02:06:02.537 GMT+0200,4190.069,4189.436,0.0005,0.0022
28.04.2021 02:06:02.587 GMT+0200,4190.149,4189.433,0.0022,0.0022
28.04.2021 02:06:02.713 GMT+0200,4190.161,4189.454000000001,0.0022,0.0031
28.04.2021 02:06:02.764 GMT+0200,4190.255,4189.545,0.0022,0.0022
28.04.2021 02:06:06.459 GMT+0200,4190.052000000001,4189.354,0.0022,0.0022
28.04.2021 02:06:26.625 GMT+0200,4189.769,4189.354,0.0005,0.0022
28.04.2021 02:06:26.675 GMT+0200,4189.749000000001,4189.045,0.0022,0.0022
28.04.2021 02:06:28.319 GMT+0200,4189.7029999999995,4189.351,0.0005,0.0022
28.04.2021 02:06:28.369 GMT+0200,4190.049,4189.345,0.0022,0.0022
28.04.2021 02:06:41.645 GMT+0200,4190.057,4189.539000000001,0.0005,0.0022
28.04.2021 02:06:41.696 GMT+0200,4190.252,4189.536,0.0022,0.0022
28.04.2021 02:06:53.664 GMT+0200,4190.167,4189.448,0.0022,0.0022
28.04.2021 02:06:53.831 GMT+0200,4190.0509999999995,4189.448,0.0005,0.0022
28.04.2021 02:06:53.881 GMT+0200,4190.052000000001,4189.354,0.0022,0.0022
28.04.2021 02:06:54.599 GMT+0200,4190.0509999999995,4189.445,0.0005,0.0022
28.04.2021 02:06:54.649 GMT+0200,4190.158,4189.445,0.0022,0.0022
28.04.2021 02:06:54.760 GMT+0200,4190.058,4189.336,0.0022,0.0031
28.04.2021 02:06:54.810 GMT+0200,4190.058,4189.348,0.0022,0.0022
28.04.2021 02:06:54.920 GMT+0200,4190.057,4189.536,0.0005,0.0022
28.04.2021 02:06:54.971 GMT+0200,4190.249000000001,4189.536,0.0022,0.0022
28.04.2021 02:07:01.258 GMT+0200,4190.001,4189.345,0.0022,0.0022
28.04.2021 02:07:13.483 GMT+0200,4189.764,4189.045,0.0022,0.0031
28.04.2021 02:07:13.534 GMT+0200,4189.758,4189.0509999999995,0.0022,0.0022
28.04.2021 02:07:13.644 GMT+0200,4189.7570000000005,4189.351,0.0005,0.0022
28.04.2021 02:07:13.694 GMT+0200,4190.067,4189.339,0.0022,0.0022
28.04.2021 02:07:27.993 GMT+0200,4190.001,4189.333,0.0022,0.0031
28.04.2021 02:07:28.043 GMT+0200,4190.2609999999995,4189.533,0.0022,0.0022
28.04.2021 02:07:30.789 GMT+0200,4190.061,4189.351,0.0022,0.0022
28.04.2021 02:07:59.818 GMT+0200,4190.003,4189.554,0.0005,0.0022
28.04.2021 02:07:59.868 GMT+0200,4190.2609999999995,4189.554,0.0022,0.0022
28.04.2021 02:08:05.751 GMT+0200,4190.263,4189.842000000001,0.0005,0.0022
28.04.2021 02:08:05.802 GMT+0200,4190.561,4189.848,0.0022,0.0022
28.04.2021 02:08:10.673 GMT+0200,4190.249000000001,4189.542,0.0022,0.0031
28.04.2021 02:08:10.723 GMT+0200,4190.249000000001,4189.554,0.0022,0.0022
28.04.2021 02:08:16.183 GMT+0200,4190.549,4189.839,0.0022,0.0022
28.04.2021 02:08:17.922 GMT+0200,4190.255,4189.554,0.0022,0.0031
28.04.2021 02:08:17.973 GMT+0200,4190.246,4189.539000000001,0.0022,0.0022
28.04.2021 02:08:18.083 GMT+0200,4190.2029999999995,4189.836,0.0005,0.0022
28.04.2021 02:08:18.134 GMT+0200,4190.567,4189.833,0.0022,0.0022
28.04.2021 02:08:18.245 GMT+0200,4190.464,4189.7390000000005,0.0022,0.0031
28.04.2021 02:08:18.295 GMT+0200,4190.467000000001,4189.751,0.0022,0.0022
28.04.2021 02:08:18.413 GMT+0200,4190.461,4189.7390000000005,0.0022,0.0031
28.04.2021 02:08:18.463 GMT+0200,4190.567,4189.851,0.0022,0.0022
28.04.2021 02:08:19.407 GMT+0200,4190.201,4189.539000000001,0.0022,0.0031
28.04.2021 02:08:19.458 GMT+0200,4190.2609999999995,4189.533,0.0022,0.0022
28.04.2021 02:08:20.669 GMT+0200,4190.254,4189.736,0.0005,0.0022
28.04.2021 02:08:20.720 GMT+0200,4190.455,4189.742,0.0022,0.0022
28.04.2021 02:08:20.888 GMT+0200,4190.266,4189.745,0.0005,0.0022
28.04.2021 02:08:20.939 GMT+0200,4190.264,4189.548,0.0022,0.0022
28.04.2021 02:08:21.050 GMT+0200,4190.2609999999995,4189.548,0.0022,0.0031
28.04.2021 02:08:21.100 GMT+0200,4190.401,4189.751,0.0022,0.0022
28.04.2021 02:08:21.209 GMT+0200,4190.26,4189.742,0.0005,0.0022
28.04.2021 02:08:21.259 GMT+0200,4190.258,4189.554,0.0022,0.0022
28.04.2021 02:08:21.728 GMT+0200,4190.201,4189.599,0.0022,0.0031
28.04.2021 02:08:21.779 GMT+0200,4190.446,4189.754,0.0022,0.0022
28.04.2021 02:08:23.293 GMT+0200,4190.2029999999995,4189.751,0.0005,0.0022
28.04.2021 02:08:23.343 GMT+0200,4190.2609999999995,4189.599,0.0022,0.0022
28.04.2021 02:08:23.774 GMT+0200,4190.546,4189.899,0.0022,0.0022
28.04.2021 02:08:25.463 GMT+0200,4190.267,4189.539000000001,0.0022,0.0031
28.04.2021 02:08:25.514 GMT+0200,4190.246,4189.533,0.0022,0.0022
28.04.2021 02:08:31.037 GMT+0200,4190.546,4189.836,0.0022,0.0022
28.04.2021 02:08:38.956 GMT+0200,4190.201,4189.554,0.0022,0.0022
28.04.2021 02:08:47.914 GMT+0200,4190.251,4189.839,0.0005,0.0022
28.04.2021 02:08:47.964 GMT+0200,4190.552000000001,4189.851,0.0022,0.0022
28.04.2021 02:08:48.389 GMT+0200,4190.263,4189.845,0.0005,0.0022
28.04.2021 02:08:48.439 GMT+0200,4190.267,4189.545,0.0022,0.0022
28.04.2021 02:08:49.579 GMT+0200,4190.263,4189.899,0.0005,0.0022
28.04.2021 02:08:49.629 GMT+0200,4190.552000000001,4189.833,0.0022,0.0022
28.04.2021 02:08:57.346 GMT+0200,4190.458,4189.751,0.0022,0.0031
28.04.2021 02:08:57.396 GMT+0200,4190.446,4189.736,0.0022,0.0022
28.04.2021 02:08:57.502 GMT+0200,4190.266,4189.736,0.0005,0.0022
28.04.2021 02:08:57.553 GMT+0200,4190.201,4189.548,0.0022,0.0022
28.04.2021 02:08:57.670 GMT+0200,4190.263,4189.754,0.0005,0.0022
28.04.2021 02:08:57.721 GMT+0200,4190.4490000000005,4189.748,0.0022,0.0022
28.04.2021 02:08:58.163 GMT+0200,4190.263,4189.745,0.0005,0.0022
28.04.2021 02:08:58.213 GMT+0200,4190.258,4189.536,0.0022,0.0022
28.04.2021 02:08:58.483 GMT+0200,4190.269,4189.899,0.0005,0.0022
28.04.2021 02:08:58.534 GMT+0200,4190.549,4189.851,0.0022,0.0022
28.04.2021 02:09:09.724 GMT+0200,4190.4490000000005,4189.745,0.0022,0.0031
28.04.2021 02:09:09.774 GMT+0200,4190.455,4189.742,0.0022,0.0022
28.04.2021 02:09:10.432 GMT+0200,4190.246,4189.536,0.0022,0.0031
28.04.2021 02:09:10.483 GMT+0200,4190.258,4189.533,0.0022,0.0022
28.04.2021 02:09:33.787 GMT+0200,4190.248,4189.854,0.0005,0.0022
28.04.2021 02:09:33.837 GMT+0200,4190.552000000001,4189.842000000001,0.0022,0.0022
28.04.2021 02:09:48.655 GMT+0200,4190.258,4189.542,0.0022,0.0031
28.04.2021 02:09:48.705 GMT+0200,4190.267,4189.545,0.0022,0.0022
28.04.2021 02:10:02.839 GMT+0200,4190.267,4189.554,0.0022,0.0031
28.04.2021 02:10:02.890 GMT+0200,4190.552000000001,4189.842000000001,0.0022,0.0022
28.04.2021 02:10:03.327 GMT+0200,4190.269,4189.899,0.0005,0.0022
28.04.2021 02:10:03.378 GMT+0200,4190.246,4189.533,0.0022,0.0022
28.04.2021 02:10:05.561 GMT+0200,4190.2029999999995,4189.848,0.0005,0.0022
28.04.2021 02:10:05.612 GMT+0200,4190.501,4189.845,0.0022,0.0022
28.04.2021 02:10:18.538 GMT+0200,4190.2609999999995,4189.539000000001,0.0022,0.0031
28.04.2021 02:10:18.588 GMT+0200,4190.249000000001,4189.533,0.0022,0.0022
28.04.2021 02:10:30.353 GMT+0200,4190.26,4189.842000000001,0.0005,0.0022
28.04.2021 02:10:30.404 GMT+0200,4190.555,4189.842000000001,0.0022,0.0022
28.04.2021 02:10:30.921 GMT+0200,4190.255,4189.545,0.0022,0.0031
28.04.2021 02:10:30.971 GMT+0200,4190.255,4189.542,0.0022,0.0022
28.04.2021 02:10:31.231 GMT+0200,4190.255,4189.545,0.0022,0.0031
28.04.2021 02:10:31.282 GMT+0200,4190.546,4189.845,0.0022,0.0022
28.04.2021 02:10:33.504 GMT+0200,4190.401,4189.751,0.0022,0.0022
28.04.2021 02:10:33.652 GMT+0200,4190.248,4189.799,0.0005,0.0022
28.04.2021 02:10:33.702 GMT+0200,4190.246,4189.5509999999995,0.0022,0.0022
28.04.2021 02:10:34.043 GMT+0200,4190.263,4189.745,0.0005,0.0022
28.04.2021 02:10:34.093 GMT+0200,4190.464,4189.733,0.0022,0.0022
28.04.2021 02:10:34.494 GMT+0200,4190.258,4189.599,0.0022,0.0022
28.04.2021 02:10:36.216 GMT+0200,4190.254,4189.842000000001,0.0005,0.0022
28.04.2021 02:10:36.267 GMT+0200,4190.561,4189.833,0.0022,0.0022
28.04.2021 02:10:40.154 GMT+0200,4190.255,4189.542,0.0022,0.0031
28.04.2021 02:10:40.205 GMT+0200,4190.249000000001,4189.554,0.0022,0.0022
28.04.2021 02:10:40.477 GMT+0200,4190.263,4189.799,0.0005,0.0022
28.04.2021 02:10:40.527 GMT+0200,4190.401,4189.751,0.0022,0.0022
28.04.2021 02:10:40.646 GMT+0200,4190.252,4189.539000000001,0.0022,0.0031
28.04.2021 02:10:40.696 GMT+0200,4190.255,4189.539000000001,0.0022,0.0022
28.04.2021 02:11:01.280 GMT+0200,4190.061,4189.348,0.0022,0.0031
28.04.2021 02:11:01.330 GMT+0200,4190.061,4189.345,0.0022,0.0022
28.04.2021 02:11:02.711 GMT+0200,4190.058,4189.345,0.0022,0.0031
28.04.2021 02:11:02.762 GMT+0200,4190.255,4189.599,0.0022,0.0022
28.04.2021 02:11:39.963 GMT+0200,4190.26,4189.836,0.0005,0.0022
28.04.2021 02:11:40.014 GMT+0200,4190.567,4189.848,0.0022,0.0022
28.04.2021 02:11:50.489 GMT+0200,4190.2609999999995,4189.554,0.0022,0.0031
28.04.2021 02:11:50.539 GMT+0200,4190.258,4189.548,0.0022,0.0022
28.04.2021 02:11:51.270 GMT+0200,4190.254,4189.845,0.0005,0.0022
28.04.2021 02:11:51.320 GMT+0200,4190.561,4189.833,0.0022,0.0022
28.04.2021 02:11:54.465 GMT+0200,4190.2029999999995,4189.845,0.0005,0.0022
28.04.2021 02:11:54.515 GMT+0200,4190.255,4189.548,0.0022,0.0022
28.04.2021 02:12:54.655 GMT+0200,4190.2570000000005,4189.742,0.0005,0.0022
28.04.2021 02:12:54.705 GMT+0200,4190.461,4189.745,0.0022,0.0022
28.04.2021 02:12:54.816 GMT+0200,4190.267,4189.554,0.0022,0.0031
28.04.2021 02:12:54.866 GMT+0200,4190.267,4189.599,0.0022,0.0022
28.04.2021 02:13:34.910 GMT+0200,4190.269,4189.899,0.0005,0.0022
28.04.2021 02:13:34.960 GMT+0200,4190.549,4189.836,0.0022,0.0022
28.04.2021 02:13:37.863 GMT+0200,4190.255,4189.533,0.0022,0.0022
28.04.2021 02:13:59.723 GMT+0200,4190.058,4189.345,0.0022,0.0031
28.04.2021 02:13:59.774 GMT+0200,4190.064,4189.345,0.0022,0.0022
28.04.2021 02:14:03.037 GMT+0200,4190.069,4189.433,0.0005,0.0022
28.04.2021 02:14:03.087 GMT+0200,4190.149,4189.499000000001,0.0022,0.0022
28.04.2021 02:14:03.198 GMT+0200,4190.154,4189.545,0.0005,0.0022
28.04.2021 02:14:03.249 GMT+0200,4190.246,4189.539000000001,0.0022,0.0022
28.04.2021 02:14:05.324 GMT+0200,4190.052000000001,4189.399,0.0022,0.0031
28.04.2021 02:14:05.374 GMT+0200,4190.046,4189.348,0.0022,0.0022
28.04.2021 02:14:12.056 GMT+0200,4190.246,4189.548,0.0022,0.0022
28.04.2021 02:14:12.185 GMT+0200,4190.064,4189.336,0.0022,0.0031
28.04.2021 02:14:12.235 GMT+0200,4190.067,4189.336,0.0022,0.0022
28.04.2021 02:14:14.509 GMT+0200,4190.069,4189.545,0.0005,0.0022
28.04.2021 02:14:14.560 GMT+0200,4190.255,4189.5509999999995,0.0022,0.0022
28.04.2021 02:14:15.126 GMT+0200,4190.064,4189.339,0.0022,0.0031
28.04.2021 02:14:15.177 GMT+0200,4190.055,4189.399,0.0022,0.0022
28.04.2021 02:14:42.501 GMT+0200,4190.001,4189.351,0.0022,0.0031
28.04.2021 02:14:42.552 GMT+0200,4190.264,4189.539000000001,0.0022,0.0022
28.04.2021 02:15:04.223 GMT+0200,4190.558,4189.854,0.0022,0.0022
28.04.2021 02:15:04.330 GMT+0200,4190.246,4189.536,0.0022,0.0031
28.04.2021 02:15:04.381 GMT+0200,4190.246,4189.548,0.0022,0.0022
28.04.2021 02:15:05.631 GMT+0200,4190.2570000000005,4189.851,0.0005,0.0022
28.04.2021 02:15:05.681 GMT+0200,4190.564,4189.845,0.0022,0.0022
28.04.2021 02:15:06.998 GMT+0200,4190.255,4189.545,0.0022,0.0031
28.04.2021 02:15:07.049 GMT+0200,4190.249000000001,4189.536,0.0022,0.0022
28.04.2021 02:15:10.990 GMT+0200,4190.249000000001,4189.5509999999995,0.0022,0.0031
28.04.2021 02:15:11.040 GMT+0200,4190.552000000001,4189.845,0.0022,0.0022
28.04.2021 02:15:26.439 GMT+0200,4190.258,4189.554,0.0022,0.0031
28.04.2021 02:15:26.489 GMT+0200,4190.246,4189.599,0.0022,0.0022
28.04.2021 02:15:26.762 GMT+0200,4190.26,4189.833,0.0005,0.0022
28.04.2021 02:15:26.813 GMT+0200,4190.552000000001,4189.842000000001,0.0022,0.0022
28.04.2021 02:15:46.165 GMT+0200,4190.267,4189.554,0.0022,0.0031
28.04.2021 02:15:46.215 GMT+0200,4190.2609999999995,4189.533,0.0022,0.0022
28.04.2021 02:15:57.376 GMT+0200,4190.001,4189.336,0.0022,0.0031
28.04.2021 02:15:57.426 GMT+0200,4190.052000000001,4189.336,0.0022,0.0022
28.04.2021 02:16:03.630 GMT+0200,4189.746,4189.042,0.0022,0.0022
28.04.2021 02:16:10.114 GMT+0200,4189.567,4188.842000000001,0.0022,0.0031
28.04.2021 02:16:10.165 GMT+0200,4189.546,4188.833,0.0022,0.0022
28.04.2021 02:16:16.600 GMT+0200,4189.255,4188.548,0.0022,0.0031
28.04.2021 02:16:16.650 GMT+0200,4189.246,4188.542,0.0022,0.0022
28.04.2021 02:16:16.920 GMT+0200,4189.248,4188.851,0.0005,0.0022
28.04.2021 02:16:16.970 GMT+0200,4189.561,4188.833,0.0022,0.0022
28.04.2021 02:16:17.922 GMT+0200,4189.246,4188.5509999999995,0.0022,0.0031
28.04.2021 02:16:17.972 GMT+0200,4189.201,4188.554,0.0022,0.0022
28.04.2021 02:16:31.195 GMT+0200,4189.254,4188.833,0.0005,0.0022
28.04.2021 02:16:31.246 GMT+0200,4189.501,4188.839,0.0022,0.0022
28.04.2021 02:16:31.582 GMT+0200,4189.258,4188.548,0.0022,0.0031
28.04.2021 02:16:31.633 GMT+0200,4189.264,4188.533,0.0022,0.0022
28.04.2021 02:16:37.496 GMT+0200,4189.248,4188.845,0.0005,0.0022
28.04.2021 02:16:37.546 GMT+0200,4189.567,4188.839,0.0022,0.0022
28.04.2021 02:16:38.556 GMT+0200,4189.267,4188.545,0.0022,0.0031
28.04.2021 02:16:38.606 GMT+0200,4189.267,4188.533,0.0022,0.0022
28.04.2021 02:16:59.408 GMT+0200,4189.564,4188.839,0.0022,0.0022
28.04.2021 02:17:13.621 GMT+0200,4189.264,4188.542,0.0022,0.0031
28.04.2021 02:17:13.672 GMT+0200,4189.201,4188.554,0.0022,0.0022
28.04.2021 02:17:16.907 GMT+0200,4189.558,4188.851,0.0022,0.0022
28.04.2021 02:17:25.667 GMT+0200,4189.249000000001,4188.548,0.0022,0.0031
28.04.2021 02:17:25.718 GMT+0200,4189.201,4188.533,0.0022,0.0022
28.04.2021 02:17:26.080 GMT+0200,4189.2570000000005,4188.748,0.0005,0.0022
28.04.2021 02:17:26.131 GMT+0200,4189.446,4188.799,0.0022,0.0022
28.04.2021 02:17:26.240 GMT+0200,4189.448,4188.851,0.0005,0.0022
28.04.2021 02:17:26.291 GMT+0200,4189.546,4188.851,0.0022,0.0022
28.04.2021 02:17:33.886 GMT+0200,4189.246,4188.554,0.0022,0.0031
28.04.2021 02:17:33.936 GMT+0200,4189.267,4188.533,0.0022,0.0022
28.04.2021 02:17:47.276 GMT+0200,4189.549,4188.839,0.0022,0.0022
28.04.2021 02:18:01.246 GMT+0200,4189.7609999999995,4189.039000000001,0.0022,0.0022
28.04.2021 02:18:34.551 GMT+0200,4189.5509999999995,4189.039000000001,0.0005,0.0022
28.04.2021 02:18:34.602 GMT+0200,4189.561,4188.833,0.0022,0.0022
28.04.2021 02:18:35.078 GMT+0200,4189.566,4188.948,0.0005,0.0022
28.04.2021 02:18:35.128 GMT+0200,4189.646,4188.945,0.0022,0.0022
28.04.2021 02:18:35.739 GMT+0200,4189.558,4188.848,0.0022,0.0031
28.04.2021 02:18:35.789 GMT+0200,4189.561,4188.845,0.0022,0.0022
28.04.2021 02:18:41.742 GMT+0200,4189.7609999999995,4189.042,0.0022,0.0022
28.04.2021 02:19:30.742 GMT+0200,4189.7570000000005,4189.351,0.0005,0.0022
28.04.2021 02:19:30.792 GMT+0200,4190.049,4189.351,0.0022,0.0022
28.04.2021 02:19:35.037 GMT+0200,4190.067,4189.339,0.0022,0.0031
28.04.2021 02:19:35.088 GMT+0200,4190.249000000001,4189.554,0.0022,0.0022
28.04.2021 02:19:59.368 GMT+0200,4190.058,4189.351,0.0022,0.0031
28.04.2021 02:19:59.418 GMT+0200,4190.046,4189.399,0.0022,0.0022
28.04.2021 02:20:00.415 GMT+0200,4190.255,4189.548,0.0022,0.0022
28.04.2021 02:20:08.901 GMT+0200,4190.055,4189.339,0.0022,0.0031
28.04.2021 02:20:08.951 GMT+0200,4190.049,4189.342000000001,0.0022,0.0022
28.04.2021 02:20:40.358 GMT+0200,4189.767,4189.045,0.0022,0.0022
28.04.2021 02:20:41.535 GMT+0200,4189.76,4189.333,0.0005,0.0022
28.04.2021 02:20:41.586 GMT+0200,4190.052000000001,4189.354,0.0022,0.0022
28.04.2021 02:20:56.032 GMT+0200,4190.063,4189.539000000001,0.0005,0.0022
28.04.2021 02:20:56.082 GMT+0200,4190.201,4189.542,0.0022,0.0022
28.04.2021 02:21:01.154 GMT+0200,4190.001,4189.345,0.0022,0.0022
28.04.2021 02:21:21.619 GMT+0200,4189.755,4189.054,0.0022,0.0022
28.04.2021 02:21:40.257 GMT+0200,4189.748,4189.339,0.0005,0.0022
28.04.2021 02:21:40.308 GMT+0200,4190.067,4189.333,0.0022,0.0022
28.04.2021 02:21:40.432 GMT+0200,4189.749000000001,4189.039000000001,0.0022,0.0022
28.04.2021 02:22:10.337 GMT+0200,4189.501,4188.851,0.0022,0.0031
28.04.2021 02:22:10.387 GMT+0200,4189.561,4188.851,0.0022,0.0022
28.04.2021 02:22:10.521 GMT+0200,4189.557,4188.933,0.0005,0.0022
28.04.2021 02:22:10.571 GMT+0200,4189.601,4188.948,0.0022,0.0022
28.04.2021 02:22:11.189 GMT+0200,4189.564,4188.833,0.0022,0.0031
28.04.2021 02:22:11.239 GMT+0200,4189.546,4188.845,0.0022,0.0022
28.04.2021 02:22:17.409 GMT+0200,4189.752,4189.054,0.0022,0.0022
28.04.2021 02:22:23.285 GMT+0200,4189.601,4188.933,0.0022,0.0031
28.04.2021 02:22:23.335 GMT+0200,4189.649,4188.933,0.0022,0.0022
28.04.2021 02:22:23.530 GMT+0200,4189.657,4189.0509999999995,0.0005,0.0022
28.04.2021 02:22:23.581 GMT+0200,4189.752,4189.033,0.0022,0.0022
28.04.2021 02:22:43.384 GMT+0200,4189.746,4189.045,0.0022,0.0031
28.04.2021 02:22:43.434 GMT+0200,4190.046,4189.345,0.0022,0.0022
28.04.2021 02:22:55.706 GMT+0200,4190.252,4189.548,0.0022,0.0022
28.04.2021 02:23:21.980 GMT+0200,4190.046,4189.336,0.0022,0.0031
28.04.2021 02:23:22.030 GMT+0200,4190.064,4189.354,0.0022,0.0022
28.04.2021 02:23:38.292 GMT+0200,4190.255,4189.5509999999995,0.0022,0.0022
28.04.2021 02:23:39.387 GMT+0200,4190.067,4189.333,0.0022,0.0031
28.04.2021 02:23:39.437 GMT+0200,4190.055,4189.354,0.0022,0.0022
28.04.2021 02:24:51.838 GMT+0200,4189.755,4189.045,0.0022,0.0031
28.04.2021 02:24:51.888 GMT+0200,4189.749000000001,4189.039000000001,0.0022,0.0022
28.04.2021 02:24:52.173 GMT+0200,4189.7029999999995,4189.348,0.0005,0.0022
28.04.2021 02:24:52.224 GMT+0200,4190.061,4189.339,0.0022,0.0022
28.04.2021 02:24:54.267 GMT+0200,4189.764,4189.045,0.0022,0.0031
28.04.2021 02:24:54.317 GMT+0200,4189.752,4189.033,0.0022,0.0022
28.04.2021 02:24:54.618 GMT+0200,4189.754,4189.342000000001,0.0005,0.0022
28.04.2021 02:24:54.669 GMT+0200,4190.064,4189.354,0.0022,0.0022
28.04.2021 02:25:07.006 GMT+0200,4189.764,4189.099,0.0022,0.0031
28.04.2021 02:25:07.056 GMT+0200,4189.755,4189.0509999999995,0.0022,0.0022
28.04.2021 02:25:16.439 GMT+0200,4189.649,4188.936,0.0022,0.0031
28.04.2021 02:25:16.489 GMT+0200,4189.661,4188.954000000001,0.0022,0.0022
28.04.2021 02:25:16.600 GMT+0200,4189.603,4189.054,0.0005,0.0022
28.04.2021 02:25:16.651 GMT+0200,4189.701,4189.054,0.0022,0.0022
28.04.2021 02:25:17.082 GMT+0200,4189.501,4188.899,0.0022,0.0031
28.04.2021 02:25:17.133 GMT+0200,4189.555,4188.899,0.0022,0.0022
28.04.2021 02:25:23.964 GMT+0200,4189.557,4189.0509999999995,0.0005,0.0022
28.04.2021 02:25:24.014 GMT+0200,4189.749000000001,4189.033,0.0022,0.0022
28.04.2021 02:25:32.332 GMT+0200,4189.567,4188.845,0.0022,0.0031
28.04.2021 02:25:32.383 GMT+0200,4189.561,4188.854,0.0022,0.0022
28.04.2021 02:25:32.521 GMT+0200,4189.755,4189.054,0.0022,0.0022
28.04.2021 02:25:49.959 GMT+0200,4189.501,4188.851,0.0022,0.0031
28.04.2021 02:25:50.009 GMT+0200,4189.567,4188.899,0.0022,0.0022
28.04.2021 02:25:50.108 GMT+0200,4189.56,4189.099,0.0005,0.0022
28.04.2021 02:25:50.158 GMT+0200,4189.749000000001,4189.045,0.0022,0.0022
28.04.2021 02:25:50.735 GMT+0200,4189.649,4188.933,0.0022,0.0031
28.04.2021 02:25:50.786 GMT+0200,4189.655,4188.945,0.0022,0.0022
28.04.2021 02:25:51.378 GMT+0200,4189.546,4188.854,0.0022,0.0031
28.04.2021 02:25:51.429 GMT+0200,4189.552000000001,4188.842000000001,0.0022,0.0022
28.04.2021 02:25:52.037 GMT+0200,4189.566,4188.933,0.0005,0.0022
28.04.2021 02:25:52.088 GMT+0200,4189.646,4188.933,0.0022,0.0022
28.04.2021 02:25:52.375 GMT+0200,4189.549,4188.842000000001,0.0022,0.0031
28.04.2021 02:25:52.425 GMT+0200,4189.561,4188.851,0.0022,0.0022
28.04.2021 02:25:58.055 GMT+0200,4189.557,4188.939,0.0005,0.0022
28.04.2021 02:25:58.106 GMT+0200,4189.667,4188.945,0.0022,0.0022
28.04.2021 02:25:58.608 GMT+0200,4189.555,4188.854,0.0022,0.0031
28.04.2021 02:25:58.658 GMT+0200,4189.546,4188.836,0.0022,0.0022
28.04.2021 02:26:00.029 GMT+0200,4189.552000000001,4188.899,0.0022,0.0031
28.04.2021 02:26:00.079 GMT+0200,4189.764,4189.033,0.0022,0.0022
28.04.2021 02:26:00.771 GMT+0200,4189.567,4188.851,0.0022,0.0031
28.04.2021 02:26:00.821 GMT+0200,4189.501,4188.848,0.0022,0.0022
28.04.2021 02:26:11.989 GMT+0200,4189.266,4188.854,0.0005,0.0022
28.04.2021 02:26:12.039 GMT+0200,4189.252,4188.545,0.0022,0.0022
28.04.2021 02:26:12.627 GMT+0200,4189.049,4188.333,0.0022,0.0031
28.04.2021 02:26:12.678 GMT+0200,4189.049,4188.348,0.0022,0.0022
28.04.2021 02:26:15.622 GMT+0200,4189.057,4188.533,0.0005,0.0022
28.04.2021 02:26:15.673 GMT+0200,4189.246,4188.545,0.0022,0.0022
28.04.2021 02:26:40.620 GMT+0200,4189.046,4188.354,0.0022,0.0031
28.04.2021 02:26:40.670 GMT+0200,4189.058,4188.348,0.0022,0.0022
28.04.2021 02:26:40.782 GMT+0200,4189.003,4188.454000000001,0.0005,0.0022
28.04.2021 02:26:40.834 GMT+0200,4189.155,4188.442,0.0022,0.0022
28.04.2021 02:26:41.743 GMT+0200,4189.001,4188.351,0.0022,0.0031
28.04.2021 02:26:41.793 GMT+0200,4189.001,4188.345,0.0022,0.0022
28.04.2021 02:26:41.902 GMT+0200,4189.06,4188.539000000001,0.0005,0.0022
28.04.2021 02:26:41.953 GMT+0200,4189.267,4188.548,0.0022,0.0022
28.04.2021 02:26:43.167 GMT+0200,4189.167,4188.433,0.0022,0.0022
28.04.2021 02:26:43.535 GMT+0200,4189.151,4188.545,0.0005,0.0022
28.04.2021 02:26:43.585 GMT+0200,4189.264,4188.542,0.0022,0.0022
28.04.2021 02:26:44.031 GMT+0200,4189.161,4188.454000000001,0.0022,0.0031
28.04.2021 02:26:44.082 GMT+0200,4189.158,4188.448,0.0022,0.0022
28.04.2021 02:26:44.353 GMT+0200,4189.001,4188.348,0.0022,0.0031
28.04.2021 02:26:44.403 GMT+0200,4189.052000000001,4188.336,0.0022,0.0022
28.04.2021 02:26:45.534 GMT+0200,4189.063,4188.539000000001,0.0005,0.0022
28.04.2021 02:26:45.584 GMT+0200,4189.246,4188.539000000001,0.0022,0.0022
28.04.2021 02:26:46.618 GMT+0200,4189.152,4188.436,0.0022,0.0031
28.04.2021 02:26:46.668 GMT+0200,4189.101,4188.454000000001,0.0022,0.0022
28.04.2021 02:26:47.622 GMT+0200,4189.157,4188.548,0.0005,0.0022
28.04.2021 02:26:47.673 GMT+0200,4189.252,4188.533,0.0022,0.0022
28.04.2021 02:26:50.427 GMT+0200,4189.058,4188.336,0.0022,0.0022
28.04.2021 02:27:04.504 GMT+0200,4189.054,4188.554,0.0005,0.0022
28.04.2021 02:27:04.554 GMT+0200,4189.255,4188.545,0.0022,0.0022
28.04.2021 02:27:07.271 GMT+0200,4189.049,4188.348,0.0022,0.0031
28.04.2021 02:27:07.321 GMT+0200,4189.061,4188.345,0.0022,0.0022
28.04.2021 02:27:09.123 GMT+0200,4189.054,4188.439,0.0005,0.0022
28.04.2021 02:27:09.173 GMT+0200,4189.167,4188.436,0.0022,0.0022
28.04.2021 02:27:09.674 GMT+0200,4189.001,4188.345,0.0022,0.0031
28.04.2021 02:27:09.725 GMT+0200,4189.052000000001,4188.345,0.0022,0.0022
28.04.2021 02:28:09.228 GMT+0200,4188.752,4188.039000000001,0.0022,0.0031
28.04.2021 02:28:09.279 GMT+0200,4188.755,4188.039000000001,0.0022,0.0022
28.04.2021 02:28:11.086 GMT+0200,4188.563,4188.042,0.0005,0.0022
28.04.2021 02:28:11.137 GMT+0200,4188.555,4187.851,0.0022,0.0022
28.04.2021 02:28:38.745 GMT+0200,4188.5509999999995,4188.045,0.0005,0.0022
28.04.2021 02:28:38.796 GMT+0200,4188.7609999999995,4188.033,0.0022,0.0022
28.04.2021 02:28:45.967 GMT+0200,4188.751,4188.354,0.0005,0.0022
28.04.2021 02:28:46.017 GMT+0200,4189.052000000001,4188.345,0.0022,0.0022
28.04.2021 02:28:46.123 GMT+0200,4188.767,4188.042,0.0022,0.0031
28.04.2021 02:28:46.173 GMT+0200,4188.767,4188.042,0.0022,0.0022
28.04.2021 02:28:48.327 GMT+0200,4188.561,4187.848,0.0022,0.0031
28.04.2021 02:28:48.378 GMT+0200,4188.501,4187.842000000001,0.0022,0.0022
28.04.2021 02:29:12.607 GMT+0200,4188.566,4188.042,0.0005,0.0022
28.04.2021 02:29:12.658 GMT+0200,4188.749000000001,4188.048,0.0022,0.0022
28.04.2021 02:29:14.483 GMT+0200,4188.552000000001,4187.854,0.0022,0.0031
28.04.2021 02:29:14.534 GMT+0200,4188.558,4187.845,0.0022,0.0022
28.04.2021 02:29:20.381 GMT+0200,4188.5509999999995,4188.036,0.0005,0.0022
28.04.2021 02:29:20.431 GMT+0200,4188.758,4188.045,0.0022,0.0022
28.04.2021 02:30:11.073 GMT+0200,4188.555,4187.854,0.0022,0.0031
28.04.2021 02:30:11.124 GMT+0200,4188.564,4187.851,0.0022,0.0022
28.04.2021 02:30:26.201 GMT+0200,4188.249000000001,4187.599,0.0022,0.0031
28.04.2021 02:30:26.251 GMT+0200,4188.258,4187.542,0.0022,0.0022
28.04.2021 02:31:12.052 GMT+0200,4188.061,4187.345,0.0022,0.0031
28.04.2021 02:31:12.102 GMT+0200,4188.067,4187.333,0.0022,0.0022
28.04.2021 02:31:23.765 GMT+0200,4187.767,4187.048,0.0022,0.0022
28.04.2021 02:31:29.705 GMT+0200,4187.766,4187.342000000001,0.0005,0.0022
28.04.2021 02:31:29.755 GMT+0200,4188.001,4187.339,0.0022,0.0022
28.04.2021 02:31:48.189 GMT+0200,4188.055,4187.342000000001,0.0022,0.0031
28.04.2021 02:31:48.239 GMT+0200,4188.2609999999995,4187.539000000001,0.0022,0.0022
28.04.2021 02:32:12.052 GMT+0200,4188.058,4187.348,0.0022,0.0031
28.04.2021 02:32:12.102 GMT+0200,4188.046,4187.348,0.0022,0.0022
28.04.2021 02:32:13.338 GMT+0200,4188.003,4187.548,0.0005,0.0022
28.04.2021 02:32:13.388 GMT+0200,4188.258,4187.545,0.0022,0.0022
28.04.2021 02:32:35.091 GMT+0200,4188.149,4187.436,0.0022,0.0031
28.04.2021 02:32:35.141 GMT+0200,4188.155,4187.454000000001,0.0022,0.0022
28.04.2021 02:32:35.403 GMT+0200,4188.061,4187.336,0.0022,0.0022
28.04.2021 02:32:55.811 GMT+0200,4187.764,4187.099,0.0022,0.0031
28.04.2021 02:32:55.862 GMT+0200,4187.767,4187.036,0.0022,0.0022
28.04.2021 02:33:09.675 GMT+0200,4187.7029999999995,4187.333,0.0005,0.0022
28.04.2021 02:33:09.725 GMT+0200,4188.052000000001,4187.333,0.0022,0.0022
28.04.2021 02:33:35.369 GMT+0200,4187.752,4187.033,0.0022,0.0031
28.04.2021 02:33:35.419 GMT+0200,4187.749000000001,4187.048,0.0022,0.0022
28.04.2021 02:33:51.276 GMT+0200,4187.263,4187.039000000001,0.0005,0.0022
28.04.2021 02:33:51.326 GMT+0200,4187.258,4186.536,0.0022,0.0022
28.04.2021 02:33:54.961 GMT+0200,4187.564,4186.833,0.0022,0.0022
28.04.2021 02:34:10.861 GMT+0200,4187.249000000001,4186.5509999999995,0.0022,0.0031
28.04.2021 02:34:10.911 GMT+0200,4187.267,4186.5509999999995,0.0022,0.0022
28.04.2021 02:34:16.347 GMT+0200,4187.2029999999995,4186.836,0.0005,0.0022
28.04.2021 02:34:16.397 GMT+0200,4187.546,4186.836,0.0022,0.0022
28.04.2021 02:34:16.831 GMT+0200,4187.452,4186.748,0.0022,0.0031
28.04.2021 02:34:16.882 GMT+0200,4187.464,4186.754,0.0022,0.0022
28.04.2021 02:34:17.260 GMT+0200,4187.201,4186.554,0.0022,0.0031
28.04.2021 02:34:17.310 GMT+0200,4187.246,4186.5509999999995,0.0022,0.0022
28.04.2021 02:34:23.679 GMT+0200,4187.266,4186.833,0.0005,0.0022
28.04.2021 02:34:23.729 GMT+0200,4187.558,4186.836,0.0022,0.0022
28.04.2021 02:34:24.160 GMT+0200,4187.252,4186.539000000001,0.0022,0.0031
28.04.2021 02:34:24.211 GMT+0200,4187.246,4186.554,0.0022,0.0022
28.04.2021 02:34:26.582 GMT+0200,4187.2029999999995,4186.836,0.0005,0.0022
28.04.2021 02:34:26.633 GMT+0200,4187.549,4186.833,0.0022,0.0022
28.04.2021 02:34:39.894 GMT+0200,4187.255,4186.536,0.0022,0.0031
28.04.2021 02:34:39.944 GMT+0200,4187.264,4186.545,0.0022,0.0022
28.04.2021 02:34:41.760 GMT+0200,4187.2570000000005,4186.851,0.0005,0.0022
28.04.2021 02:34:41.810 GMT+0200,4187.552000000001,4186.842000000001,0.0022,0.0022
28.04.2021 02:34:53.278 GMT+0200,4187.569,4187.0509999999995,0.0005,0.0022
28.04.2021 02:34:53.328 GMT+0200,4187.767,4187.0509999999995,0.0022,0.0022
28.04.2021 02:35:22.715 GMT+0200,4187.754,4187.333,0.0005,0.0022
28.04.2021 02:35:22.766 GMT+0200,4188.001,4187.345,0.0022,0.0022
28.04.2021 02:35:28.787 GMT+0200,4187.7609999999995,4187.054,0.0022,0.0031
28.04.2021 02:35:28.837 GMT+0200,4187.746,4187.033,0.0022,0.0022
28.04.2021 02:35:39.994 GMT+0200,4187.766,4187.348,0.0005,0.0022
28.04.2021 02:35:40.045 GMT+0200,4188.001,4187.348,0.0022,0.0022
28.04.2021 02:35:53.487 GMT+0200,4188.063,4187.539000000001,0.0005,0.0022
28.04.2021 02:35:53.538 GMT+0200,4188.249000000001,4187.554,0.0022,0.0022
28.04.2021 02:37:02.576 GMT+0200,4188.248,4187.848,0.0005,0.0022
28.04.2021 02:37:02.626 GMT+0200,4188.555,4187.854,0.0022,0.0022
28.04.2021 02:37:03.519 GMT+0200,4188.2609999999995,4187.599,0.0022,0.0031
28.04.2021 02:37:03.569 GMT+0200,4188.246,4187.545,0.0022,0.0022
28.04.2021 02:37:05.365 GMT+0200,4188.251,4187.845,0.0005,0.0022
28.04.2021 02:37:05.415 GMT+0200,4188.555,4187.899,0.0022,0.0022
28.04.2021 02:37:05.949 GMT+0200,4188.249000000001,4187.5509999999995,0.0022,0.0031
28.04.2021 02:37:06.000 GMT+0200,4188.201,4187.548,0.0022,0.0022
28.04.2021 02:37:06.493 GMT+0200,4188.251,4187.751,0.0005,0.0022
28.04.2021 02:37:06.544 GMT+0200,4188.446,4187.7390000000005,0.0022,0.0022
28.04.2021 02:37:06.653 GMT+0200,4188.249000000001,4187.545,0.0022,0.0031
28.04.2021 02:37:06.703 GMT+0200,4188.252,4187.539000000001,0.0022,0.0022
28.04.2021 02:37:33.077 GMT+0200,4188.251,4187.839,0.0005,0.0022
28.04.2021 02:37:33.127 GMT+0200,4188.546,4187.848,0.0022,0.0022
28.04.2021 02:37:37.199 GMT+0200,4188.557,4188.036,0.0005,0.0022
28.04.2021 02:37:37.249 GMT+0200,4188.752,4188.033,0.0022,0.0022
28.04.2021 02:37:54.500 GMT+0200,4188.763,4188.336,0.0005,0.0022
28.04.2021 02:37:54.551 GMT+0200,4189.049,4188.339,0.0022,0.0022
28.04.2021 02:37:54.883 GMT+0200,4188.758,4188.054,0.0022,0.0031
28.04.2021 02:37:54.933 GMT+0200,4188.7609999999995,4188.042,0.0022,0.0022
28.04.2021 02:38:03.426 GMT+0200,4189.055,4188.348,0.0022,0.0022
28.04.2021 02:38:08.270 GMT+0200,4188.764,4188.036,0.0022,0.0031
28.04.2021 02:38:08.320 GMT+0200,4188.7609999999995,4188.039000000001,0.0022,0.0022
28.04.2021 02:38:49.171 GMT+0200,4188.564,4187.842000000001,0.0022,0.0031
28.04.2021 02:38:49.221 GMT+0200,4188.501,4187.833,0.0022,0.0022
28.04.2021 02:39:26.627 GMT+0200,4188.566,4188.0509999999995,0.0005,0.0022
28.04.2021 02:39:26.677 GMT+0200,4188.749000000001,4188.0509999999995,0.0022,0.0022
28.04.2021 02:39:57.098 GMT+0200,4188.567,4187.842000000001,0.0022,0.0022
28.04.2021 02:40:05.350 GMT+0200,4188.755,4188.042,0.0022,0.0022
28.04.2021 02:40:07.470 GMT+0200,4188.561,4187.842000000001,0.0022,0.0031
28.04.2021 02:40:07.521 GMT+0200,4188.555,4187.854,0.0022,0.0022
28.04.2021 02:40:10.631 GMT+0200,4188.755,4188.0509999999995,0.0022,0.0022
28.04.2021 02:40:28.128 GMT+0200,4188.646,4187.936,0.0022,0.0022
28.04.2021 02:40:30.108 GMT+0200,4188.546,4187.848,0.0022,0.0022
28.04.2021 02:40:30.241 GMT+0200,4188.5509999999995,4188.042,0.0005,0.0022
28.04.2021 02:40:30.291 GMT+0200,4188.746,4188.054,0.0022,0.0022
28.04.2021 02:40:36.062 GMT+0200,4188.501,4187.839,0.0022,0.0031
28.04.2021 02:40:36.112 GMT+0200,4188.561,4187.854,0.0022,0.0022
28.04.2021 02:40:39.844 GMT+0200,4188.554,4188.039000000001,0.0005,0.0022
28.04.2021 02:40:39.895 GMT+0200,4188.701,4188.0509999999995,0.0022,0.0022
28.04.2021 02:40:48.262 GMT+0200,4188.564,4187.839,0.0022,0.0031
28.04.2021 02:40:48.313 GMT+0200,4188.501,4187.836,0.0022,0.0022
28.04.2021 02:40:49.322 GMT+0200,4188.5509999999995,4188.0509999999995,0.0005,0.0022
28.04.2021 02:40:49.372 GMT+0200,4188.7609999999995,4188.054,0.0022,0.0022
28.04.2021 02:40:49.482 GMT+0200,4188.652,4187.945,0.0022,0.0031
28.04.2021 02:40:49.532 GMT+0200,4188.658,4187.936,0.0022,0.0022
28.04.2021 02:40:50.662 GMT+0200,4188.549,4187.854,0.0022,0.0031
28.04.2021 02:40:50.713 GMT+0200,4188.558,4187.842000000001,0.0022,0.0022
28.04.2021 02:41:04.434 GMT+0200,4188.755,4188.039000000001,0.0022,0.0022
28.04.2021 02:41:07.166 GMT+0200,4188.652,4187.999000000001,0.0022,0.0031
28.04.2021 02:41:07.217 GMT+0200,4188.652,4187.933,0.0022,0.0022
28.04.2021 02:41:07.328 GMT+0200,4188.555,4187.848,0.0022,0.0031
28.04.2021 02:41:07.378 GMT+0200,4188.558,4187.836,0.0022,0.0022
28.04.2021 02:41:10.720 GMT+0200,4188.767,4188.0509999999995,0.0022,0.0022
28.04.2021 02:41:53.036 GMT+0200,4188.7029999999995,4188.345,0.0005,0.0022
28.04.2021 02:41:53.086 GMT+0200,4189.001,4188.354,0.0022,0.0022
28.04.2021 02:41:58.920 GMT+0200,4189.0509999999995,4188.548,0.0005,0.0022
28.04.2021 02:41:58.971 GMT+0200,4189.246,4188.599,0.0022,0.0022
28.04.2021 02:42:14.964 GMT+0200,4189.061,4188.348,0.0022,0.0031
28.04.2021 02:42:15.014 GMT+0200,4189.052000000001,4188.339,0.0022,0.0022
28.04.2021 02:43:41.679 GMT+0200,4189.249000000001,4188.542,0.0022,0.0022
28.04.2021 02:43:55.995 GMT+0200,4189.061,4188.345,0.0022,0.0031
28.04.2021 02:43:56.045 GMT+0200,4189.058,4188.342000000001,0.0022,0.0022
28.04.2021 02:44:16.183 GMT+0200,4189.048,4188.5509999999995,0.0005,0.0022
28.04.2021 02:44:16.234 GMT+0200,4189.267,4188.5509999999995,0.0022,0.0022
28.04.2021 02:44:19.450 GMT+0200,4189.061,4188.348,0.0022,0.0031
28.04.2021 02:44:19.501 GMT+0200,4189.058,4188.339,0.0022,0.0022
28.04.2021 02:45:37.259 GMT+0200,4188.752,4188.033,0.0022,0.0031
28.04.2021 02:45:37.309 GMT+0200,4188.746,4188.048,0.0022,0.0022
28.04.2021 02:45:37.884 GMT+0200,4188.766,4188.339,0.0005,0.0022
28.04.2021 02:45:37.934 GMT+0200,4189.058,4188.336,0.0022,0.0022
28.04.2021 02:45:39.374 GMT+0200,4188.755,4188.0509999999995,0.0022,0.0031
28.04.2021 02:45:39.424 GMT+0200,4188.755,4188.045,0.0022,0.0022
28.04.2021 02:45:59.012 GMT+0200,4188.564,4187.839,0.0022,0.0031
28.04.2021 02:45:59.063 GMT+0200,4188.501,4187.848,0.0022,0.0022
28.04.2021 02:46:13.148 GMT+0200,4188.569,4188.0509999999995,0.0005,0.0022
28.04.2021 02:46:13.198 GMT+0200,4188.746,4188.039000000001,0.0022,0.0022
28.04.2021 02:46:19.956 GMT+0200,4188.501,4187.845,0.0022,0.0031
28.04.2021 02:46:20.007 GMT+0200,4188.555,4187.839,0.0022,0.0022
28.04.2021 02:46:38.254 GMT+0200,4188.56,4188.048,0.0005,0.0022
28.04.2021 02:46:38.304 GMT+0200,4188.7609999999995,4188.0509999999995,0.0022,0.0022
28.04.2021 02:46:41.090 GMT+0200,4188.552000000001,4187.899,0.0022,0.0031
28.04.2021 02:46:41.140 GMT+0200,4188.546,4187.851,0.0022,0.0022
28.04.2021 02:46:41.452 GMT+0200,4188.569,4187.945,0.0005,0.0022
28.04.2021 02:46:41.502 GMT+0200,4188.664000000001,4187.945,0.0022,0.0022
28.04.2021 02:46:41.612 GMT+0200,4188.567,4187.833,0.0022,0.0031
28.04.2021 02:46:41.662 GMT+0200,4188.546,4187.833,0.0022,0.0022
28.04.2021 02:46:42.109 GMT+0200,4188.563,4187.942,0.0005,0.0022
28.04.2021 02:46:42.160 GMT+0200,4188.655,4187.939,0.0022,0.0022
28.04.2021 02:46:42.455 GMT+0200,4188.549,4187.845,0.0022,0.0031
28.04.2021 02:46:42.505 GMT+0200,4188.501,4187.836,0.0022,0.0022
28.04.2021 02:46:54.395 GMT+0200,4188.264,4187.533,0.0022,0.0022
28.04.2021 02:46:55.459 GMT+0200,4188.046,4187.348,0.0022,0.0031
28.04.2021 02:46:55.509 GMT+0200,4188.049,4187.333,0.0022,0.0022
28.04.2021 02:47:43.066 GMT+0200,4188.057,4187.536,0.0005,0.0022
28.04.2021 02:47:43.116 GMT+0200,4188.267,4187.554,0.0022,0.0022
28.04.2021 02:47:53.672 GMT+0200,4188.2029999999995,4187.854,0.0005,0.0022
28.04.2021 02:47:53.722 GMT+0200,4188.561,4187.833,0.0022,0.0022
28.04.2021 02:48:13.688 GMT+0200,4188.557,4187.942,0.0005,0.0022
28.04.2021 02:48:13.738 GMT+0200,4188.655,4187.945,0.0022,0.0022
28.04.2021 02:48:13.850 GMT+0200,4188.601,4187.999000000001,0.0022,0.0031
28.04.2021 02:48:13.900 GMT+0200,4188.755,4188.054,0.0022,0.0022
28.04.2021 02:48:42.253 GMT+0200,4188.766,4188.342000000001,0.0005,0.0022
28.04.2021 02:48:42.303 GMT+0200,4189.049,4188.342000000001,0.0022,0.0022
28.04.2021 02:48:46.669 GMT+0200,4188.746,4188.099,0.0022,0.0031
28.04.2021 02:48:46.720 GMT+0200,4188.746,4188.099,0.0022,0.0022
28.04.2021 02:48:56.557 GMT+0200,4188.7570000000005,4188.345,0.0005,0.0022
28.04.2021 02:48:56.607 GMT+0200,4189.061,4188.354,0.0022,0.0022
28.04.2021 02:48:57.294 GMT+0200,4188.948,4188.354,0.0005,0.0022
28.04.2021 02:48:57.345 GMT+0200,4188.946,4188.245,0.0022,0.0022
28.04.2021 02:48:57.452 GMT+0200,4188.763,4188.242,0.0005,0.0022
28.04.2021 02:48:57.502 GMT+0200,4188.701,4188.048,0.0022,0.0022
28.04.2021 02:49:20.104 GMT+0200,4188.766,4188.354,0.0005,0.0022
28.04.2021 02:49:20.155 GMT+0200,4189.049,4188.348,0.0022,0.0022
28.04.2021 02:49:27.173 GMT+0200,4188.755,4188.042,0.0022,0.0031
28.04.2021 02:49:27.224 GMT+0200,4188.749000000001,4188.039000000001,0.0022,0.0022
28.04.2021 02:49:27.659 GMT+0200,4188.763,4188.248,0.0005,0.0022
28.04.2021 02:49:27.710 GMT+0200,4188.958,4188.2390000000005,0.0022,0.0022
28.04.2021 02:49:27.823 GMT+0200,4188.954000000001,4188.351,0.0005,0.0022
28.04.2021 02:49:27.873 GMT+0200,4189.001,4188.348,0.0022,0.0022
28.04.2021 02:49:34.205 GMT+0200,4188.967000000001,4188.251,0.0022,0.0031
28.04.2021 02:49:34.256 GMT+0200,4188.946,4188.2390000000005,0.0022,0.0022
28.04.2021 02:49:40.112 GMT+0200,4189.064,4188.333,0.0022,0.0022
28.04.2021 02:50:10.809 GMT+0200,4188.764,4188.099,0.0022,0.0022
28.04.2021 02:50:13.981 GMT+0200,4188.766,4188.251,0.0005,0.0022
28.04.2021 02:50:14.031 GMT+0200,4188.961,4188.242,0.0022,0.0022
28.04.2021 02:50:14.143 GMT+0200,4188.754,4188.242,0.0005,0.0022
28.04.2021 02:50:14.193 GMT+0200,4188.755,4188.033,0.0022,0.0022
28.04.2021 02:51:00.913 GMT+0200,4188.7029999999995,4188.242,0.0005,0.0022
28.04.2021 02:51:00.963 GMT+0200,4188.901,4188.251,0.0022,0.0022
28.04.2021 02:51:01.235 GMT+0200,4188.758,4188.0509999999995,0.0022,0.0031
28.04.2021 02:51:01.285 GMT+0200,4188.701,4188.033,0.0022,0.0022
28.04.2021 02:51:05.304 GMT+0200,4188.76,4188.2390000000005,0.0005,0.0022
28.04.2021 02:51:05.355 GMT+0200,4188.967000000001,4188.245,0.0022,0.0022
28.04.2021 02:51:05.463 GMT+0200,4188.957,4188.345,0.0005,0.0022
28.04.2021 02:51:05.514 GMT+0200,4189.058,4188.348,0.0022,0.0022
28.04.2021 02:51:07.916 GMT+0200,4188.749000000001,4188.099,0.0022,0.0022
28.04.2021 02:51:39.277 GMT+0200,4188.769,4188.399,0.0005,0.0022
28.04.2021 02:51:39.328 GMT+0200,4189.001,4188.336,0.0022,0.0022
28.04.2021 02:51:50.233 GMT+0200,4188.764,4188.099,0.0022,0.0031
28.04.2021 02:51:50.283 GMT+0200,4188.764,4188.039000000001,0.0022,0.0022
28.04.2021 02:52:54.578 GMT+0200,4188.549,4187.836,0.0022,0.0031
28.04.2021 02:52:54.628 GMT+0200,4188.501,4187.899,0.0022,0.0022
28.04.2021 02:53:32.102 GMT+0200,4188.2609999999995,4187.545,0.0022,0.0031
28.04.2021 02:53:32.152 GMT+0200,4188.249000000001,4187.533,0.0022,0.0022
28.04.2021 02:53:32.264 GMT+0200,4188.2570000000005,4187.854,0.0005,0.0022
28.04.2021 02:53:32.315 GMT+0200,4188.561,4187.845,0.0022,0.0022
28.04.2021 02:54:02.739 GMT+0200,4188.557,4187.936,0.0005,0.0022
28.04.2021 02:54:02.790 GMT+0200,4188.661,4187.951,0.0022,0.0022
28.04.2021 02:54:02.901 GMT+0200,4188.654,4188.054,0.0005,0.0022
28.04.2021 02:54:02.951 GMT+0200,4188.7609999999995,4188.042,0.0022,0.0022
28.04.2021 02:55:28.543 GMT+0200,4188.754,4188.348,0.0005,0.0022
28.04.2021 02:55:28.594 GMT+0200,4189.049,4188.345,0.0022,0.0022
28.04.2021 02:55:34.799 GMT+0200,4188.754,4188.354,0.0005,0.0022
28.04.2021 02:55:34.849 GMT+0200,4188.7609999999995,4188.042,0.0022,0.0022
28.04.2021 02:55:45.605 GMT+0200,4188.564,4187.899,0.0022,0.0031
28.04.2021 02:55:45.655 GMT+0200,4188.567,4187.851,0.0022,0.0022
28.04.2021 02:55:47.768 GMT+0200,4188.557,4187.948,0.0005,0.0022
28.04.2021 02:55:47.818 GMT+0200,4188.652,4187.939,0.0022,0.0022
28.04.2021 02:55:47.938 GMT+0200,4188.669,4188.045,0.0005,0.0022
28.04.2021 02:55:47.989 GMT+0200,4188.764,4188.045,0.0022,0.0022
28.04.2021 02:55:55.253 GMT+0200,4188.564,4187.899,0.0022,0.0031
28.04.2021 02:55:55.303 GMT+0200,4188.561,4187.854,0.0022,0.0022
28.04.2021 02:55:56.342 GMT+0200,4188.503,4187.948,0.0005,0.0022
28.04.2021 02:55:56.392 GMT+0200,4188.652,4187.951,0.0022,0.0022
28.04.2021 02:55:57.810 GMT+0200,4188.663,4188.0509999999995,0.0005,0.0022
28.04.2021 02:55:57.861 GMT+0200,4188.701,4188.0509999999995,0.0022,0.0022
28.04.2021 02:56:02.406 GMT+0200,4188.667,4187.933,0.0022,0.0022
28.04.2021 02:56:03.726 GMT+0200,4188.746,4188.042,0.0022,0.0022
28.04.2021 02:56:04.387 GMT+0200,4188.658,4187.936,0.0022,0.0022
28.04.2021 02:56:05.047 GMT+0200,4188.767,4188.099,0.0022,0.0022
28.04.2021 02:56:28.563 GMT+0200,4188.664000000001,4187.951,0.0022,0.0031
28.04.2021 02:56:28.613 GMT+0200,4188.652,4187.954000000001,0.0022,0.0022
28.04.2021 02:56:29.544 GMT+0200,4188.666,4188.045,0.0005,0.0022
28.04.2021 02:56:29.594 GMT+0200,4188.767,4188.045,0.0022,0.0022
28.04.2021 02:56:52.340 GMT+0200,4188.763,4188.339,0.0005,0.0022
28.04.2021 02:56:52.390 GMT+0200,4189.052000000001,4188.354,0.0022,0.0022
28.04.2021 02:56:52.918 GMT+0200,4188.958,4188.242,0.0022,0.0022
28.04.2021 02:56:53.748 GMT+0200,4188.948,4188.342000000001,0.0005,0.0022
28.04.2021 02:56:53.799 GMT+0200,4189.058,4188.336,0.0022,0.0022
28.04.2021 02:57:25.367 GMT+0200,4188.755,4188.036,0.0022,0.0031
28.04.2021 02:57:25.418 GMT+0200,4188.701,4188.033,0.0022,0.0022
28.04.2021 02:57:44.598 GMT+0200,4188.76,4188.336,0.0005,0.0022
28.04.2021 02:57:44.648 GMT+0200,4189.067,4188.333,0.0022,0.0022
28.04.2021 02:57:47.055 GMT+0200,4188.749000000001,4188.033,0.0022,0.0022
28.04.2021 02:58:00.160 GMT+0200,4188.751,4188.339,0.0005,0.0022
28.04.2021 02:58:00.210 GMT+0200,4189.049,4188.336,0.0022,0.0022
28.04.2021 02:58:01.304 GMT+0200,4188.749000000001,4188.042,0.0022,0.0031
28.04.2021 02:58:01.354 GMT+0200,4188.755,4188.099,0.0022,0.0022
28.04.2021 02:58:25.481 GMT+0200,4188.558,4187.848,0.0022,0.0031
28.04.2021 02:58:25.531 GMT+0200,4188.564,4187.833,0.0022,0.0022
28.04.2021 02:58:43.944 GMT+0200,4188.5509999999995,4188.048,0.0005,0.0022
28.04.2021 02:58:43.995 GMT+0200,4188.767,4188.048,0.0022,0.0022
28.04.2021 02:58:45.365 GMT+0200,4188.652,4187.951,0.0022,0.0031
28.04.2021 02:58:45.416 GMT+0200,4188.649,4187.951,0.0022,0.0022
28.04.2021 02:58:45.682 GMT+0200,4188.657,4188.042,0.0005,0.0022
28.04.2021 02:58:45.732 GMT+0200,4188.755,4188.0509999999995,0.0022,0.0022
28.04.2021 02:59:08.586 GMT+0200,4188.549,4187.845,0.0022,0.0022
28.04.2021 02:59:10.991 GMT+0200,4188.5509999999995,4187.945,0.0005,0.0022
28.04.2021 02:59:11.042 GMT+0200,4188.601,4187.954000000001,0.0022,0.0022
28.04.2021 02:59:11.621 GMT+0200,4188.657,4188.039000000001,0.0005,0.0022
28.04.2021 02:59:11.671 GMT+0200,4188.701,4188.0509999999995,0.0022,0.0022
28.04.2021 02:59:11.790 GMT+0200,4188.601,4187.948,0.0022,0.0031
28.04.2021 02:59:11.840 GMT+0200,4188.667,4187.945,0.0022,0.0022
28.04.2021 02:59:14.633 GMT+0200,4188.657,4188.099,0.0005,0.0022
28.04.2021 02:59:14.683 GMT+0200,4188.755,4188.033,0.0022,0.0022
28.04.2021 02:59:14.800 GMT+0200,4188.564,4187.839,0.0022,0.0031
28.04.2021 02:59:14.850 GMT+0200,4188.561,4187.836,0.0022,0.0022
28.04.2021 02:59:37.342 GMT+0200,4188.563,4188.033,0.0005,0.0022
28.04.2021 02:59:37.392 GMT+0200,4188.7609999999995,4188.045,0.0022,0.0022
28.04.2021 03:00:01.737 GMT+0200,4188.549,4187.845,0.0022,0.0031
28.04.2021 03:00:01.788 GMT+0200,4188.564,4187.851,0.0022,0.0022
28.04.2021 03:00:07.473 GMT+0200,4188.249000000001,4187.548,0.0022,0.0031
28.04.2021 03:00:07.523 GMT+0200,4188.264,4187.545,0.0022,0.0022
28.04.2021 03:00:09.112 GMT+0200,4188.064,4187.345,0.0022,0.0031
28.04.2021 03:00:09.162 GMT+0200,4188.067,4187.339,0.0022,0.0022
28.04.2021 03:00:13.289 GMT+0200,4187.746,4187.039000000001,0.0022,0.0022
28.04.2021 03:00:18.960 GMT+0200,4187.7570000000005,4187.354,0.0005,0.0022
28.04.2021 03:00:19.010 GMT+0200,4188.067,4187.339,0.0022,0.0022
28.04.2021 03:00:24.359 GMT+0200,4188.064,4187.399,0.0022,0.0031
28.04.2021 03:00:24.409 GMT+0200,4188.267,4187.554,0.0022,0.0022
28.04.2021 03:00:34.845 GMT+0200,4188.2029999999995,4187.842000000001,0.0005,0.0022
28.04.2021 03:00:34.895 GMT+0200,4188.567,4187.848,0.0022,0.0022
28.04.2021 03:00:44.697 GMT+0200,4188.503,4188.099,0.0005,0.0022
28.04.2021 03:00:44.747 GMT+0200,4188.758,4188.036,0.0022,0.0022
28.04.2021 03:00:53.421 GMT+0200,4188.7570000000005,4188.351,0.0005,0.0022
28.04.2021 03:00:53.472 GMT+0200,4189.001,4188.354,0.0022,0.0022
28.04.2021 03:00:56.322 GMT+0200,4189.049,4188.351,0.0022,0.0031
28.04.2021 03:00:56.372 GMT+0200,4189.255,4188.5509999999995,0.0022,0.0022
28.04.2021 03:01:01.061 GMT+0200,4189.0509999999995,4188.548,0.0005,0.0022
28.04.2021 03:01:01.114 GMT+0200,4189.058,4188.354,0.0022,0.0022
28.04.2021 03:01:18.424 GMT+0200,4189.0509999999995,4188.533,0.0005,0.0022
28.04.2021 03:01:18.474 GMT+0200,4189.201,4188.533,0.0022,0.0022
28.04.2021 03:01:27.726 GMT+0200,4189.049,4188.333,0.0022,0.0031
28.04.2021 03:01:27.777 GMT+0200,4189.064,4188.399,0.0022,0.0022
28.04.2021 03:01:30.228 GMT+0200,4189.267,4188.5509999999995,0.0022,0.0022
28.04.2021 03:01:33.445 GMT+0200,4189.058,4188.339,0.0022,0.0031
28.04.2021 03:01:33.495 GMT+0200,4189.055,4188.342000000001,0.0022,0.0022
28.04.2021 03:01:47.126 GMT+0200,4189.066,4188.539000000001,0.0005,0.0022
28.04.2021 03:01:47.176 GMT+0200,4189.258,4188.599,0.0022,0.0022
28.04.2021 03:02:02.249 GMT+0200,4189.067,4188.351,0.0022,0.0022
28.04.2021 03:04:32.647 GMT+0200,4188.755,4188.042,0.0022,0.0031
28.04.2021 03:04:32.698 GMT+0200,4188.749000000001,4188.099,0.0022,0.0022
28.04.2021 03:04:34.235 GMT+0200,4188.749000000001,4188.099,0.0022,0.0031
28.04.2021 03:04:34.285 GMT+0200,4189.046,4188.399,0.0022,0.0022
28.04.2021 03:04:34.392 GMT+0200,4188.9490000000005,4188.233,0.0022,0.0031
28.04.2021 03:04:34.443 GMT+0200,4188.955,4188.242,0.0022,0.0022
28.04.2021 03:04:34.574 GMT+0200,4188.749000000001,4188.054,0.0022,0.0031
28.04.2021 03:04:34.624 GMT+0200,4188.758,4188.099,0.0022,0.0022
28.04.2021 03:04:36.428 GMT+0200,4188.7029999999995,4188.299,0.0005,0.0022
28.04.2021 03:04:36.478 GMT+0200,4188.901,4188.242,0.0022,0.0022
28.04.2021 03:04:36.766 GMT+0200,4188.7609999999995,4188.045,0.0022,0.0031
28.04.2021 03:04:36.816 GMT+0200,4188.758,4188.0509999999995,0.0022,0.0022
28.04.2021 03:04:37.488 GMT+0200,4188.766,4188.336,0.0005,0.0022
28.04.2021 03:04:37.539 GMT+0200,4189.052000000001,4188.339,0.0022,0.0022
28.04.2021 03:04:37.825 GMT+0200,4188.746,4188.033,0.0022,0.0031
28.04.2021 03:04:37.875 GMT+0200,4188.7609999999995,4188.039000000001,0.0022,0.0022
28.04.2021 03:04:38.303 GMT+0200,4188.7029999999995,4188.2390000000005,0.0005,0.0022
28.04.2021 03:04:38.354 GMT+0200,4188.964,4188.2390000000005,0.0022,0.0022
28.04.2021 03:04:38.465 GMT+0200,4188.749000000001,4188.033,0.0022,0.0031
28.04.2021 03:04:38.515 GMT+0200,4188.701,4188.0509999999995,0.0022,0.0022
28.04.2021 03:05:44.106 GMT+0200,4188.501,4187.899,0.0022,0.0022
28.04.2021 03:05:46.012 GMT+0200,4188.5509999999995,4188.0509999999995,0.0005,0.0022
28.04.2021 03:05:46.063 GMT+0200,4188.767,4188.036,0.0022,0.0022
28.04.2021 03:05:55.394 GMT+0200,4188.748,4188.399,0.0005,0.0022
28.04.2021 03:05:55.445 GMT+0200,4189.058,4188.345,0.0022,0.0022
28.04.2021 03:06:19.463 GMT+0200,4189.069,4188.554,0.0005,0.0022
28.04.2021 03:06:19.514 GMT+0200,4189.201,4188.533,0.0022,0.0022
28.04.2021 03:06:36.642 GMT+0200,4189.2029999999995,4188.854,0.0005,0.0022
28.04.2021 03:06:36.692 GMT+0200,4189.552000000001,4188.836,0.0022,0.0022
28.04.2021 03:06:49.918 GMT+0200,4189.566,4189.042,0.0005,0.0022
28.04.2021 03:06:49.969 GMT+0200,4189.767,4189.042,0.0022,0.0022
28.04.2021 03:06:56.954 GMT+0200,4189.546,4188.848,0.0022,0.0031
28.04.2021 03:06:57.005 GMT+0200,4189.564,4188.845,0.0022,0.0022
28.04.2021 03:07:06.794 GMT+0200,4189.249000000001,4188.548,0.0022,0.0031
28.04.2021 03:07:06.844 GMT+0200,4189.201,4188.545,0.0022,0.0022
28.04.2021 03:07:08.803 GMT+0200,4189.269,4188.839,0.0005,0.0022
28.04.2021 03:07:08.854 GMT+0200,4189.558,4188.839,0.0022,0.0022
28.04.2021 03:07:18.182 GMT+0200,4189.746,4189.033,0.0022,0.0022
28.04.2021 03:07:19.283 GMT+0200,4189.567,4188.839,0.0022,0.0031
28.04.2021 03:07:19.334 GMT+0200,4189.555,4188.845,0.0022,0.0022
28.04.2021 03:07:24.207 GMT+0200,4189.5509999999995,4189.036,0.0005,0.0022
28.04.2021 03:07:24.261 GMT+0200,4189.758,4189.099,0.0022,0.0022
28.04.2021 03:07:31.239 GMT+0200,4189.569,4189.048,0.0005,0.0022
28.04.2021 03:07:31.293 GMT+0200,4189.552000000001,4188.842000000001,0.0022,0.0022
