Local time,Ask,Bid,AskVolume,BidVolume
28.04.2021 00:00:00.091 GMT+0200,157.476,157.431,0.0177,0.0223
28.04.2021 00:00:03.104 GMT+0200,157.509,157.459,0.0177,0.0223
28.04.2021 00:00:26.439 GMT+0200,157.54,157.493,0.0177,0.0223
28.04.2021 00:02:00.943 GMT+0200,157.51,157.46,0.0177,0.0223
28.04.2021 00:02:01.118 GMT+0200,157.523,157.479,0.0177,0.0223
28.04.2021 00:02:02.194 GMT+0200,157.54,157.491,0.0177,0.0223
28.04.2021 00:02:06.122 GMT+0200,157.52200000000002,157.479,0.0177,0.0223
28.04.2021 00:02:10.848 GMT+0200,157.534,157.49,0.0177,0.0223
28.04.2021 00:02:36.233 GMT+0200,157.51,157.46200000000002,0.0177,0.0223
28.04.2021 00:02:42.936 GMT+0200,157.525,157.481,0.0177,0.0223
28.04.2021 00:02:45.248 GMT+0200,157.54,157.489,0.0177,0.0223
28.04.2021 00:03:00.146 GMT+0200,157.52100000000002,157.476,0.0177,0.0223
28.04.2021 00:03:01.043 GMT+0200,157.508,157.465,0.0177,0.0223
28.04.2021 00:03:03.421 GMT+0200,157.53799999999998,157.49200000000002,0.0177,0.0223
28.04.2021 00:03:04.226 GMT+0200,157.52100000000002,157.474,0.0177,0.0223
28.04.2021 00:03:08.746 GMT+0200,157.509,157.46,0.0177,0.0223
28.04.2021 00:03:56.299 GMT+0200,157.52100000000002,157.481,0.0177,0.0223
28.04.2021 00:04:36.710 GMT+0200,157.53799999999998,157.491,0.0177,0.0223
28.04.2021 00:04:46.114 GMT+0200,157.526,157.478,0.0177,0.0223
28.04.2021 00:05:02.057 GMT+0200,157.534,157.493,0.0177,0.0223
28.04.2021 00:05:16.316 GMT+0200,157.523,157.481,0.0177,0.0223
28.04.2021 00:06:12.467 GMT+0200,157.539,157.49,0.0177,0.0223
28.04.2021 00:06:13.016 GMT+0200,157.508,157.46,0.0177,0.0223
28.04.2021 00:07:48.775 GMT+0200,157.534,157.496,0.0177,0.0223
28.04.2021 00:07:49.094 GMT+0200,157.519,157.479,0.0177,0.0223
28.04.2021 00:07:49.693 GMT+0200,157.506,157.46,0.0177,0.0223
28.04.2021 00:07:55.438 GMT+0200,157.523,157.481,0.0177,0.0223
28.04.2021 00:09:31.965 GMT+0200,157.509,157.46,0.0177,0.0223
28.04.2021 00:10:00.528 GMT+0200,157.536,157.49200000000002,0.0177,0.0223
28.04.2021 00:10:01.144 GMT+0200,157.523,157.479,0.0177,0.0223
28.04.2021 00:11:03.994 GMT+0200,157.536,157.496,0.0177,0.0223
28.04.2021 00:11:18.602 GMT+0200,157.51,157.459,0.0177,0.0223
28.04.2021 00:11:42.072 GMT+0200,157.52200000000002,157.476,0.0177,0.0223
28.04.2021 00:12:21.263 GMT+0200,157.506,157.458,0.0177,0.0223
28.04.2021 00:12:56.680 GMT+0200,157.54,157.49,0.0177,0.0223
28.04.2021 00:13:10.229 GMT+0200,157.508,157.463,0.0177,0.0223
28.04.2021 00:13:17.981 GMT+0200,157.523,157.477,0.0177,0.0223
28.04.2021 00:13:25.095 GMT+0200,157.508,157.463,0.0177,0.0223
28.04.2021 00:13:25.376 GMT+0200,157.525,157.481,0.0177,0.0223
28.04.2021 00:13:34.933 GMT+0200,157.505,157.463,0.0177,0.0223
28.04.2021 00:13:50.756 GMT+0200,157.536,157.496,0.0177,0.0223
28.04.2021 00:17:14.125 GMT+0200,157.508,157.458,0.0177,0.0223
28.04.2021 00:17:23.670 GMT+0200,157.53799999999998,157.494,0.0177,0.0223
28.04.2021 00:18:52.793 GMT+0200,157.53799999999998,157.493,0.0177,0.0223
28.04.2021 00:19:59.983 GMT+0200,157.509,157.465,0.0177,0.0223
28.04.2021 00:20:55.434 GMT+0200,157.539,157.493,0.0177,0.0223
28.04.2021 00:20:56.397 GMT+0200,157.524,157.475,0.0177,0.0223
28.04.2021 00:21:05.853 GMT+0200,157.508,157.46200000000002,0.0177,0.0223
28.04.2021 00:22:58.498 GMT+0200,157.475,157.42700000000002,0.0177,0.0223
28.04.2021 00:25:08.511 GMT+0200,157.51,157.463,0.0177,0.0223
28.04.2021 00:25:08.721 GMT+0200,157.478,157.431,0.0177,0.0223
28.04.2021 00:25:28.008 GMT+0200,157.48700000000002,157.445,0.0177,0.0223
28.04.2021 00:25:36.218 GMT+0200,157.508,157.459,0.0177,0.0223
28.04.2021 00:27:00.252 GMT+0200,157.475,157.434,0.0177,0.0223
28.04.2021 00:27:30.816 GMT+0200,157.503,157.458,0.0177,0.0223
28.04.2021 00:27:41.368 GMT+0200,157.478,157.428,0.0177,0.0223
28.04.2021 00:28:47.981 GMT+0200,157.477,157.434,0.0177,0.0223
28.04.2021 00:31:08.421 GMT+0200,157.479,157.434,0.0177,0.0223
28.04.2021 00:31:38.909 GMT+0200,157.48700000000002,157.444,0.0177,0.0223
28.04.2021 00:31:39.028 GMT+0200,157.474,157.431,0.0177,0.0223
28.04.2021 00:31:40.815 GMT+0200,157.507,157.465,0.0177,0.0223
28.04.2021 00:31:40.918 GMT+0200,157.476,157.434,0.0177,0.0223
28.04.2021 00:32:02.291 GMT+0200,157.489,157.447,0.0177,0.0223
28.04.2021 00:32:02.839 GMT+0200,157.475,157.429,0.0177,0.0223
28.04.2021 00:32:04.684 GMT+0200,157.493,157.449,0.0177,0.0223
28.04.2021 00:32:08.047 GMT+0200,157.506,157.459,0.0177,0.0223
28.04.2021 00:32:27.689 GMT+0200,157.494,157.442,0.0177,0.0223
28.04.2021 00:33:34.064 GMT+0200,157.472,157.43200000000002,0.0177,0.0223
28.04.2021 00:34:02.257 GMT+0200,157.48700000000002,157.446,0.0177,0.0223
28.04.2021 00:34:20.216 GMT+0200,157.505,157.463,0.0177,0.0223
28.04.2021 00:34:29.601 GMT+0200,157.489,157.444,0.0177,0.0223
28.04.2021 00:34:46.364 GMT+0200,157.507,157.465,0.0177,0.0223
28.04.2021 00:36:27.370 GMT+0200,157.534,157.491,0.0177,0.0223
28.04.2021 00:37:26.457 GMT+0200,157.556,157.512,0.0177,0.0223
28.04.2021 00:37:28.162 GMT+0200,157.565,157.524,0.0177,0.0223
28.04.2021 00:37:28.320 GMT+0200,157.554,157.509,0.0177,0.0223
28.04.2021 00:37:29.489 GMT+0200,157.57,157.525,0.0177,0.0223
28.04.2021 00:37:31.533 GMT+0200,157.54,157.49,0.0177,0.0223
28.04.2021 00:37:50.287 GMT+0200,157.506,157.458,0.0177,0.0223
28.04.2021 00:38:06.611 GMT+0200,157.536,157.496,0.0177,0.0223
28.04.2021 00:38:21.511 GMT+0200,157.523,157.474,0.0177,0.0223
28.04.2021 00:38:21.662 GMT+0200,157.508,157.463,0.0177,0.0223
28.04.2021 00:39:01.474 GMT+0200,157.541,157.49,0.0177,0.0223
28.04.2021 00:39:03.225 GMT+0200,157.526,157.481,0.0177,0.0223
28.04.2021 00:39:31.480 GMT+0200,157.534,157.49200000000002,0.0177,0.0223
28.04.2021 00:39:34.027 GMT+0200,157.526,157.479,0.0177,0.0223
28.04.2021 00:40:04.059 GMT+0200,157.539,157.49200000000002,0.0177,0.0223
28.04.2021 00:40:42.434 GMT+0200,157.523,157.479,0.0177,0.0223
28.04.2021 00:40:42.597 GMT+0200,157.509,157.465,0.0177,0.0223
28.04.2021 00:44:13.001 GMT+0200,157.539,157.49,0.0177,0.0223
28.04.2021 00:44:30.182 GMT+0200,157.506,157.458,0.0177,0.0223
28.04.2021 00:44:33.689 GMT+0200,157.53799999999998,157.489,0.0177,0.0223
28.04.2021 00:44:35.480 GMT+0200,157.52100000000002,157.477,0.0177,0.0223
28.04.2021 00:44:49.369 GMT+0200,157.51,157.458,0.0177,0.0223
28.04.2021 00:47:35.953 GMT+0200,157.536,157.49,0.0177,0.0223
28.04.2021 00:49:03.155 GMT+0200,157.509,157.463,0.0177,0.0223
28.04.2021 00:52:38.622 GMT+0200,157.509,157.465,0.0177,0.0223
28.04.2021 00:55:06.375 GMT+0200,157.507,157.459,0.0177,0.0223
28.04.2021 00:57:04.650 GMT+0200,157.537,157.496,0.0177,0.0223
28.04.2021 01:00:00.070 GMT+0200,157.536,157.489,0.0177,0.0223
28.04.2021 01:00:00.252 GMT+0200,157.571,157.524,0.0177,0.0223
28.04.2021 01:00:00.439 GMT+0200,157.556,157.512,0.0177,0.0223
28.04.2021 01:00:00.548 GMT+0200,157.539,157.493,0.0177,0.0223
28.04.2021 01:00:15.887 GMT+0200,157.556,157.508,0.0177,0.0223
28.04.2021 01:00:26.323 GMT+0200,157.53799999999998,157.49200000000002,0.0177,0.0223
28.04.2021 01:01:00.114 GMT+0200,157.572,157.52100000000002,0.0177,0.0223
28.04.2021 01:01:27.554 GMT+0200,157.54,157.496,0.0177,0.0223
28.04.2021 01:09:02.711 GMT+0200,157.509,157.46,0.0177,0.0223
28.04.2021 01:11:38.360 GMT+0200,157.478,157.431,0.0177,0.0223
28.04.2021 01:13:02.350 GMT+0200,157.508,157.461,0.0177,0.0223
28.04.2021 01:13:20.350 GMT+0200,157.491,157.446,0.0177,0.0223
28.04.2021 01:13:28.611 GMT+0200,157.509,157.459,0.0177,0.0223
28.04.2021 01:13:50.029 GMT+0200,157.491,157.446,0.0177,0.0223
28.04.2021 01:13:57.577 GMT+0200,157.477,157.43,0.0177,0.0223
28.04.2021 01:14:02.269 GMT+0200,157.506,157.463,0.0177,0.0223
28.04.2021 01:15:01.923 GMT+0200,157.472,157.43,0.0177,0.0223
28.04.2021 01:15:02.395 GMT+0200,157.509,157.459,0.0177,0.0223
28.04.2021 01:15:49.983 GMT+0200,157.476,157.43,0.0177,0.0223
28.04.2021 01:16:01.552 GMT+0200,157.48700000000002,157.445,0.0177,0.0223
28.04.2021 01:16:01.660 GMT+0200,157.477,157.431,0.0177,0.0223
28.04.2021 01:16:02.960 GMT+0200,157.49200000000002,157.445,0.0177,0.0223
28.04.2021 01:16:08.111 GMT+0200,157.503,157.465,0.0177,0.0223
28.04.2021 01:19:07.869 GMT+0200,157.503,157.46,0.0177,0.0223
28.04.2021 01:19:25.963 GMT+0200,157.489,157.445,0.0177,0.0223
28.04.2021 01:20:18.177 GMT+0200,157.476,157.428,0.0177,0.0223
28.04.2021 01:21:00.305 GMT+0200,157.48700000000002,157.449,0.0177,0.0223
28.04.2021 01:21:00.509 GMT+0200,157.478,157.434,0.0177,0.0223
28.04.2021 01:21:15.729 GMT+0200,157.445,157.399,0.0177,0.0223
28.04.2021 01:21:24.540 GMT+0200,157.472,157.434,0.0177,0.0223
28.04.2021 01:24:34.987 GMT+0200,157.477,157.43200000000002,0.0177,0.0223
28.04.2021 01:25:28.723 GMT+0200,157.505,157.465,0.0177,0.0223
28.04.2021 01:25:45.844 GMT+0200,157.475,157.42700000000002,0.0177,0.0223
28.04.2021 01:27:59.349 GMT+0200,157.475,157.43,0.0177,0.0223
28.04.2021 01:36:32.540 GMT+0200,157.478,157.429,0.0177,0.0223
28.04.2021 01:39:01.239 GMT+0200,157.479,157.434,0.0177,0.0223
28.04.2021 01:43:19.990 GMT+0200,157.479,157.434,0.0177,0.0223
28.04.2021 01:45:06.868 GMT+0200,157.507,157.465,0.0177,0.0223
28.04.2021 01:45:42.488 GMT+0200,157.49,157.444,0.0177,0.0223
28.04.2021 01:45:42.589 GMT+0200,157.477,157.43,0.0177,0.0223
28.04.2021 01:47:06.291 GMT+0200,157.478,157.431,0.0177,0.0223
28.04.2021 01:53:29.924 GMT+0200,157.475,157.43,0.0177,0.0223
28.04.2021 01:55:48.355 GMT+0200,157.477,157.434,0.0177,0.0223
28.04.2021 01:57:02.243 GMT+0200,157.479,157.43200000000002,0.0177,0.0223
28.04.2021 02:00:19.070 GMT+0200,157.508,157.461,0.0177,0.0223
28.04.2021 02:01:06.080 GMT+0200,157.48700000000002,157.444,0.0177,0.0223
28.04.2021 02:01:06.191 GMT+0200,157.479,157.428,0.0177,0.0223
28.04.2021 02:01:20.679 GMT+0200,157.49,157.44299999999998,0.0177,0.0223
28.04.2021 02:01:24.967 GMT+0200,157.479,157.429,0.0177,0.0223
28.04.2021 02:01:31.193 GMT+0200,157.508,157.461,0.0177,0.0223
28.04.2021 02:01:35.024 GMT+0200,157.491,157.446,0.0177,0.0223
28.04.2021 02:01:35.136 GMT+0200,157.472,157.429,0.0177,0.0223
28.04.2021 02:03:54.025 GMT+0200,157.508,157.46200000000002,0.0177,0.0223
28.04.2021 02:04:15.390 GMT+0200,157.475,157.434,0.0177,0.0223
28.04.2021 02:06:14.919 GMT+0200,157.508,157.46200000000002,0.0177,0.0223
28.04.2021 02:06:22.776 GMT+0200,157.478,157.434,0.0177,0.0223
28.04.2021 02:06:30.827 GMT+0200,157.508,157.46200000000002,0.0177,0.0223
28.04.2021 02:06:37.166 GMT+0200,157.479,157.428,0.0177,0.0223
28.04.2021 02:06:39.722 GMT+0200,157.49200000000002,157.446,0.0177,0.0223
28.04.2021 02:06:42.620 GMT+0200,157.508,157.465,0.0177,0.0223
28.04.2021 02:06:51.745 GMT+0200,157.477,157.43,0.0177,0.0223
28.04.2021 02:06:57.723 GMT+0200,157.51,157.46,0.0177,0.0223
28.04.2021 02:07:00.876 GMT+0200,157.476,157.429,0.0177,0.0223
28.04.2021 02:13:59.430 GMT+0200,157.445,157.395,0.0177,0.0223
28.04.2021 02:14:05.309 GMT+0200,157.416,157.36700000000002,0.0177,0.0223
28.04.2021 02:14:21.549 GMT+0200,157.38,157.33700000000002,0.0177,0.0223
28.04.2021 02:14:22.798 GMT+0200,157.349,157.305,0.0177,0.0223
28.04.2021 02:14:22.981 GMT+0200,157.38,157.334,0.0177,0.0223
28.04.2021 02:15:05.446 GMT+0200,157.412,157.364,0.0177,0.0223
28.04.2021 02:15:17.205 GMT+0200,157.38,157.336,0.0177,0.0223
28.04.2021 02:15:43.799 GMT+0200,157.351,157.30700000000002,0.0177,0.0223
28.04.2021 02:15:50.272 GMT+0200,157.384,157.334,0.0177,0.0223
28.04.2021 02:15:54.783 GMT+0200,157.35,157.306,0.0177,0.0223
28.04.2021 02:16:00.106 GMT+0200,157.385,157.336,0.0177,0.0223
28.04.2021 02:16:00.273 GMT+0200,157.368,157.317,0.0177,0.0223
28.04.2021 02:16:00.391 GMT+0200,157.384,157.34,0.0177,0.0223
28.04.2021 02:16:31.194 GMT+0200,157.347,157.305,0.0177,0.0223
28.04.2021 02:16:41.883 GMT+0200,157.38,157.336,0.0177,0.0223
28.04.2021 02:16:54.663 GMT+0200,157.35,157.305,0.0177,0.0223
28.04.2021 02:16:59.185 GMT+0200,157.382,157.334,0.0177,0.0223
28.04.2021 02:17:35.061 GMT+0200,157.351,157.30700000000002,0.0177,0.0223
28.04.2021 02:17:35.418 GMT+0200,157.36200000000002,157.32,0.0177,0.0223
28.04.2021 02:17:36.179 GMT+0200,157.354,157.303,0.0177,0.0223
28.04.2021 02:18:29.412 GMT+0200,157.385,157.336,0.0177,0.0223
28.04.2021 02:18:29.582 GMT+0200,157.364,157.321,0.0177,0.0223
28.04.2021 02:18:31.272 GMT+0200,157.385,157.333,0.0177,0.0223
28.04.2021 02:18:32.784 GMT+0200,157.347,157.30200000000002,0.0177,0.0223
28.04.2021 02:18:35.066 GMT+0200,157.36700000000002,157.31799999999998,0.0177,0.0223
28.04.2021 02:18:35.184 GMT+0200,157.383,157.338,0.0177,0.0223
28.04.2021 02:18:49.725 GMT+0200,157.351,157.309,0.0177,0.0223
28.04.2021 02:18:49.880 GMT+0200,157.383,157.33700000000002,0.0177,0.0223
28.04.2021 02:19:44.750 GMT+0200,157.349,157.306,0.0177,0.0223
28.04.2021 02:20:05.432 GMT+0200,157.385,157.334,0.0177,0.0223
28.04.2021 02:20:05.771 GMT+0200,157.36700000000002,157.31799999999998,0.0177,0.0223
28.04.2021 02:20:05.936 GMT+0200,157.383,157.338,0.0177,0.0223
28.04.2021 02:20:06.039 GMT+0200,157.368,157.321,0.0177,0.0223
28.04.2021 02:20:09.231 GMT+0200,157.383,157.334,0.0177,0.0223
28.04.2021 02:20:11.757 GMT+0200,157.365,157.31799999999998,0.0177,0.0223
28.04.2021 02:20:11.878 GMT+0200,157.384,157.333,0.0177,0.0223
28.04.2021 02:20:40.335 GMT+0200,157.369,157.322,0.0177,0.0223
28.04.2021 02:20:40.603 GMT+0200,157.381,157.33700000000002,0.0177,0.0223
28.04.2021 02:23:09.271 GMT+0200,157.353,157.305,0.0177,0.0223
28.04.2021 02:23:10.750 GMT+0200,157.382,157.334,0.0177,0.0223
28.04.2021 02:24:09.819 GMT+0200,157.35,157.305,0.0177,0.0223
28.04.2021 02:25:10.666 GMT+0200,157.317,157.274,0.0177,0.0223
28.04.2021 02:25:11.724 GMT+0200,157.347,157.304,0.0177,0.0223
28.04.2021 02:25:15.371 GMT+0200,157.321,157.274,0.0177,0.0223
28.04.2021 02:25:15.547 GMT+0200,157.351,157.30200000000002,0.0177,0.0223
28.04.2021 02:25:15.722 GMT+0200,157.319,157.27,0.0177,0.0223
28.04.2021 02:25:16.491 GMT+0200,157.354,157.305,0.0177,0.0223
28.04.2021 02:25:26.253 GMT+0200,157.317,157.27200000000002,0.0177,0.0223
28.04.2021 02:25:26.458 GMT+0200,157.33700000000002,157.287,0.0177,0.0223
28.04.2021 02:25:26.559 GMT+0200,157.31799999999998,157.273,0.0177,0.0223
28.04.2021 02:25:33.054 GMT+0200,157.354,157.306,0.0177,0.0223
28.04.2021 02:25:48.645 GMT+0200,157.321,157.275,0.0177,0.0223
28.04.2021 02:26:04.196 GMT+0200,157.347,157.309,0.0177,0.0223
28.04.2021 02:26:05.156 GMT+0200,157.317,157.274,0.0177,0.0223
28.04.2021 02:26:16.603 GMT+0200,157.352,157.306,0.0177,0.0223
28.04.2021 02:27:28.452 GMT+0200,157.33700000000002,157.289,0.0177,0.0223
28.04.2021 02:27:29.826 GMT+0200,157.352,157.30700000000002,0.0177,0.0223
28.04.2021 02:27:29.956 GMT+0200,157.317,157.275,0.0177,0.0223
28.04.2021 02:27:30.062 GMT+0200,157.334,157.287,0.0177,0.0223
28.04.2021 02:27:30.390 GMT+0200,157.317,157.27200000000002,0.0177,0.0223
28.04.2021 02:27:40.046 GMT+0200,157.35,157.306,0.0177,0.0223
28.04.2021 02:28:05.908 GMT+0200,157.317,157.27200000000002,0.0177,0.0223
28.04.2021 02:28:06.829 GMT+0200,157.349,157.304,0.0177,0.0223
28.04.2021 02:29:41.807 GMT+0200,157.322,157.273,0.0177,0.0223
28.04.2021 02:29:43.564 GMT+0200,157.349,157.303,0.0177,0.0223
28.04.2021 02:30:00.204 GMT+0200,157.319,157.273,0.0177,0.0223
28.04.2021 02:30:31.180 GMT+0200,157.353,157.30200000000002,0.0177,0.0223
28.04.2021 02:32:30.349 GMT+0200,157.319,157.27,0.0177,0.0223
28.04.2021 02:32:34.016 GMT+0200,157.33700000000002,157.291,0.0177,0.0223
28.04.2021 02:32:34.222 GMT+0200,157.353,157.30700000000002,0.0177,0.0223
28.04.2021 02:32:47.219 GMT+0200,157.31799999999998,157.27200000000002,0.0177,0.0223
28.04.2021 02:32:50.282 GMT+0200,157.352,157.305,0.0177,0.0223
28.04.2021 02:33:04.808 GMT+0200,157.33700000000002,157.291,0.0177,0.0223
28.04.2021 02:33:10.114 GMT+0200,157.31799999999998,157.274,0.0177,0.0223
28.04.2021 02:33:10.296 GMT+0200,157.333,157.28799999999998,0.0177,0.0223
28.04.2021 02:33:18.712 GMT+0200,157.315,157.27100000000002,0.0177,0.0223
28.04.2021 02:33:18.933 GMT+0200,157.353,157.303,0.0177,0.0223
28.04.2021 02:33:35.920 GMT+0200,157.31799999999998,157.27,0.0177,0.0223
28.04.2021 02:33:40.520 GMT+0200,157.33100000000002,157.286,0.0177,0.0223
28.04.2021 02:33:40.857 GMT+0200,157.321,157.275,0.0177,0.0223
28.04.2021 02:33:54.656 GMT+0200,157.351,157.303,0.0177,0.0223
28.04.2021 02:33:55.234 GMT+0200,157.32,157.27700000000002,0.0177,0.0223
28.04.2021 02:33:57.745 GMT+0200,157.33700000000002,157.286,0.0177,0.0223
28.04.2021 02:34:00.779 GMT+0200,157.321,157.274,0.0177,0.0223
28.04.2021 02:35:43.125 GMT+0200,157.291,157.243,0.0177,0.0223
28.04.2021 02:35:45.336 GMT+0200,157.319,157.27700000000002,0.0177,0.0223
28.04.2021 02:38:25.342 GMT+0200,157.29,157.239,0.0177,0.0223
28.04.2021 02:38:28.369 GMT+0200,157.322,157.27700000000002,0.0177,0.0223
28.04.2021 02:38:28.838 GMT+0200,157.28799999999998,157.243,0.0177,0.0223
28.04.2021 02:39:12.921 GMT+0200,157.253,157.211,0.0177,0.0223
28.04.2021 02:39:13.079 GMT+0200,157.284,157.246,0.0177,0.0223
28.04.2021 02:39:13.367 GMT+0200,157.258,157.208,0.0177,0.0223
28.04.2021 02:39:13.696 GMT+0200,157.291,157.239,0.0177,0.0223
28.04.2021 02:39:17.765 GMT+0200,157.26,157.21200000000002,0.0177,0.0223
28.04.2021 02:39:17.900 GMT+0200,157.276,157.227,0.0177,0.0223
28.04.2021 02:39:19.861 GMT+0200,157.253,157.209,0.0177,0.0223
28.04.2021 02:44:32.524 GMT+0200,157.287,157.24200000000002,0.0177,0.0223
28.04.2021 02:46:38.081 GMT+0200,157.321,157.27700000000002,0.0177,0.0223
28.04.2021 02:49:19.940 GMT+0200,157.347,157.309,0.0177,0.0223
28.04.2021 02:49:27.026 GMT+0200,157.321,157.27200000000002,0.0177,0.0223
28.04.2021 02:51:26.214 GMT+0200,157.321,157.27,0.0177,0.0223
28.04.2021 02:54:37.564 GMT+0200,157.352,157.30200000000002,0.0177,0.0223
28.04.2021 02:54:46.947 GMT+0200,157.319,157.275,0.0177,0.0223
28.04.2021 02:54:51.964 GMT+0200,157.349,157.305,0.0177,0.0223
28.04.2021 02:54:52.197 GMT+0200,157.336,157.291,0.0177,0.0223
28.04.2021 02:54:52.331 GMT+0200,157.32,157.27700000000002,0.0177,0.0223
28.04.2021 02:55:22.162 GMT+0200,157.354,157.304,0.0177,0.0223
28.04.2021 02:55:45.294 GMT+0200,157.317,157.274,0.0177,0.0223
28.04.2021 02:55:57.306 GMT+0200,157.349,157.309,0.0177,0.0223
28.04.2021 02:55:57.503 GMT+0200,157.33100000000002,157.29,0.0177,0.0223
28.04.2021 02:56:35.369 GMT+0200,157.352,157.309,0.0177,0.0223
28.04.2021 02:56:38.698 GMT+0200,157.315,157.275,0.0177,0.0223
28.04.2021 03:00:09.529 GMT+0200,157.349,157.304,0.0177,0.0223
28.04.2021 03:00:10.685 GMT+0200,157.31799999999998,157.273,0.0177,0.0223
28.04.2021 03:01:03.798 GMT+0200,157.335,157.291,0.0177,0.0223
28.04.2021 03:01:04.022 GMT+0200,157.347,157.30700000000002,0.0177,0.0223
28.04.2021 03:01:06.928 GMT+0200,157.322,157.27,0.0177,0.0223
28.04.2021 03:01:07.034 GMT+0200,157.334,157.293,0.0177,0.0223
28.04.2021 03:01:15.660 GMT+0200,157.32,157.275,0.0177,0.0223
28.04.2021 03:01:18.391 GMT+0200,157.353,157.306,0.0177,0.0223
28.04.2021 03:01:18.586 GMT+0200,157.336,157.28799999999998,0.0177,0.0223
28.04.2021 03:01:29.160 GMT+0200,157.354,157.306,0.0177,0.0223
28.04.2021 03:01:45.497 GMT+0200,157.31799999999998,157.273,0.0177,0.0223
28.04.2021 03:02:06.391 GMT+0200,157.354,157.30700000000002,0.0177,0.0223
28.04.2021 03:02:06.510 GMT+0200,157.333,157.286,0.0177,0.0223
28.04.2021 03:02:11.686 GMT+0200,157.31799999999998,157.27,0.0177,0.0223
28.04.2021 03:02:12.954 GMT+0200,157.353,157.304,0.0177,0.0223
28.04.2021 03:02:21.102 GMT+0200,157.315,157.275,0.0177,0.0223
28.04.2021 03:02:22.498 GMT+0200,157.35,157.305,0.0177,0.0223
28.04.2021 03:02:23.199 GMT+0200,157.333,157.287,0.0177,0.0223
28.04.2021 03:02:34.409 GMT+0200,157.352,157.303,0.0177,0.0223
28.04.2021 03:02:35.316 GMT+0200,157.315,157.273,0.0177,0.0223
28.04.2021 03:02:36.630 GMT+0200,157.351,157.306,0.0177,0.0223
28.04.2021 03:02:36.745 GMT+0200,157.334,157.286,0.0177,0.0223
28.04.2021 03:02:37.896 GMT+0200,157.349,157.304,0.0177,0.0223
28.04.2021 03:02:45.223 GMT+0200,157.32,157.27700000000002,0.0177,0.0223
28.04.2021 03:03:02.029 GMT+0200,157.354,157.306,0.0177,0.0223
28.04.2021 03:07:23.925 GMT+0200,157.353,157.303,0.0177,0.0223
28.04.2021 03:09:28.512 GMT+0200,157.349,157.303,0.0177,0.0223
28.04.2021 03:10:42.610 GMT+0200,157.353,157.30700000000002,0.0177,0.0223
28.04.2021 03:13:06.417 GMT+0200,157.378,157.336,0.0177,0.0223
28.04.2021 03:13:19.446 GMT+0200,157.381,157.34,0.0177,0.0223
28.04.2021 03:13:53.406 GMT+0200,157.409,157.364,0.0177,0.0223
28.04.2021 03:13:53.515 GMT+0200,157.398,157.356,0.0177,0.0223
28.04.2021 03:13:54.002 GMT+0200,157.378,157.334,0.0177,0.0223
28.04.2021 03:14:02.237 GMT+0200,157.415,157.369,0.0177,0.0223
28.04.2021 03:14:02.338 GMT+0200,157.401,157.356,0.0177,0.0223
28.04.2021 03:14:03.986 GMT+0200,157.38,157.334,0.0177,0.0223
28.04.2021 03:14:08.999 GMT+0200,157.41299999999998,157.368,0.0177,0.0223
28.04.2021 03:14:51.240 GMT+0200,157.383,157.333,0.0177,0.0223
28.04.2021 03:14:59.348 GMT+0200,157.416,157.364,0.0177,0.0223
28.04.2021 03:14:59.563 GMT+0200,157.4,157.352,0.0177,0.0223
28.04.2021 03:15:00.142 GMT+0200,157.414,157.368,0.0177,0.0223
28.04.2021 03:15:03.761 GMT+0200,157.447,157.398,0.0177,0.0223
28.04.2021 03:15:47.429 GMT+0200,157.414,157.364,0.0177,0.0223
28.04.2021 03:16:24.042 GMT+0200,157.384,157.33700000000002,0.0177,0.0223
28.04.2021 03:16:45.175 GMT+0200,157.414,157.36700000000002,0.0177,0.0223
28.04.2021 03:17:05.346 GMT+0200,157.378,157.336,0.0177,0.0223
28.04.2021 03:17:35.827 GMT+0200,157.41299999999998,157.371,0.0177,0.0223
28.04.2021 03:19:59.063 GMT+0200,157.381,157.33700000000002,0.0177,0.0223
28.04.2021 03:20:23.991 GMT+0200,157.41299999999998,157.366,0.0177,0.0223
28.04.2021 03:20:25.213 GMT+0200,157.401,157.354,0.0177,0.0223
28.04.2021 03:20:26.237 GMT+0200,157.415,157.36700000000002,0.0177,0.0223
28.04.2021 03:20:41.531 GMT+0200,157.381,157.335,0.0177,0.0223
28.04.2021 03:21:07.604 GMT+0200,157.411,157.365,0.0177,0.0223
28.04.2021 03:21:35.248 GMT+0200,157.378,157.333,0.0177,0.0223
28.04.2021 03:23:28.699 GMT+0200,157.382,157.333,0.0177,0.0223
28.04.2021 03:26:14.920 GMT+0200,157.383,157.336,0.0177,0.0223
28.04.2021 03:30:00.625 GMT+0200,157.409,157.365,0.0177,0.0223
28.04.2021 03:30:06.040 GMT+0200,157.44,157.39700000000002,0.0177,0.0223
28.04.2021 03:30:08.460 GMT+0200,157.476,157.431,0.0177,0.0223
28.04.2021 03:30:22.861 GMT+0200,157.508,157.465,0.0177,0.0223
28.04.2021 03:30:36.542 GMT+0200,157.478,157.43,0.0177,0.0223
28.04.2021 03:30:37.616 GMT+0200,157.44,157.395,0.0177,0.0223
28.04.2021 03:30:38.221 GMT+0200,157.472,157.429,0.0177,0.0223
28.04.2021 03:31:02.917 GMT+0200,157.444,157.399,0.0177,0.0223
28.04.2021 03:31:03.897 GMT+0200,157.475,157.431,0.0177,0.0223
28.04.2021 03:31:09.987 GMT+0200,157.44299999999998,157.39700000000002,0.0177,0.0223
28.04.2021 03:31:10.439 GMT+0200,157.479,157.42700000000002,0.0177,0.0223
28.04.2021 03:31:10.744 GMT+0200,157.447,157.395,0.0177,0.0223
28.04.2021 03:31:11.801 GMT+0200,157.476,157.43200000000002,0.0177,0.0223
28.04.2021 03:31:11.902 GMT+0200,157.46200000000002,157.41299999999998,0.0177,0.0223
28.04.2021 03:31:13.666 GMT+0200,157.472,157.428,0.0177,0.0223
28.04.2021 03:32:02.261 GMT+0200,157.509,157.458,0.0177,0.0223
28.04.2021 03:32:06.190 GMT+0200,157.494,157.445,0.0177,0.0223
28.04.2021 03:32:11.234 GMT+0200,157.477,157.428,0.0177,0.0223
28.04.2021 03:32:46.887 GMT+0200,157.51,157.463,0.0177,0.0223
28.04.2021 03:32:49.055 GMT+0200,157.472,157.434,0.0177,0.0223
28.04.2021 03:32:52.107 GMT+0200,157.503,157.46,0.0177,0.0223
28.04.2021 03:32:52.932 GMT+0200,157.472,157.429,0.0177,0.0223
28.04.2021 03:33:36.955 GMT+0200,157.508,157.465,0.0177,0.0223
28.04.2021 03:33:37.703 GMT+0200,157.475,157.43200000000002,0.0177,0.0223
28.04.2021 03:33:39.111 GMT+0200,157.503,157.46200000000002,0.0177,0.0223
28.04.2021 03:33:45.985 GMT+0200,157.478,157.43,0.0177,0.0223
28.04.2021 03:33:46.092 GMT+0200,157.509,157.46200000000002,0.0177,0.0223
28.04.2021 03:33:48.310 GMT+0200,157.475,157.431,0.0177,0.0223
28.04.2021 03:34:05.409 GMT+0200,157.508,157.463,0.0177,0.0223
28.04.2021 03:34:08.605 GMT+0200,157.478,157.434,0.0177,0.0223
28.04.2021 03:34:15.617 GMT+0200,157.507,157.463,0.0177,0.0223
28.04.2021 03:34:17.262 GMT+0200,157.474,157.42700000000002,0.0177,0.0223
28.04.2021 03:34:22.055 GMT+0200,157.507,157.458,0.0177,0.0223
28.04.2021 03:34:22.157 GMT+0200,157.494,157.446,0.0177,0.0223
28.04.2021 03:34:28.613 GMT+0200,157.506,157.461,0.0177,0.0223
28.04.2021 03:34:29.006 GMT+0200,157.477,157.42700000000002,0.0177,0.0223
28.04.2021 03:34:32.506 GMT+0200,157.51,157.463,0.0177,0.0223
28.04.2021 03:35:38.839 GMT+0200,157.49200000000002,157.447,0.0177,0.0223
28.04.2021 03:35:40.938 GMT+0200,157.479,157.42700000000002,0.0177,0.0223
28.04.2021 03:36:37.716 GMT+0200,157.446,157.395,0.0177,0.0223
28.04.2021 03:36:38.138 GMT+0200,157.472,157.429,0.0177,0.0223
28.04.2021 03:36:38.908 GMT+0200,157.44,157.39600000000002,0.0177,0.0223
28.04.2021 03:37:02.741 GMT+0200,157.479,157.428,0.0177,0.0223
28.04.2021 03:37:12.136 GMT+0200,157.458,157.414,0.0177,0.0223
28.04.2021 03:37:18.545 GMT+0200,157.442,157.39700000000002,0.0177,0.0223
28.04.2021 03:40:56.461 GMT+0200,157.415,157.369,0.0177,0.0223
28.04.2021 03:41:01.180 GMT+0200,157.444,157.395,0.0177,0.0223
28.04.2021 03:42:17.203 GMT+0200,157.425,157.381,0.0177,0.0223
28.04.2021 03:42:17.705 GMT+0200,157.442,157.39600000000002,0.0177,0.0223
28.04.2021 03:42:21.568 GMT+0200,157.41299999999998,157.369,0.0177,0.0223
28.04.2021 03:43:03.323 GMT+0200,157.442,157.398,0.0177,0.0223
28.04.2021 03:51:02.267 GMT+0200,157.478,157.429,0.0177,0.0223
28.04.2021 03:53:23.228 GMT+0200,157.447,157.398,0.0177,0.0223
28.04.2021 03:57:44.775 GMT+0200,157.416,157.36700000000002,0.0177,0.0223
28.04.2021 03:57:44.946 GMT+0200,157.425,157.38,0.0177,0.0223
28.04.2021 03:57:45.529 GMT+0200,157.446,157.40200000000002,0.0177,0.0223
28.04.2021 03:57:45.682 GMT+0200,157.43,157.382,0.0177,0.0223
28.04.2021 03:57:59.333 GMT+0200,157.44299999999998,157.39700000000002,0.0177,0.0223
28.04.2021 04:00:21.752 GMT+0200,157.411,157.369,0.0177,0.0223
28.04.2021 04:00:21.913 GMT+0200,157.429,157.383,0.0177,0.0223
28.04.2021 04:00:26.733 GMT+0200,157.415,157.365,0.0177,0.0223
28.04.2021 04:00:30.703 GMT+0200,157.44299999999998,157.4,0.0177,0.0223
28.04.2021 04:00:42.848 GMT+0200,157.43,157.38,0.0177,0.0223
28.04.2021 04:00:43.054 GMT+0200,157.447,157.39600000000002,0.0177,0.0223
28.04.2021 04:00:49.854 GMT+0200,157.425,157.381,0.0177,0.0223
28.04.2021 04:00:51.307 GMT+0200,157.442,157.39600000000002,0.0177,0.0223
28.04.2021 04:00:53.401 GMT+0200,157.415,157.366,0.0177,0.0223
28.04.2021 04:01:02.263 GMT+0200,157.429,157.381,0.0177,0.0223
28.04.2021 04:01:04.089 GMT+0200,157.41299999999998,157.365,0.0177,0.0223
28.04.2021 04:01:42.364 GMT+0200,157.442,157.40200000000002,0.0177,0.0223
28.04.2021 04:01:51.699 GMT+0200,157.409,157.36700000000002,0.0177,0.0223
28.04.2021 04:02:00.502 GMT+0200,157.43,157.382,0.0177,0.0223
28.04.2021 04:02:02.233 GMT+0200,157.415,157.365,0.0177,0.0223
28.04.2021 04:02:04.754 GMT+0200,157.444,157.395,0.0177,0.0223
28.04.2021 04:03:02.678 GMT+0200,157.416,157.365,0.0177,0.0223
28.04.2021 04:03:59.270 GMT+0200,157.447,157.40200000000002,0.0177,0.0223
28.04.2021 04:06:51.857 GMT+0200,157.41299999999998,157.368,0.0177,0.0223
28.04.2021 04:07:10.913 GMT+0200,157.445,157.39700000000002,0.0177,0.0223
28.04.2021 04:07:12.024 GMT+0200,157.43,157.383,0.0177,0.0223
28.04.2021 04:07:12.142 GMT+0200,157.41299999999998,157.368,0.0177,0.0223
28.04.2021 04:07:27.835 GMT+0200,157.44,157.40200000000002,0.0177,0.0223
28.04.2021 04:07:33.072 GMT+0200,157.409,157.36700000000002,0.0177,0.0223
28.04.2021 04:08:02.276 GMT+0200,157.446,157.399,0.0177,0.0223
28.04.2021 04:11:55.635 GMT+0200,157.42700000000002,157.385,0.0177,0.0223
28.04.2021 04:11:56.353 GMT+0200,157.41299999999998,157.36700000000002,0.0177,0.0223
28.04.2021 04:12:07.312 GMT+0200,157.446,157.39600000000002,0.0177,0.0223
28.04.2021 04:12:18.810 GMT+0200,157.425,157.383,0.0177,0.0223
28.04.2021 04:12:20.856 GMT+0200,157.415,157.368,0.0177,0.0223
28.04.2021 04:12:20.971 GMT+0200,157.431,157.382,0.0177,0.0223
28.04.2021 04:12:21.073 GMT+0200,157.444,157.4,0.0177,0.0223
28.04.2021 04:12:23.430 GMT+0200,157.411,157.369,0.0177,0.0223
28.04.2021 04:14:59.155 GMT+0200,157.44299999999998,157.40200000000002,0.0177,0.0223
28.04.2021 04:18:08.175 GMT+0200,157.475,157.431,0.0177,0.0223
28.04.2021 04:18:40.057 GMT+0200,157.503,157.463,0.0177,0.0223
28.04.2021 04:19:25.049 GMT+0200,157.475,157.434,0.0177,0.0223
28.04.2021 04:19:27.276 GMT+0200,157.505,157.46,0.0177,0.0223
28.04.2021 04:20:54.693 GMT+0200,157.476,157.429,0.0177,0.0223
28.04.2021 04:20:54.798 GMT+0200,157.509,157.465,0.0177,0.0223
28.04.2021 04:21:00.653 GMT+0200,157.478,157.431,0.0177,0.0223
28.04.2021 04:21:10.964 GMT+0200,157.49,157.444,0.0177,0.0223
28.04.2021 04:21:13.613 GMT+0200,157.508,157.459,0.0177,0.0223
28.04.2021 04:22:10.259 GMT+0200,157.479,157.434,0.0177,0.0223
28.04.2021 04:24:44.608 GMT+0200,157.472,157.431,0.0177,0.0223
28.04.2021 04:27:22.804 GMT+0200,157.508,157.465,0.0177,0.0223
28.04.2021 04:28:19.586 GMT+0200,157.475,157.434,0.0177,0.0223
28.04.2021 04:28:20.765 GMT+0200,157.503,157.465,0.0177,0.0223
28.04.2021 04:31:21.386 GMT+0200,157.477,157.429,0.0177,0.0223
28.04.2021 04:32:05.820 GMT+0200,157.509,157.465,0.0177,0.0223
28.04.2021 04:32:08.747 GMT+0200,157.474,157.43200000000002,0.0177,0.0223
28.04.2021 04:32:08.855 GMT+0200,157.49,157.447,0.0177,0.0223
28.04.2021 04:32:09.011 GMT+0200,157.509,157.465,0.0177,0.0223
28.04.2021 04:32:11.767 GMT+0200,157.475,157.43200000000002,0.0177,0.0223
28.04.2021 04:33:02.360 GMT+0200,157.49200000000002,157.442,0.0177,0.0223
28.04.2021 04:33:04.003 GMT+0200,157.508,157.458,0.0177,0.0223
28.04.2021 04:33:31.042 GMT+0200,157.474,157.428,0.0177,0.0223
28.04.2021 04:37:03.825 GMT+0200,157.51,157.458,0.0177,0.0223
28.04.2021 04:37:15.155 GMT+0200,157.477,157.43200000000002,0.0177,0.0223
28.04.2021 04:37:20.289 GMT+0200,157.507,157.465,0.0177,0.0223
28.04.2021 04:37:21.873 GMT+0200,157.475,157.43,0.0177,0.0223
28.04.2021 04:38:20.322 GMT+0200,157.51,157.46200000000002,0.0177,0.0223
28.04.2021 04:38:35.776 GMT+0200,157.478,157.431,0.0177,0.0223
28.04.2021 04:40:05.348 GMT+0200,157.506,157.458,0.0177,0.0223
28.04.2021 04:40:31.892 GMT+0200,157.476,157.428,0.0177,0.0223
28.04.2021 04:42:42.088 GMT+0200,157.474,157.428,0.0177,0.0223
28.04.2021 04:43:05.988 GMT+0200,157.51,157.461,0.0177,0.0223
28.04.2021 04:43:32.486 GMT+0200,157.493,157.44299999999998,0.0177,0.0223
28.04.2021 04:43:32.604 GMT+0200,157.476,157.42700000000002,0.0177,0.0223
28.04.2021 04:44:02.432 GMT+0200,157.493,157.449,0.0177,0.0223
28.04.2021 04:44:12.745 GMT+0200,157.479,157.429,0.0177,0.0223
28.04.2021 04:44:12.898 GMT+0200,157.493,157.447,0.0177,0.0223
28.04.2021 04:44:30.056 GMT+0200,157.506,157.461,0.0177,0.0223
28.04.2021 04:46:32.200 GMT+0200,157.476,157.434,0.0177,0.0223
28.04.2021 04:50:19.407 GMT+0200,157.44,157.40200000000002,0.0177,0.0223
28.04.2021 04:50:23.862 GMT+0200,157.46200000000002,157.412,0.0177,0.0223
28.04.2021 04:50:23.972 GMT+0200,157.478,157.43,0.0177,0.0223
28.04.2021 04:50:26.528 GMT+0200,157.44,157.395,0.0177,0.0223
28.04.2021 04:53:02.357 GMT+0200,157.463,157.41299999999998,0.0177,0.0223
28.04.2021 04:53:02.514 GMT+0200,157.472,157.43,0.0177,0.0223
28.04.2021 04:55:00.928 GMT+0200,157.478,157.434,0.0177,0.0223
28.04.2021 04:55:07.051 GMT+0200,157.51,157.459,0.0177,0.0223
28.04.2021 04:57:09.584 GMT+0200,157.505,157.458,0.0177,0.0223
28.04.2021 04:58:34.671 GMT+0200,157.507,157.459,0.0177,0.0223
28.04.2021 05:05:19.755 GMT+0200,157.494,157.442,0.0177,0.0223
28.04.2021 05:05:19.860 GMT+0200,157.479,157.434,0.0177,0.0223
28.04.2021 05:15:38.256 GMT+0200,157.474,157.428,0.0177,0.0223
28.04.2021 05:18:32.497 GMT+0200,157.509,157.463,0.0177,0.0223
28.04.2021 05:22:55.411 GMT+0200,157.506,157.463,0.0177,0.0223
28.04.2021 05:23:26.586 GMT+0200,157.476,157.429,0.0177,0.0223
28.04.2021 05:23:39.094 GMT+0200,157.503,157.46200000000002,0.0177,0.0223
28.04.2021 05:23:41.028 GMT+0200,157.478,157.431,0.0177,0.0223
28.04.2021 05:28:25.095 GMT+0200,157.445,157.4,0.0177,0.0223
28.04.2021 05:29:02.284 GMT+0200,157.475,157.43200000000002,0.0177,0.0223
28.04.2021 05:29:03.218 GMT+0200,157.445,157.395,0.0177,0.0223
28.04.2021 05:29:03.513 GMT+0200,157.45600000000002,157.418,0.0177,0.0223
28.04.2021 05:29:05.136 GMT+0200,157.44299999999998,157.398,0.0177,0.0223
28.04.2021 05:29:29.130 GMT+0200,157.475,157.428,0.0177,0.0223
28.04.2021 05:33:54.120 GMT+0200,157.44,157.39700000000002,0.0177,0.0223
28.04.2021 05:34:01.643 GMT+0200,157.472,157.43,0.0177,0.0223
28.04.2021 05:36:00.264 GMT+0200,157.476,157.431,0.0177,0.0223
28.04.2021 05:37:31.080 GMT+0200,157.447,157.39700000000002,0.0177,0.0223
28.04.2021 05:41:05.390 GMT+0200,157.479,157.431,0.0177,0.0223
28.04.2021 05:41:12.391 GMT+0200,157.442,157.395,0.0177,0.0223
28.04.2021 05:43:06.145 GMT+0200,157.44,157.395,0.0177,0.0223
28.04.2021 05:47:02.726 GMT+0200,157.44299999999998,157.40200000000002,0.0177,0.0223
28.04.2021 05:53:19.415 GMT+0200,157.44,157.398,0.0177,0.0223
28.04.2021 05:56:39.486 GMT+0200,157.44299999999998,157.39600000000002,0.0177,0.0223
28.04.2021 06:02:24.905 GMT+0200,157.446,157.39600000000002,0.0177,0.0223
28.04.2021 06:04:50.291 GMT+0200,157.446,157.4,0.0177,0.0223
28.04.2021 06:09:30.270 GMT+0200,157.44299999999998,157.399,0.0177,0.0223
28.04.2021 06:11:58.231 GMT+0200,157.352,157.309,0.0177,0.0223
28.04.2021 06:11:58.714 GMT+0200,157.382,157.34,0.0177,0.0223
28.04.2021 06:12:46.044 GMT+0200,157.35,157.303,0.0177,0.0223
28.04.2021 06:13:01.492 GMT+0200,157.317,157.27700000000002,0.0177,0.0223
28.04.2021 06:13:06.791 GMT+0200,157.29,157.243,0.0177,0.0223
28.04.2021 06:13:06.917 GMT+0200,157.32,157.27100000000002,0.0177,0.0223
28.04.2021 06:13:07.779 GMT+0200,157.287,157.246,0.0177,0.0223
28.04.2021 06:13:08.053 GMT+0200,157.315,157.27,0.0177,0.0223
28.04.2021 06:13:08.452 GMT+0200,157.29,157.246,0.0177,0.0223
28.04.2021 06:13:09.170 GMT+0200,157.315,157.274,0.0177,0.0223
28.04.2021 06:13:09.883 GMT+0200,157.289,157.243,0.0177,0.0223
28.04.2021 06:13:20.561 GMT+0200,157.253,157.213,0.0177,0.0223
28.04.2021 06:13:53.252 GMT+0200,157.226,157.18,0.0177,0.0223
28.04.2021 06:13:56.140 GMT+0200,157.253,157.21,0.0177,0.0223
28.04.2021 06:14:00.771 GMT+0200,157.289,157.24200000000002,0.0177,0.0223
28.04.2021 06:14:40.051 GMT+0200,157.31799999999998,157.275,0.0177,0.0223
28.04.2021 06:14:41.462 GMT+0200,157.333,157.286,0.0177,0.0223
28.04.2021 06:14:41.570 GMT+0200,157.315,157.27100000000002,0.0177,0.0223
28.04.2021 06:14:42.668 GMT+0200,157.353,157.30200000000002,0.0177,0.0223
28.04.2021 06:14:45.304 GMT+0200,157.317,157.27100000000002,0.0177,0.0223
28.04.2021 06:15:44.567 GMT+0200,157.351,157.304,0.0177,0.0223
28.04.2021 06:15:44.924 GMT+0200,157.317,157.27,0.0177,0.0223
28.04.2021 06:15:52.640 GMT+0200,157.347,157.303,0.0177,0.0223
28.04.2021 06:15:55.172 GMT+0200,157.32,157.275,0.0177,0.0223
28.04.2021 06:15:55.463 GMT+0200,157.33700000000002,157.293,0.0177,0.0223
28.04.2021 06:16:13.767 GMT+0200,157.347,157.309,0.0177,0.0223
28.04.2021 06:16:16.810 GMT+0200,157.31799999999998,157.27700000000002,0.0177,0.0223
28.04.2021 06:16:18.698 GMT+0200,157.352,157.30700000000002,0.0177,0.0223
28.04.2021 06:16:19.248 GMT+0200,157.315,157.27200000000002,0.0177,0.0223
28.04.2021 06:17:02.481 GMT+0200,157.349,157.309,0.0177,0.0223
28.04.2021 06:17:42.385 GMT+0200,157.321,157.27200000000002,0.0177,0.0223
28.04.2021 06:18:19.608 GMT+0200,157.353,157.306,0.0177,0.0223
28.04.2021 06:18:55.497 GMT+0200,157.319,157.275,0.0177,0.0223
28.04.2021 06:20:01.107 GMT+0200,157.352,157.305,0.0177,0.0223
28.04.2021 06:21:25.128 GMT+0200,157.315,157.275,0.0177,0.0223
28.04.2021 06:22:14.917 GMT+0200,157.284,157.244,0.0177,0.0223
28.04.2021 06:22:15.251 GMT+0200,157.3,157.262,0.0177,0.0223
28.04.2021 06:22:15.533 GMT+0200,157.322,157.275,0.0177,0.0223
28.04.2021 06:22:16.058 GMT+0200,157.287,157.239,0.0177,0.0223
28.04.2021 06:22:18.644 GMT+0200,157.31799999999998,157.27200000000002,0.0177,0.0223
28.04.2021 06:23:20.093 GMT+0200,157.286,157.24,0.0177,0.0223
28.04.2021 06:23:21.737 GMT+0200,157.322,157.27200000000002,0.0177,0.0223
28.04.2021 06:24:15.639 GMT+0200,157.3,157.262,0.0177,0.0223
28.04.2021 06:24:19.643 GMT+0200,157.28799999999998,157.241,0.0177,0.0223
28.04.2021 06:24:26.296 GMT+0200,157.315,157.275,0.0177,0.0223
28.04.2021 06:24:27.004 GMT+0200,157.28799999999998,157.24,0.0177,0.0223
28.04.2021 06:26:01.436 GMT+0200,157.321,157.275,0.0177,0.0223
28.04.2021 06:27:29.835 GMT+0200,157.289,157.243,0.0177,0.0223
28.04.2021 06:27:31.293 GMT+0200,157.304,157.262,0.0177,0.0223
28.04.2021 06:27:41.833 GMT+0200,157.315,157.27,0.0177,0.0223
28.04.2021 06:28:19.374 GMT+0200,157.30200000000002,157.262,0.0177,0.0223
28.04.2021 06:28:19.584 GMT+0200,157.28799999999998,157.243,0.0177,0.0223
28.04.2021 06:28:22.617 GMT+0200,157.321,157.273,0.0177,0.0223
28.04.2021 06:29:19.116 GMT+0200,157.291,157.24200000000002,0.0177,0.0223
28.04.2021 06:29:27.455 GMT+0200,157.319,157.275,0.0177,0.0223
28.04.2021 06:30:06.025 GMT+0200,157.291,157.244,0.0177,0.0223
28.04.2021 06:34:33.128 GMT+0200,157.322,157.275,0.0177,0.0223
28.04.2021 06:40:18.828 GMT+0200,157.286,157.246,0.0177,0.0223
28.04.2021 06:42:59.281 GMT+0200,157.28799999999998,157.24200000000002,0.0177,0.0223
28.04.2021 06:49:50.376 GMT+0200,157.31799999999998,157.27100000000002,0.0177,0.0223
28.04.2021 06:49:54.180 GMT+0200,157.28799999999998,157.244,0.0177,0.0223
28.04.2021 06:50:32.381 GMT+0200,157.32,157.27100000000002,0.0177,0.0223
28.04.2021 06:50:34.249 GMT+0200,157.289,157.241,0.0177,0.0223
28.04.2021 06:50:45.674 GMT+0200,157.315,157.273,0.0177,0.0223
28.04.2021 06:51:00.748 GMT+0200,157.287,157.24,0.0177,0.0223
28.04.2021 06:54:02.343 GMT+0200,157.291,157.241,0.0177,0.0223
28.04.2021 06:57:04.219 GMT+0200,157.28799999999998,157.241,0.0177,0.0223
28.04.2021 06:59:02.370 GMT+0200,157.284,157.24,0.0177,0.0223
28.04.2021 06:59:27.153 GMT+0200,157.255,157.208,0.0177,0.0223
28.04.2021 07:00:08.993 GMT+0200,157.224,157.178,0.0177,0.0223
28.04.2021 07:00:10.151 GMT+0200,157.244,157.194,0.0177,0.0223
28.04.2021 07:00:10.918 GMT+0200,157.26,157.21200000000002,0.0177,0.0223
28.04.2021 07:03:22.436 GMT+0200,157.29,157.243,0.0177,0.0223
28.04.2021 07:03:23.806 GMT+0200,157.259,157.208,0.0177,0.0223
28.04.2021 07:11:06.490 GMT+0200,157.226,157.184,0.0177,0.0223
28.04.2021 07:11:07.016 GMT+0200,157.258,157.215,0.0177,0.0223
28.04.2021 07:11:15.294 GMT+0200,157.225,157.181,0.0177,0.0223
28.04.2021 07:12:17.822 GMT+0200,157.241,157.194,0.0177,0.0223
28.04.2021 07:12:20.181 GMT+0200,157.222,157.184,0.0177,0.0223
28.04.2021 07:12:28.377 GMT+0200,157.258,157.213,0.0177,0.0223
28.04.2021 07:14:24.081 GMT+0200,157.227,157.184,0.0177,0.0223
28.04.2021 07:14:24.218 GMT+0200,157.197,157.14700000000002,0.0177,0.0223
28.04.2021 07:14:36.632 GMT+0200,157.225,157.181,0.0177,0.0223
28.04.2021 07:17:02.365 GMT+0200,157.258,157.209,0.0177,0.0223
28.04.2021 07:17:04.558 GMT+0200,157.222,157.184,0.0177,0.0223
28.04.2021 07:17:09.539 GMT+0200,157.258,157.209,0.0177,0.0223
28.04.2021 07:17:09.772 GMT+0200,157.228,157.179,0.0177,0.0223
28.04.2021 07:18:30.832 GMT+0200,157.197,157.15200000000002,0.0177,0.0223
28.04.2021 07:19:02.278 GMT+0200,157.228,157.184,0.0177,0.0223
28.04.2021 07:21:26.518 GMT+0200,157.211,157.162,0.0177,0.0223
28.04.2021 07:21:26.619 GMT+0200,157.228,157.18,0.0177,0.0223
28.04.2021 07:21:35.229 GMT+0200,157.213,157.16299999999998,0.0177,0.0223
28.04.2021 07:21:35.948 GMT+0200,157.225,157.18200000000002,0.0177,0.0223
28.04.2021 07:21:44.786 GMT+0200,157.19,157.148,0.0177,0.0223
28.04.2021 07:22:02.344 GMT+0200,157.226,157.181,0.0177,0.0223
28.04.2021 07:22:02.664 GMT+0200,157.195,157.15,0.0177,0.0223
28.04.2021 07:22:11.532 GMT+0200,157.224,157.18200000000002,0.0177,0.0223
28.04.2021 07:22:59.964 GMT+0200,157.197,157.149,0.0177,0.0223
28.04.2021 07:23:16.013 GMT+0200,157.227,157.18,0.0177,0.0223
28.04.2021 07:25:46.925 GMT+0200,157.196,157.149,0.0177,0.0223
28.04.2021 07:25:55.624 GMT+0200,157.222,157.178,0.0177,0.0223
28.04.2021 07:27:14.366 GMT+0200,157.197,157.145,0.0177,0.0223
28.04.2021 07:28:01.712 GMT+0200,157.224,157.18,0.0177,0.0223
28.04.2021 07:28:07.219 GMT+0200,157.192,157.15,0.0177,0.0223
28.04.2021 07:30:03.332 GMT+0200,157.162,157.121,0.0177,0.0223
28.04.2021 07:30:22.669 GMT+0200,157.19,157.15,0.0177,0.0223
28.04.2021 07:30:25.167 GMT+0200,157.164,157.114,0.0177,0.0223
28.04.2021 07:30:26.664 GMT+0200,157.196,157.145,0.0177,0.0223
28.04.2021 07:30:35.026 GMT+0200,157.178,157.132,0.0177,0.0223
28.04.2021 07:30:35.130 GMT+0200,157.161,157.11700000000002,0.0177,0.0223
28.04.2021 07:31:20.972 GMT+0200,157.13,157.088,0.0177,0.0223
28.04.2021 07:31:31.096 GMT+0200,157.159,157.114,0.0177,0.0223
28.04.2021 07:31:32.329 GMT+0200,157.135,157.084,0.0177,0.0223
28.04.2021 07:32:09.958 GMT+0200,157.164,157.11700000000002,0.0177,0.0223
28.04.2021 07:32:11.237 GMT+0200,157.131,157.086,0.0177,0.0223
28.04.2021 07:32:11.652 GMT+0200,157.164,157.121,0.0177,0.0223
28.04.2021 07:32:12.082 GMT+0200,157.15,157.1,0.0177,0.0223
28.04.2021 07:32:25.789 GMT+0200,157.161,157.116,0.0177,0.0223
28.04.2021 07:33:55.096 GMT+0200,157.19,157.15,0.0177,0.0223
28.04.2021 07:33:56.653 GMT+0200,157.162,157.118,0.0177,0.0223
28.04.2021 07:34:23.681 GMT+0200,157.13,157.086,0.0177,0.0223
28.04.2021 07:34:23.949 GMT+0200,157.16299999999998,157.11700000000002,0.0177,0.0223
28.04.2021 07:34:47.382 GMT+0200,157.132,157.086,0.0177,0.0223
28.04.2021 07:34:48.038 GMT+0200,157.149,157.099,0.0177,0.0223
28.04.2021 07:34:50.144 GMT+0200,157.134,157.086,0.0177,0.0223
28.04.2021 07:36:44.087 GMT+0200,157.161,157.115,0.0177,0.0223
28.04.2021 07:38:40.582 GMT+0200,157.192,157.145,0.0177,0.0223
28.04.2021 07:38:52.441 GMT+0200,157.166,157.118,0.0177,0.0223
28.04.2021 07:39:09.806 GMT+0200,157.162,157.11700000000002,0.0177,0.0223
28.04.2021 07:39:34.571 GMT+0200,157.197,157.145,0.0177,0.0223
28.04.2021 07:40:33.155 GMT+0200,157.161,157.121,0.0177,0.0223
28.04.2021 07:40:46.282 GMT+0200,157.196,157.15,0.0177,0.0223
28.04.2021 07:40:49.688 GMT+0200,157.165,157.11700000000002,0.0177,0.0223
28.04.2021 07:40:49.981 GMT+0200,157.18,157.135,0.0177,0.0223
28.04.2021 07:40:58.320 GMT+0200,157.16299999999998,157.118,0.0177,0.0223
28.04.2021 07:41:01.701 GMT+0200,157.192,157.148,0.0177,0.0223
28.04.2021 07:41:36.310 GMT+0200,157.164,157.114,0.0177,0.0223
28.04.2021 07:41:47.045 GMT+0200,157.19299999999998,157.15200000000002,0.0177,0.0223
28.04.2021 07:41:54.106 GMT+0200,157.179,157.131,0.0177,0.0223
28.04.2021 07:41:54.208 GMT+0200,157.162,157.116,0.0177,0.0223
28.04.2021 07:42:00.556 GMT+0200,157.196,157.15,0.0177,0.0223
28.04.2021 07:42:01.590 GMT+0200,157.161,157.116,0.0177,0.0223
28.04.2021 07:45:07.015 GMT+0200,157.131,157.085,0.0177,0.0223
28.04.2021 07:45:25.408 GMT+0200,157.099,157.055,0.0177,0.0223
28.04.2021 07:45:25.638 GMT+0200,157.11200000000002,157.06799999999998,0.0177,0.0223
28.04.2021 07:45:26.848 GMT+0200,157.099,157.056,0.0177,0.0223
28.04.2021 07:45:29.690 GMT+0200,157.131,157.086,0.0177,0.0223
28.04.2021 07:45:29.808 GMT+0200,157.115,157.072,0.0177,0.0223
28.04.2021 07:45:30.024 GMT+0200,157.097,157.05700000000002,0.0177,0.0223
28.04.2021 07:45:58.283 GMT+0200,157.13,157.085,0.0177,0.0223
28.04.2021 07:45:58.496 GMT+0200,157.114,157.067,0.0177,0.0223
28.04.2021 07:46:00.260 GMT+0200,157.131,157.084,0.0177,0.0223
28.04.2021 07:46:06.601 GMT+0200,157.101,157.05200000000002,0.0177,0.0223
28.04.2021 07:46:08.506 GMT+0200,157.128,157.086,0.0177,0.0223
28.04.2021 07:46:14.725 GMT+0200,157.1,157.054,0.0177,0.0223
28.04.2021 07:46:15.015 GMT+0200,157.116,157.069,0.0177,0.0223
28.04.2021 07:46:16.565 GMT+0200,157.135,157.08700000000002,0.0177,0.0223
28.04.2021 07:46:56.978 GMT+0200,157.1,157.05200000000002,0.0177,0.0223
28.04.2021 07:47:08.145 GMT+0200,157.131,157.085,0.0177,0.0223
28.04.2021 07:47:09.728 GMT+0200,157.099,157.05700000000002,0.0177,0.0223
28.04.2021 07:47:11.902 GMT+0200,157.116,157.069,0.0177,0.0223
28.04.2021 07:47:20.310 GMT+0200,157.101,157.05700000000002,0.0177,0.0223
28.04.2021 07:47:21.083 GMT+0200,157.13,157.084,0.0177,0.0223
28.04.2021 07:47:24.906 GMT+0200,157.104,157.05700000000002,0.0177,0.0223
28.04.2021 07:48:40.612 GMT+0200,157.128,157.083,0.0177,0.0223
28.04.2021 07:50:54.622 GMT+0200,157.131,157.085,0.0177,0.0223
28.04.2021 07:51:16.461 GMT+0200,157.104,157.05200000000002,0.0177,0.0223
28.04.2021 07:54:24.768 GMT+0200,157.118,157.067,0.0177,0.0223
28.04.2021 07:54:24.892 GMT+0200,157.134,157.08700000000002,0.0177,0.0223
28.04.2021 07:54:27.925 GMT+0200,157.1,157.054,0.0177,0.0223
28.04.2021 07:54:28.794 GMT+0200,157.11700000000002,157.067,0.0177,0.0223
28.04.2021 07:54:35.185 GMT+0200,157.101,157.05200000000002,0.0177,0.0223
28.04.2021 07:54:37.462 GMT+0200,157.116,157.072,0.0177,0.0223
28.04.2021 07:54:39.064 GMT+0200,157.104,157.05200000000002,0.0177,0.0223
28.04.2021 07:54:44.547 GMT+0200,157.128,157.086,0.0177,0.0223
28.04.2021 07:57:07.652 GMT+0200,157.16299999999998,157.115,0.0177,0.0223
28.04.2021 07:57:07.809 GMT+0200,157.196,157.15,0.0177,0.0223
28.04.2021 07:57:08.702 GMT+0200,157.164,157.11700000000002,0.0177,0.0223
28.04.2021 07:58:21.855 GMT+0200,157.161,157.121,0.0177,0.0223
28.04.2021 07:58:52.955 GMT+0200,157.192,157.145,0.0177,0.0223
28.04.2021 08:00:02.591 GMT+0200,157.228,157.179,0.0177,0.0223
28.04.2021 08:00:02.905 GMT+0200,157.19299999999998,157.14700000000002,0.0177,0.0223
28.04.2021 08:00:12.312 GMT+0200,157.226,157.181,0.0177,0.0223
28.04.2021 08:00:12.466 GMT+0200,157.211,157.165,0.0177,0.0223
28.04.2021 08:00:15.087 GMT+0200,157.228,157.181,0.0177,0.0223
28.04.2021 08:00:16.169 GMT+0200,157.196,157.15200000000002,0.0177,0.0223
28.04.2021 08:01:00.280 GMT+0200,157.165,157.121,0.0177,0.0223
28.04.2021 08:01:16.063 GMT+0200,157.13,157.083,0.0177,0.0223
28.04.2021 08:01:21.169 GMT+0200,157.097,157.055,0.0177,0.0223
28.04.2021 08:01:34.179 GMT+0200,157.13,157.086,0.0177,0.0223
28.04.2021 08:01:42.363 GMT+0200,157.099,157.05200000000002,0.0177,0.0223
28.04.2021 08:02:00.209 GMT+0200,157.128,157.083,0.0177,0.0223
28.04.2021 08:02:02.710 GMT+0200,157.097,157.053,0.0177,0.0223
28.04.2021 08:02:06.001 GMT+0200,157.11700000000002,157.072,0.0177,0.0223
28.04.2021 08:02:06.119 GMT+0200,157.103,157.059,0.0177,0.0223
28.04.2021 08:02:15.368 GMT+0200,157.133,157.084,0.0177,0.0223
28.04.2021 08:02:32.618 GMT+0200,157.165,157.11700000000002,0.0177,0.0223
28.04.2021 08:02:34.964 GMT+0200,157.131,157.083,0.0177,0.0223
28.04.2021 08:02:44.308 GMT+0200,157.161,157.115,0.0177,0.0223
28.04.2021 08:03:39.524 GMT+0200,157.128,157.084,0.0177,0.0223
28.04.2021 08:04:03.762 GMT+0200,157.101,157.055,0.0177,0.0223
28.04.2021 08:04:07.774 GMT+0200,157.132,157.086,0.0177,0.0223
28.04.2021 08:05:49.156 GMT+0200,157.114,157.071,0.0177,0.0223
28.04.2021 08:05:49.889 GMT+0200,157.134,157.09,0.0177,0.0223
28.04.2021 08:05:55.366 GMT+0200,157.101,157.054,0.0177,0.0223
28.04.2021 08:05:55.522 GMT+0200,157.132,157.09,0.0177,0.0223
28.04.2021 08:06:36.436 GMT+0200,157.165,157.121,0.0177,0.0223
28.04.2021 08:07:15.088 GMT+0200,157.128,157.083,0.0177,0.0223
28.04.2021 08:07:32.145 GMT+0200,157.166,157.114,0.0177,0.0223
28.04.2021 08:08:12.979 GMT+0200,157.133,157.084,0.0177,0.0223
28.04.2021 08:08:13.156 GMT+0200,157.148,157.102,0.0177,0.0223
28.04.2021 08:08:13.986 GMT+0200,157.131,157.09,0.0177,0.0223
28.04.2021 08:08:14.765 GMT+0200,157.166,157.114,0.0177,0.0223
28.04.2021 08:08:19.971 GMT+0200,157.133,157.085,0.0177,0.0223
28.04.2021 08:10:17.528 GMT+0200,157.102,157.059,0.0177,0.0223
28.04.2021 08:10:17.929 GMT+0200,157.115,157.06799999999998,0.0177,0.0223
28.04.2021 08:10:18.031 GMT+0200,157.134,157.083,0.0177,0.0223
28.04.2021 08:10:19.003 GMT+0200,157.11700000000002,157.072,0.0177,0.0223
28.04.2021 08:10:20.025 GMT+0200,157.102,157.055,0.0177,0.0223
28.04.2021 08:11:05.001 GMT+0200,157.128,157.08700000000002,0.0177,0.0223
28.04.2021 08:11:05.821 GMT+0200,157.102,157.056,0.0177,0.0223
28.04.2021 08:11:07.485 GMT+0200,157.133,157.088,0.0177,0.0223
28.04.2021 08:11:44.133 GMT+0200,157.164,157.118,0.0177,0.0223
28.04.2021 08:11:56.110 GMT+0200,157.196,157.149,0.0177,0.0223
28.04.2021 08:12:49.873 GMT+0200,157.164,157.119,0.0177,0.0223
28.04.2021 08:15:56.091 GMT+0200,157.13,157.09,0.0177,0.0223
28.04.2021 08:15:57.085 GMT+0200,157.159,157.115,0.0177,0.0223
28.04.2021 08:15:58.607 GMT+0200,157.133,157.09,0.0177,0.0223
28.04.2021 08:18:14.151 GMT+0200,157.165,157.121,0.0177,0.0223
28.04.2021 08:18:14.358 GMT+0200,157.151,157.102,0.0177,0.0223
28.04.2021 08:18:14.758 GMT+0200,157.128,157.09,0.0177,0.0223
28.04.2021 08:20:57.009 GMT+0200,157.101,157.053,0.0177,0.0223
28.04.2021 08:21:29.084 GMT+0200,157.133,157.08700000000002,0.0177,0.0223
28.04.2021 08:22:02.273 GMT+0200,157.14600000000002,157.102,0.0177,0.0223
28.04.2021 08:22:05.555 GMT+0200,157.128,157.086,0.0177,0.0223
28.04.2021 08:22:13.673 GMT+0200,157.165,157.114,0.0177,0.0223
28.04.2021 08:22:17.442 GMT+0200,157.133,157.083,0.0177,0.0223
28.04.2021 08:22:33.343 GMT+0200,157.115,157.072,0.0177,0.0223
28.04.2021 08:22:37.371 GMT+0200,157.102,157.055,0.0177,0.0223
28.04.2021 08:23:36.705 GMT+0200,157.134,157.088,0.0177,0.0223
28.04.2021 08:23:41.692 GMT+0200,157.102,157.055,0.0177,0.0223
28.04.2021 08:26:55.506 GMT+0200,157.131,157.086,0.0177,0.0223
28.04.2021 08:27:13.993 GMT+0200,157.14700000000002,157.106,0.0177,0.0223
28.04.2021 08:27:14.494 GMT+0200,157.16299999999998,157.118,0.0177,0.0223
28.04.2021 08:27:18.698 GMT+0200,157.133,157.08700000000002,0.0177,0.0223
28.04.2021 08:27:38.532 GMT+0200,157.15,157.099,0.0177,0.0223
28.04.2021 08:27:38.669 GMT+0200,157.133,157.086,0.0177,0.0223
28.04.2021 08:27:38.811 GMT+0200,157.165,157.121,0.0177,0.0223
28.04.2021 08:27:39.288 GMT+0200,157.135,157.083,0.0177,0.0223
28.04.2021 08:27:48.516 GMT+0200,157.161,157.114,0.0177,0.0223
28.04.2021 08:27:50.880 GMT+0200,157.135,157.09,0.0177,0.0223
28.04.2021 08:27:58.204 GMT+0200,157.16299999999998,157.121,0.0177,0.0223
28.04.2021 08:28:00.072 GMT+0200,157.128,157.08700000000002,0.0177,0.0223
28.04.2021 08:28:00.323 GMT+0200,157.144,157.099,0.0177,0.0223
28.04.2021 08:28:00.658 GMT+0200,157.16299999999998,157.118,0.0177,0.0223
28.04.2021 08:28:03.236 GMT+0200,157.144,157.102,0.0177,0.0223
28.04.2021 08:28:03.337 GMT+0200,157.164,157.121,0.0177,0.0223
28.04.2021 08:28:09.525 GMT+0200,157.132,157.08700000000002,0.0177,0.0223
28.04.2021 08:28:09.801 GMT+0200,157.15,157.103,0.0177,0.0223
28.04.2021 08:28:10.041 GMT+0200,157.16299999999998,157.119,0.0177,0.0223
28.04.2021 08:28:10.956 GMT+0200,157.192,157.14700000000002,0.0177,0.0223
28.04.2021 08:28:26.405 GMT+0200,157.179,157.135,0.0177,0.0223
28.04.2021 08:28:26.847 GMT+0200,157.195,157.148,0.0177,0.0223
28.04.2021 08:28:29.879 GMT+0200,157.161,157.114,0.0177,0.0223
28.04.2021 08:28:33.984 GMT+0200,157.192,157.15,0.0177,0.0223
28.04.2021 08:28:48.243 GMT+0200,157.179,157.132,0.0177,0.0223
28.04.2021 08:28:49.144 GMT+0200,157.165,157.118,0.0177,0.0223
28.04.2021 08:30:09.244 GMT+0200,157.195,157.145,0.0177,0.0223
28.04.2021 08:30:25.852 GMT+0200,157.161,157.119,0.0177,0.0223
28.04.2021 08:30:26.879 GMT+0200,157.195,157.14600000000002,0.0177,0.0223
28.04.2021 08:30:55.192 GMT+0200,157.224,157.18200000000002,0.0177,0.0223
28.04.2021 08:30:58.220 GMT+0200,157.195,157.14600000000002,0.0177,0.0223
28.04.2021 08:31:13.296 GMT+0200,157.229,157.178,0.0177,0.0223
28.04.2021 08:31:17.580 GMT+0200,157.194,157.15,0.0177,0.0223
28.04.2021 08:31:24.813 GMT+0200,157.165,157.119,0.0177,0.0223
28.04.2021 08:31:25.652 GMT+0200,157.19,157.149,0.0177,0.0223
28.04.2021 08:31:25.917 GMT+0200,157.16299999999998,157.121,0.0177,0.0223
28.04.2021 08:31:31.511 GMT+0200,157.175,157.13,0.0177,0.0223
28.04.2021 08:31:31.626 GMT+0200,157.197,157.149,0.0177,0.0223
28.04.2021 08:32:30.343 GMT+0200,157.165,157.116,0.0177,0.0223
28.04.2021 08:32:41.815 GMT+0200,157.197,157.149,0.0177,0.0223
28.04.2021 08:32:42.733 GMT+0200,157.162,157.116,0.0177,0.0223
28.04.2021 08:33:51.799 GMT+0200,157.197,157.145,0.0177,0.0223
28.04.2021 08:35:01.158 GMT+0200,157.16299999999998,157.119,0.0177,0.0223
28.04.2021 08:35:17.033 GMT+0200,157.195,157.14600000000002,0.0177,0.0223
28.04.2021 08:35:17.150 GMT+0200,157.17700000000002,157.137,0.0177,0.0223
28.04.2021 08:35:18.052 GMT+0200,157.165,157.118,0.0177,0.0223
28.04.2021 08:35:34.648 GMT+0200,157.18200000000002,157.132,0.0177,0.0223
28.04.2021 08:35:34.753 GMT+0200,157.162,157.11700000000002,0.0177,0.0223
28.04.2021 08:35:36.388 GMT+0200,157.195,157.148,0.0177,0.0223
28.04.2021 08:35:40.358 GMT+0200,157.165,157.114,0.0177,0.0223
28.04.2021 08:35:45.262 GMT+0200,157.194,157.15200000000002,0.0177,0.0223
28.04.2021 08:35:57.003 GMT+0200,157.222,157.178,0.0177,0.0223
28.04.2021 08:35:57.311 GMT+0200,157.19,157.14600000000002,0.0177,0.0223
28.04.2021 08:36:02.075 GMT+0200,157.227,157.184,0.0177,0.0223
28.04.2021 08:36:14.968 GMT+0200,157.195,157.15,0.0177,0.0223
28.04.2021 08:36:15.223 GMT+0200,157.226,157.181,0.0177,0.0223
28.04.2021 08:36:20.399 GMT+0200,157.195,157.145,0.0177,0.0223
28.04.2021 08:36:33.579 GMT+0200,157.225,157.178,0.0177,0.0223
28.04.2021 08:36:34.586 GMT+0200,157.195,157.15,0.0177,0.0223
28.04.2021 08:37:02.886 GMT+0200,157.227,157.18,0.0177,0.0223
28.04.2021 08:37:04.012 GMT+0200,157.19,157.15,0.0177,0.0223
28.04.2021 08:37:14.555 GMT+0200,157.209,157.165,0.0177,0.0223
28.04.2021 08:37:14.770 GMT+0200,157.194,157.15,0.0177,0.0223
28.04.2021 08:37:24.431 GMT+0200,157.227,157.184,0.0177,0.0223
28.04.2021 08:37:26.868 GMT+0200,157.196,157.145,0.0177,0.0223
28.04.2021 08:37:37.752 GMT+0200,157.229,157.184,0.0177,0.0223
28.04.2021 08:37:38.017 GMT+0200,157.196,157.15200000000002,0.0177,0.0223
28.04.2021 08:37:52.495 GMT+0200,157.228,157.181,0.0177,0.0223
28.04.2021 08:37:53.696 GMT+0200,157.192,157.15200000000002,0.0177,0.0223
28.04.2021 08:37:55.714 GMT+0200,157.222,157.17700000000002,0.0177,0.0223
28.04.2021 08:39:10.455 GMT+0200,157.19299999999998,157.15200000000002,0.0177,0.0223
28.04.2021 08:39:11.884 GMT+0200,157.228,157.17700000000002,0.0177,0.0223
28.04.2021 08:39:14.742 GMT+0200,157.197,157.145,0.0177,0.0223
28.04.2021 08:39:21.956 GMT+0200,157.228,157.17700000000002,0.0177,0.0223
28.04.2021 08:40:01.266 GMT+0200,157.19299999999998,157.15200000000002,0.0177,0.0223
28.04.2021 08:41:46.699 GMT+0200,157.166,157.11700000000002,0.0177,0.0223
28.04.2021 08:41:47.064 GMT+0200,157.19,157.15200000000002,0.0177,0.0223
28.04.2021 08:41:59.456 GMT+0200,157.164,157.118,0.0177,0.0223
28.04.2021 08:42:17.045 GMT+0200,157.19299999999998,157.15,0.0177,0.0223
28.04.2021 08:43:02.635 GMT+0200,157.159,157.11700000000002,0.0177,0.0223
28.04.2021 08:45:44.656 GMT+0200,157.135,157.08700000000002,0.0177,0.0223
28.04.2021 08:46:15.179 GMT+0200,157.162,157.121,0.0177,0.0223
28.04.2021 08:46:17.586 GMT+0200,157.131,157.08700000000002,0.0177,0.0223
28.04.2021 08:46:19.992 GMT+0200,157.162,157.118,0.0177,0.0223
28.04.2021 08:46:21.021 GMT+0200,157.133,157.084,0.0177,0.0223
28.04.2021 08:46:45.059 GMT+0200,157.161,157.115,0.0177,0.0223
28.04.2021 08:46:48.379 GMT+0200,157.13,157.088,0.0177,0.0223
28.04.2021 08:47:57.446 GMT+0200,157.162,157.119,0.0177,0.0223
28.04.2021 08:47:57.663 GMT+0200,157.133,157.085,0.0177,0.0223
28.04.2021 08:48:02.148 GMT+0200,157.14700000000002,157.101,0.0177,0.0223
28.04.2021 08:48:03.337 GMT+0200,157.161,157.116,0.0177,0.0223
28.04.2021 08:48:15.649 GMT+0200,157.134,157.086,0.0177,0.0223
28.04.2021 08:48:51.908 GMT+0200,157.161,157.119,0.0177,0.0223
28.04.2021 08:49:28.953 GMT+0200,157.13,157.085,0.0177,0.0223
28.04.2021 08:49:34.329 GMT+0200,157.16299999999998,157.115,0.0177,0.0223
28.04.2021 08:50:02.512 GMT+0200,157.132,157.088,0.0177,0.0223
28.04.2021 08:50:11.966 GMT+0200,157.159,157.116,0.0177,0.0223
28.04.2021 08:50:27.197 GMT+0200,157.133,157.083,0.0177,0.0223
28.04.2021 08:50:27.377 GMT+0200,157.149,157.101,0.0177,0.0223
28.04.2021 08:50:27.514 GMT+0200,157.135,157.088,0.0177,0.0223
28.04.2021 08:51:34.745 GMT+0200,157.159,157.121,0.0177,0.0223
28.04.2021 08:52:20.823 GMT+0200,157.134,157.09,0.0177,0.0223
28.04.2021 08:52:21.675 GMT+0200,157.162,157.118,0.0177,0.0223
28.04.2021 08:53:06.469 GMT+0200,157.19299999999998,157.15200000000002,0.0177,0.0223
28.04.2021 08:54:55.391 GMT+0200,157.226,157.18,0.0177,0.0223
28.04.2021 08:55:00.826 GMT+0200,157.196,157.148,0.0177,0.0223
28.04.2021 08:55:43.139 GMT+0200,157.162,157.119,0.0177,0.0223
28.04.2021 08:56:57.149 GMT+0200,157.134,157.08700000000002,0.0177,0.0223
28.04.2021 08:57:12.990 GMT+0200,157.162,157.118,0.0177,0.0223
28.04.2021 08:57:17.419 GMT+0200,157.132,157.084,0.0177,0.0223
28.04.2021 08:57:23.824 GMT+0200,157.159,157.116,0.0177,0.0223
28.04.2021 08:59:14.359 GMT+0200,157.19,157.14600000000002,0.0177,0.0223
28.04.2021 08:59:42.246 GMT+0200,157.164,157.116,0.0177,0.0223
28.04.2021 09:00:00.149 GMT+0200,157.19299999999998,157.14700000000002,0.0177,0.0223
28.04.2021 09:00:00.964 GMT+0200,157.159,157.121,0.0177,0.0223
28.04.2021 09:00:07.166 GMT+0200,157.192,157.15,0.0177,0.0223
28.04.2021 09:00:26.162 GMT+0200,157.222,157.18200000000002,0.0177,0.0223
28.04.2021 09:00:27.560 GMT+0200,157.19299999999998,157.148,0.0177,0.0223
28.04.2021 09:00:27.745 GMT+0200,157.227,157.18200000000002,0.0177,0.0223
28.04.2021 09:00:28.467 GMT+0200,157.194,157.145,0.0177,0.0223
28.04.2021 09:00:45.781 GMT+0200,157.166,157.11700000000002,0.0177,0.0223
28.04.2021 09:01:26.866 GMT+0200,157.134,157.084,0.0177,0.0223
28.04.2021 09:01:29.921 GMT+0200,157.161,157.11700000000002,0.0177,0.0223
28.04.2021 09:01:36.636 GMT+0200,157.128,157.088,0.0177,0.0223
28.04.2021 09:02:01.587 GMT+0200,157.103,157.055,0.0177,0.0223
28.04.2021 09:02:25.553 GMT+0200,157.065,157.02,0.0177,0.0223
28.04.2021 09:02:25.872 GMT+0200,157.083,157.043,0.0177,0.0223
28.04.2021 09:02:26.063 GMT+0200,157.067,157.02200000000002,0.0177,0.0223
28.04.2021 09:02:28.072 GMT+0200,157.099,157.055,0.0177,0.0223
28.04.2021 09:02:31.138 GMT+0200,157.069,157.02200000000002,0.0177,0.0223
28.04.2021 09:02:36.481 GMT+0200,157.041,156.989,0.0177,0.0223
28.04.2021 09:02:36.674 GMT+0200,157.053,157.005,0.0177,0.0223
28.04.2021 09:02:36.783 GMT+0200,157.071,157.024,0.0177,0.0223
28.04.2021 09:02:42.906 GMT+0200,157.101,157.059,0.0177,0.0223
28.04.2021 09:02:43.820 GMT+0200,157.06799999999998,157.02100000000002,0.0177,0.0223
28.04.2021 09:02:47.853 GMT+0200,157.097,157.053,0.0177,0.0223
28.04.2021 09:02:51.024 GMT+0200,157.065,157.02,0.0177,0.0223
28.04.2021 09:02:58.857 GMT+0200,157.041,156.993,0.0177,0.0223
28.04.2021 09:02:59.454 GMT+0200,157.071,157.02,0.0177,0.0223
28.04.2021 09:03:00.132 GMT+0200,157.034,156.99200000000002,0.0177,0.0223
28.04.2021 09:03:00.666 GMT+0200,157.067,157.024,0.0177,0.0223
28.04.2021 09:03:01.279 GMT+0200,157.03799999999998,156.99200000000002,0.0177,0.0223
28.04.2021 09:03:04.863 GMT+0200,157.065,157.02200000000002,0.0177,0.0223
28.04.2021 09:03:11.775 GMT+0200,157.1,157.053,0.0177,0.0223
28.04.2021 09:03:12.981 GMT+0200,157.065,157.02,0.0177,0.0223
28.04.2021 09:03:13.527 GMT+0200,157.101,157.059,0.0177,0.0223
28.04.2021 09:03:31.464 GMT+0200,157.134,157.086,0.0177,0.0223
28.04.2021 09:03:37.339 GMT+0200,157.104,157.056,0.0177,0.0223
28.04.2021 09:03:39.413 GMT+0200,157.134,157.086,0.0177,0.0223
28.04.2021 09:03:44.228 GMT+0200,157.101,157.054,0.0177,0.0223
28.04.2021 09:03:46.103 GMT+0200,157.134,157.085,0.0177,0.0223
28.04.2021 09:03:51.706 GMT+0200,157.102,157.055,0.0177,0.0223
28.04.2021 09:03:52.918 GMT+0200,157.116,157.074,0.0177,0.0223
28.04.2021 09:03:53.061 GMT+0200,157.134,157.086,0.0177,0.0223
28.04.2021 09:03:53.245 GMT+0200,157.1,157.053,0.0177,0.0223
28.04.2021 09:03:54.009 GMT+0200,157.134,157.088,0.0177,0.0223
28.04.2021 09:04:37.727 GMT+0200,157.102,157.05700000000002,0.0177,0.0223
28.04.2021 09:05:36.206 GMT+0200,157.07,157.02,0.0177,0.0223
28.04.2021 09:05:47.645 GMT+0200,157.034,156.99,0.0177,0.0223
28.04.2021 09:05:57.265 GMT+0200,157.03799999999998,156.989,0.0177,0.0223
28.04.2021 09:06:10.822 GMT+0200,157.07,157.02700000000002,0.0177,0.0223
28.04.2021 09:06:14.538 GMT+0200,157.037,156.994,0.0177,0.0223
28.04.2021 09:06:55.503 GMT+0200,157.05,157.005,0.0177,0.0223
28.04.2021 09:06:56.221 GMT+0200,157.071,157.02,0.0177,0.0223
28.04.2021 09:06:58.053 GMT+0200,157.037,156.993,0.0177,0.0223
28.04.2021 09:07:45.313 GMT+0200,157.008,156.965,0.0177,0.0223
28.04.2021 09:07:48.881 GMT+0200,157.034,156.989,0.0177,0.0223
28.04.2021 09:07:49.748 GMT+0200,157.006,156.96200000000002,0.0177,0.0223
28.04.2021 09:07:50.296 GMT+0200,157.034,156.993,0.0177,0.0223
28.04.2021 09:08:02.043 GMT+0200,157.006,156.958,0.0177,0.0223
28.04.2021 09:08:06.500 GMT+0200,157.034,156.991,0.0177,0.0223
28.04.2021 09:08:06.740 GMT+0200,157.024,156.975,0.0177,0.0223
28.04.2021 09:08:06.952 GMT+0200,157.041,156.996,0.0177,0.0223
28.04.2021 09:08:08.143 GMT+0200,157.01,156.965,0.0177,0.0223
28.04.2021 09:08:16.892 GMT+0200,157.04,156.994,0.0177,0.0223
28.04.2021 09:08:57.756 GMT+0200,157.065,157.02,0.0177,0.0223
28.04.2021 09:08:58.618 GMT+0200,157.041,156.994,0.0177,0.0223
28.04.2021 09:08:58.936 GMT+0200,157.072,157.02,0.0177,0.0223
28.04.2021 09:09:03.520 GMT+0200,157.039,156.989,0.0177,0.0223
28.04.2021 09:09:04.875 GMT+0200,157.07,157.025,0.0177,0.0223
28.04.2021 09:09:05.293 GMT+0200,157.037,156.99,0.0177,0.0223
28.04.2021 09:09:06.317 GMT+0200,157.072,157.02100000000002,0.0177,0.0223
28.04.2021 09:10:02.537 GMT+0200,157.03799999999998,156.989,0.0177,0.0223
28.04.2021 09:10:32.593 GMT+0200,157.006,156.963,0.0177,0.0223
28.04.2021 09:10:33.570 GMT+0200,157.03799999999998,156.994,0.0177,0.0223
28.04.2021 09:10:38.783 GMT+0200,157.069,157.02100000000002,0.0177,0.0223
28.04.2021 09:10:57.263 GMT+0200,157.036,156.993,0.0177,0.0223
28.04.2021 09:10:58.125 GMT+0200,157.069,157.02700000000002,0.0177,0.0223
28.04.2021 09:11:02.540 GMT+0200,157.041,156.989,0.0177,0.0223
28.04.2021 09:11:46.241 GMT+0200,157.007,156.96,0.0177,0.0223
28.04.2021 09:11:55.501 GMT+0200,157.041,156.99200000000002,0.0177,0.0223
28.04.2021 09:11:57.306 GMT+0200,157.01,156.96,0.0177,0.0223
28.04.2021 09:11:57.408 GMT+0200,157.024,156.979,0.0177,0.0223
28.04.2021 09:11:57.562 GMT+0200,157.039,156.996,0.0177,0.0223
28.04.2021 09:12:21.979 GMT+0200,157.003,156.96200000000002,0.0177,0.0223
28.04.2021 09:12:25.206 GMT+0200,157.04,156.994,0.0177,0.0223
28.04.2021 09:12:25.986 GMT+0200,157.009,156.958,0.0177,0.0223
28.04.2021 09:12:57.267 GMT+0200,156.978,156.92700000000002,0.0177,0.0223
28.04.2021 09:12:57.390 GMT+0200,157.01,156.961,0.0177,0.0223
28.04.2021 09:13:15.307 GMT+0200,156.975,156.934,0.0177,0.0223
28.04.2021 09:13:19.487 GMT+0200,157.01,156.965,0.0177,0.0223
28.04.2021 09:13:19.607 GMT+0200,156.975,156.929,0.0177,0.0223
28.04.2021 09:13:20.982 GMT+0200,157.009,156.96200000000002,0.0177,0.0223
28.04.2021 09:13:21.979 GMT+0200,156.978,156.93200000000002,0.0177,0.0223
28.04.2021 09:13:48.525 GMT+0200,157.008,156.96,0.0177,0.0223
28.04.2021 09:13:49.830 GMT+0200,156.976,156.934,0.0177,0.0223
28.04.2021 09:13:51.642 GMT+0200,157.006,156.965,0.0177,0.0223
28.04.2021 09:13:51.761 GMT+0200,156.98700000000002,156.942,0.0177,0.0223
28.04.2021 09:13:52.435 GMT+0200,157.008,156.958,0.0177,0.0223
28.04.2021 09:14:43.421 GMT+0200,157.03799999999998,156.989,0.0177,0.0223
28.04.2021 09:14:43.692 GMT+0200,157.008,156.963,0.0177,0.0223
28.04.2021 09:14:45.175 GMT+0200,157.037,156.989,0.0177,0.0223
28.04.2021 09:14:45.744 GMT+0200,157.01,156.959,0.0177,0.0223
28.04.2021 09:14:46.104 GMT+0200,157.04,156.989,0.0177,0.0223
28.04.2021 09:14:49.118 GMT+0200,157.006,156.961,0.0177,0.0223
28.04.2021 09:14:58.776 GMT+0200,157.03799999999998,156.99,0.0177,0.0223
28.04.2021 09:14:59.583 GMT+0200,157.01,156.963,0.0177,0.0223
28.04.2021 09:15:14.458 GMT+0200,157.041,156.991,0.0177,0.0223
28.04.2021 09:15:14.623 GMT+0200,157.01,156.96200000000002,0.0177,0.0223
28.04.2021 09:15:16.381 GMT+0200,157.036,156.994,0.0177,0.0223
28.04.2021 09:15:25.134 GMT+0200,157.02100000000002,156.977,0.0177,0.0223
28.04.2021 09:15:25.239 GMT+0200,157.003,156.965,0.0177,0.0223
28.04.2021 09:15:27.149 GMT+0200,157.039,156.989,0.0177,0.0223
28.04.2021 09:15:29.578 GMT+0200,157.008,156.961,0.0177,0.0223
28.04.2021 09:15:30.694 GMT+0200,157.039,156.994,0.0177,0.0223
28.04.2021 09:15:38.675 GMT+0200,157.01,156.963,0.0177,0.0223
28.04.2021 09:15:51.176 GMT+0200,157.034,156.99,0.0177,0.0223
28.04.2021 09:15:52.051 GMT+0200,157.005,156.96,0.0177,0.0223
28.04.2021 09:15:52.186 GMT+0200,157.039,156.99200000000002,0.0177,0.0223
28.04.2021 09:15:56.188 GMT+0200,157.008,156.96,0.0177,0.0223
28.04.2021 09:15:58.696 GMT+0200,157.039,156.989,0.0177,0.0223
28.04.2021 09:16:00.547 GMT+0200,157.025,156.976,0.0177,0.0223
28.04.2021 09:16:00.858 GMT+0200,157.003,156.958,0.0177,0.0223
28.04.2021 09:16:01.132 GMT+0200,157.04,156.99200000000002,0.0177,0.0223
28.04.2021 09:16:02.396 GMT+0200,157.01,156.963,0.0177,0.0223
28.04.2021 09:16:15.392 GMT+0200,156.979,156.928,0.0177,0.0223
28.04.2021 09:17:36.890 GMT+0200,156.946,156.89700000000002,0.0177,0.0223
28.04.2021 09:17:38.761 GMT+0200,156.978,156.92700000000002,0.0177,0.0223
28.04.2021 09:17:42.365 GMT+0200,156.946,156.898,0.0177,0.0223
28.04.2021 09:17:52.642 GMT+0200,156.972,156.934,0.0177,0.0223
28.04.2021 09:17:53.194 GMT+0200,156.96,156.914,0.0177,0.0223
28.04.2021 09:17:53.794 GMT+0200,156.946,156.89700000000002,0.0177,0.0223
28.04.2021 09:18:10.141 GMT+0200,156.912,156.866,0.0177,0.0223
28.04.2021 09:18:11.221 GMT+0200,156.925,156.883,0.0177,0.0223
28.04.2021 09:18:11.331 GMT+0200,156.94,156.895,0.0177,0.0223
28.04.2021 09:18:50.178 GMT+0200,156.977,156.92700000000002,0.0177,0.0223
28.04.2021 09:18:51.016 GMT+0200,156.947,156.895,0.0177,0.0223
28.04.2021 09:19:12.164 GMT+0200,156.96200000000002,156.912,0.0177,0.0223
28.04.2021 09:19:14.333 GMT+0200,156.942,156.895,0.0177,0.0223
28.04.2021 09:19:14.583 GMT+0200,156.979,156.93,0.0177,0.0223
28.04.2021 09:19:17.374 GMT+0200,156.942,156.895,0.0177,0.0223
28.04.2021 09:19:17.999 GMT+0200,156.979,156.93200000000002,0.0177,0.0223
28.04.2021 09:19:49.809 GMT+0200,156.94,156.89700000000002,0.0177,0.0223
28.04.2021 09:20:41.761 GMT+0200,156.975,156.928,0.0177,0.0223
28.04.2021 09:20:42.756 GMT+0200,156.945,156.90200000000002,0.0177,0.0223
28.04.2021 09:20:45.452 GMT+0200,156.972,156.93200000000002,0.0177,0.0223
28.04.2021 09:20:53.926 GMT+0200,156.94299999999998,156.89700000000002,0.0177,0.0223
28.04.2021 09:20:54.847 GMT+0200,156.976,156.934,0.0177,0.0223
28.04.2021 09:20:55.201 GMT+0200,156.946,156.895,0.0177,0.0223
28.04.2021 09:20:56.260 GMT+0200,156.976,156.93,0.0177,0.0223
28.04.2021 09:21:09.516 GMT+0200,156.944,156.89600000000002,0.0177,0.0223
28.04.2021 09:22:11.632 GMT+0200,156.979,156.929,0.0177,0.0223
28.04.2021 09:22:12.941 GMT+0200,156.945,156.89600000000002,0.0177,0.0223
28.04.2021 09:22:50.018 GMT+0200,156.911,156.869,0.0177,0.0223
28.04.2021 09:22:57.748 GMT+0200,156.946,156.90200000000002,0.0177,0.0223
28.04.2021 09:23:35.370 GMT+0200,156.911,156.869,0.0177,0.0223
28.04.2021 09:23:40.646 GMT+0200,156.945,156.89600000000002,0.0177,0.0223
28.04.2021 09:24:11.333 GMT+0200,156.914,156.869,0.0177,0.0223
28.04.2021 09:24:13.000 GMT+0200,156.942,156.89600000000002,0.0177,0.0223
28.04.2021 09:24:13.138 GMT+0200,156.911,156.871,0.0177,0.0223
28.04.2021 09:24:41.541 GMT+0200,156.942,156.90200000000002,0.0177,0.0223
28.04.2021 09:24:41.858 GMT+0200,156.912,156.86700000000002,0.0177,0.0223
28.04.2021 09:24:53.316 GMT+0200,156.945,156.898,0.0177,0.0223
28.04.2021 09:24:53.451 GMT+0200,156.915,156.86700000000002,0.0177,0.0223
28.04.2021 09:24:54.559 GMT+0200,156.944,156.899,0.0177,0.0223
28.04.2021 09:24:56.502 GMT+0200,156.914,156.86700000000002,0.0177,0.0223
28.04.2021 09:25:00.153 GMT+0200,156.944,156.899,0.0177,0.0223
28.04.2021 09:25:04.499 GMT+0200,156.912,156.86700000000002,0.0177,0.0223
28.04.2021 09:25:05.611 GMT+0200,156.942,156.89600000000002,0.0177,0.0223
28.04.2021 09:25:28.207 GMT+0200,156.978,156.93,0.0177,0.0223
28.04.2021 09:25:29.605 GMT+0200,156.94299999999998,156.895,0.0177,0.0223
28.04.2021 09:26:05.629 GMT+0200,156.911,156.868,0.0177,0.0223
28.04.2021 09:26:21.558 GMT+0200,156.944,156.895,0.0177,0.0223
28.04.2021 09:26:35.271 GMT+0200,156.909,156.869,0.0177,0.0223
28.04.2021 09:26:35.559 GMT+0200,156.946,156.9,0.0177,0.0223
28.04.2021 09:27:55.431 GMT+0200,156.915,156.868,0.0177,0.0223
28.04.2021 09:27:56.451 GMT+0200,156.946,156.89700000000002,0.0177,0.0223
28.04.2021 09:27:57.579 GMT+0200,156.912,156.866,0.0177,0.0223
28.04.2021 09:28:08.717 GMT+0200,156.945,156.899,0.0177,0.0223
28.04.2021 09:28:14.373 GMT+0200,156.911,156.864,0.0177,0.0223
28.04.2021 09:28:29.120 GMT+0200,156.942,156.898,0.0177,0.0223
28.04.2021 09:29:30.687 GMT+0200,156.914,156.864,0.0177,0.0223
28.04.2021 09:29:31.853 GMT+0200,156.94,156.90200000000002,0.0177,0.0223
28.04.2021 09:31:00.366 GMT+0200,156.93200000000002,156.881,0.0177,0.0223
28.04.2021 09:31:00.554 GMT+0200,156.945,156.89700000000002,0.0177,0.0223
28.04.2021 09:31:14.139 GMT+0200,156.916,156.865,0.0177,0.0223
28.04.2021 09:31:29.049 GMT+0200,156.942,156.9,0.0177,0.0223
28.04.2021 09:31:32.907 GMT+0200,156.977,156.929,0.0177,0.0223
28.04.2021 09:32:17.347 GMT+0200,156.94,156.898,0.0177,0.0223
28.04.2021 09:32:18.835 GMT+0200,156.978,156.93200000000002,0.0177,0.0223
28.04.2021 09:34:18.756 GMT+0200,157.007,156.958,0.0177,0.0223
28.04.2021 09:34:33.926 GMT+0200,157.04,156.99200000000002,0.0177,0.0223
28.04.2021 09:34:34.674 GMT+0200,157.01,156.961,0.0177,0.0223
28.04.2021 09:34:35.233 GMT+0200,157.039,156.994,0.0177,0.0223
28.04.2021 09:35:23.758 GMT+0200,157.06799999999998,157.025,0.0177,0.0223
28.04.2021 09:35:33.636 GMT+0200,157.03799999999998,156.99200000000002,0.0177,0.0223
28.04.2021 09:35:44.597 GMT+0200,157.005,156.96,0.0177,0.0223
28.04.2021 09:35:44.798 GMT+0200,157.039,156.99,0.0177,0.0223
28.04.2021 09:35:44.922 GMT+0200,157.008,156.96,0.0177,0.0223
28.04.2021 09:35:48.229 GMT+0200,157.036,156.994,0.0177,0.0223
28.04.2021 09:35:50.384 GMT+0200,157.007,156.958,0.0177,0.0223
28.04.2021 09:35:54.903 GMT+0200,157.02200000000002,156.977,0.0177,0.0223
28.04.2021 09:35:55.007 GMT+0200,157.041,156.991,0.0177,0.0223
28.04.2021 09:36:19.075 GMT+0200,157.008,156.963,0.0177,0.0223
28.04.2021 09:36:19.370 GMT+0200,157.034,156.99200000000002,0.0177,0.0223
28.04.2021 09:36:54.350 GMT+0200,157.007,156.96,0.0177,0.0223
28.04.2021 09:36:54.925 GMT+0200,157.03799999999998,156.99200000000002,0.0177,0.0223
28.04.2021 09:36:55.557 GMT+0200,157.01,156.965,0.0177,0.0223
28.04.2021 09:37:39.692 GMT+0200,156.978,156.928,0.0177,0.0223
28.04.2021 09:37:39.839 GMT+0200,157.008,156.959,0.0177,0.0223
28.04.2021 09:37:41.985 GMT+0200,156.974,156.928,0.0177,0.0223
28.04.2021 09:37:42.979 GMT+0200,157.003,156.959,0.0177,0.0223
28.04.2021 09:37:48.430 GMT+0200,156.979,156.92700000000002,0.0177,0.0223
28.04.2021 09:39:39.925 GMT+0200,156.95600000000002,156.912,0.0177,0.0223
28.04.2021 09:39:41.015 GMT+0200,156.945,156.898,0.0177,0.0223
28.04.2021 09:40:42.676 GMT+0200,156.976,156.934,0.0177,0.0223
28.04.2021 09:40:43.388 GMT+0200,156.944,156.9,0.0177,0.0223
28.04.2021 09:40:50.746 GMT+0200,156.979,156.934,0.0177,0.0223
28.04.2021 09:40:53.649 GMT+0200,156.94,156.899,0.0177,0.0223
28.04.2021 09:41:20.720 GMT+0200,156.972,156.929,0.0177,0.0223
28.04.2021 09:42:10.112 GMT+0200,157.006,156.96200000000002,0.0177,0.0223
28.04.2021 09:42:43.959 GMT+0200,157.04,156.989,0.0177,0.0223
28.04.2021 09:42:44.196 GMT+0200,157.007,156.96200000000002,0.0177,0.0223
28.04.2021 09:43:33.611 GMT+0200,157.041,156.994,0.0177,0.0223
28.04.2021 09:43:33.865 GMT+0200,157.008,156.96,0.0177,0.0223
28.04.2021 09:44:14.227 GMT+0200,156.977,156.93,0.0177,0.0223
28.04.2021 09:45:01.904 GMT+0200,157.009,156.959,0.0177,0.0223
28.04.2021 09:45:03.575 GMT+0200,156.978,156.93200000000002,0.0177,0.0223
28.04.2021 09:45:03.790 GMT+0200,156.98700000000002,156.945,0.0177,0.0223
28.04.2021 09:45:03.922 GMT+0200,156.972,156.928,0.0177,0.0223
28.04.2021 09:45:09.229 GMT+0200,157.003,156.963,0.0177,0.0223
28.04.2021 09:45:18.919 GMT+0200,156.975,156.931,0.0177,0.0223
28.04.2021 09:48:03.548 GMT+0200,157.01,156.958,0.0177,0.0223
28.04.2021 09:48:04.563 GMT+0200,156.978,156.929,0.0177,0.0223
28.04.2021 09:48:05.295 GMT+0200,157.006,156.959,0.0177,0.0223
28.04.2021 09:48:34.690 GMT+0200,156.976,156.93,0.0177,0.0223
28.04.2021 09:48:37.638 GMT+0200,157.005,156.965,0.0177,0.0223
28.04.2021 09:48:45.061 GMT+0200,156.974,156.92700000000002,0.0177,0.0223
28.04.2021 09:49:37.257 GMT+0200,156.94,156.89600000000002,0.0177,0.0223
28.04.2021 09:49:38.693 GMT+0200,156.978,156.93,0.0177,0.0223
28.04.2021 09:50:37.824 GMT+0200,157.006,156.958,0.0177,0.0223
28.04.2021 09:51:15.922 GMT+0200,156.977,156.929,0.0177,0.0223
28.04.2021 09:51:45.613 GMT+0200,156.94,156.9,0.0177,0.0223
28.04.2021 09:52:37.813 GMT+0200,156.976,156.931,0.0177,0.0223
28.04.2021 09:53:21.768 GMT+0200,156.945,156.90200000000002,0.0177,0.0223
28.04.2021 09:53:34.696 GMT+0200,156.914,156.865,0.0177,0.0223
28.04.2021 09:53:35.063 GMT+0200,156.94299999999998,156.898,0.0177,0.0223
28.04.2021 09:53:52.574 GMT+0200,156.91299999999998,156.86700000000002,0.0177,0.0223
28.04.2021 09:53:53.912 GMT+0200,156.925,156.881,0.0177,0.0223
28.04.2021 09:53:55.609 GMT+0200,156.942,156.895,0.0177,0.0223
28.04.2021 09:54:09.617 GMT+0200,156.915,156.865,0.0177,0.0223
28.04.2021 09:54:10.079 GMT+0200,156.945,156.9,0.0177,0.0223
28.04.2021 09:54:42.752 GMT+0200,156.911,156.864,0.0177,0.0223
28.04.2021 09:54:46.978 GMT+0200,156.944,156.90200000000002,0.0177,0.0223
28.04.2021 09:54:49.098 GMT+0200,156.912,156.86700000000002,0.0177,0.0223
28.04.2021 09:55:11.067 GMT+0200,156.94299999999998,156.895,0.0177,0.0223
28.04.2021 09:55:17.146 GMT+0200,156.912,156.869,0.0177,0.0223
28.04.2021 09:55:17.645 GMT+0200,156.942,156.90200000000002,0.0177,0.0223
28.04.2021 09:55:58.626 GMT+0200,156.979,156.93,0.0177,0.0223
28.04.2021 09:55:59.203 GMT+0200,156.94299999999998,156.898,0.0177,0.0223
28.04.2021 09:55:59.400 GMT+0200,156.978,156.93200000000002,0.0177,0.0223
28.04.2021 09:56:04.832 GMT+0200,156.963,156.911,0.0177,0.0223
28.04.2021 09:56:05.076 GMT+0200,156.979,156.934,0.0177,0.0223
28.04.2021 09:56:21.380 GMT+0200,157.007,156.96200000000002,0.0177,0.0223
28.04.2021 09:59:22.642 GMT+0200,156.976,156.929,0.0177,0.0223
28.04.2021 09:59:23.587 GMT+0200,157.01,156.965,0.0177,0.0223
28.04.2021 09:59:24.986 GMT+0200,156.972,156.931,0.0177,0.0223
28.04.2021 09:59:31.036 GMT+0200,157.008,156.958,0.0177,0.0223
28.04.2021 09:59:33.682 GMT+0200,156.974,156.929,0.0177,0.0223
28.04.2021 09:59:39.275 GMT+0200,157.007,156.961,0.0177,0.0223
28.04.2021 09:59:54.362 GMT+0200,157.039,156.991,0.0177,0.0223
28.04.2021 09:59:59.024 GMT+0200,157.008,156.96,0.0177,0.0223
28.04.2021 09:59:59.781 GMT+0200,157.026,156.977,0.0177,0.0223
28.04.2021 09:59:59.898 GMT+0200,157.009,156.96200000000002,0.0177,0.0223
28.04.2021 10:00:00.159 GMT+0200,157.03799999999998,156.989,0.0177,0.0223
28.04.2021 10:00:16.457 GMT+0200,157.071,157.024,0.0177,0.0223
28.04.2021 10:00:16.877 GMT+0200,157.041,156.993,0.0177,0.0223
28.04.2021 10:00:17.173 GMT+0200,157.072,157.023,0.0177,0.0223
28.04.2021 10:00:17.726 GMT+0200,157.101,157.055,0.0177,0.0223
28.04.2021 10:00:17.876 GMT+0200,157.069,157.02700000000002,0.0177,0.0223
28.04.2021 10:00:17.993 GMT+0200,157.103,157.056,0.0177,0.0223
28.04.2021 10:00:18.206 GMT+0200,157.065,157.02700000000002,0.0177,0.0223
28.04.2021 10:00:18.950 GMT+0200,157.103,157.054,0.0177,0.0223
28.04.2021 10:00:19.485 GMT+0200,157.069,157.02,0.0177,0.0223
28.04.2021 10:00:27.736 GMT+0200,157.104,157.059,0.0177,0.0223
28.04.2021 10:00:48.262 GMT+0200,157.06799999999998,157.02700000000002,0.0177,0.0223
28.04.2021 10:00:49.625 GMT+0200,157.099,157.05200000000002,0.0177,0.0223
28.04.2021 10:00:53.105 GMT+0200,157.065,157.023,0.0177,0.0223
28.04.2021 10:01:56.672 GMT+0200,157.034,156.994,0.0177,0.0223
28.04.2021 10:01:57.175 GMT+0200,157.072,157.02,0.0177,0.0223
28.04.2021 10:01:57.672 GMT+0200,157.034,156.991,0.0177,0.0223
28.04.2021 10:02:20.117 GMT+0200,157.006,156.96,0.0177,0.0223
28.04.2021 10:02:52.017 GMT+0200,157.037,156.993,0.0177,0.0223
28.04.2021 10:03:14.744 GMT+0200,157.069,157.024,0.0177,0.0223
28.04.2021 10:03:25.289 GMT+0200,157.099,157.05700000000002,0.0177,0.0223
28.04.2021 10:03:26.789 GMT+0200,157.065,157.02200000000002,0.0177,0.0223
28.04.2021 10:03:33.705 GMT+0200,157.102,157.053,0.0177,0.0223
28.04.2021 10:05:34.385 GMT+0200,157.131,157.09,0.0177,0.0223
28.04.2021 10:05:37.673 GMT+0200,157.103,157.056,0.0177,0.0223
28.04.2021 10:06:14.488 GMT+0200,157.13,157.085,0.0177,0.0223
28.04.2021 10:06:14.639 GMT+0200,157.097,157.054,0.0177,0.0223
28.04.2021 10:06:44.434 GMT+0200,157.132,157.085,0.0177,0.0223
28.04.2021 10:07:31.526 GMT+0200,157.1,157.054,0.0177,0.0223
28.04.2021 10:08:33.886 GMT+0200,157.135,157.085,0.0177,0.0223
28.04.2021 10:08:45.100 GMT+0200,157.1,157.05700000000002,0.0177,0.0223
28.04.2021 10:08:46.149 GMT+0200,157.13,157.086,0.0177,0.0223
28.04.2021 10:08:50.276 GMT+0200,157.099,157.055,0.0177,0.0223
28.04.2021 10:08:59.530 GMT+0200,157.133,157.085,0.0177,0.0223
28.04.2021 10:09:00.408 GMT+0200,157.11200000000002,157.069,0.0177,0.0223
28.04.2021 10:09:00.513 GMT+0200,157.101,157.054,0.0177,0.0223
28.04.2021 10:09:15.492 GMT+0200,157.072,157.02,0.0177,0.0223
28.04.2021 10:09:25.599 GMT+0200,157.099,157.054,0.0177,0.0223
28.04.2021 10:09:35.984 GMT+0200,157.086,157.043,0.0177,0.0223
28.04.2021 10:09:37.082 GMT+0200,157.101,157.05200000000002,0.0177,0.0223
28.04.2021 10:09:37.930 GMT+0200,157.067,157.024,0.0177,0.0223
28.04.2021 10:11:02.651 GMT+0200,157.03799999999998,156.99,0.0177,0.0223
28.04.2021 10:11:05.665 GMT+0200,157.07,157.02100000000002,0.0177,0.0223
28.04.2021 10:11:06.539 GMT+0200,157.034,156.996,0.0177,0.0223
28.04.2021 10:11:09.222 GMT+0200,157.069,157.025,0.0177,0.0223
28.04.2021 10:11:17.743 GMT+0200,157.04,156.991,0.0177,0.0223
28.04.2021 10:11:18.337 GMT+0200,157.055,157.01,0.0177,0.0223
28.04.2021 10:11:18.498 GMT+0200,157.071,157.02700000000002,0.0177,0.0223
28.04.2021 10:11:21.880 GMT+0200,157.05700000000002,157.012,0.0177,0.0223
28.04.2021 10:11:22.059 GMT+0200,157.041,156.99,0.0177,0.0223
28.04.2021 10:12:38.268 GMT+0200,157.06799999999998,157.025,0.0177,0.0223
28.04.2021 10:12:43.216 GMT+0200,157.034,156.989,0.0177,0.0223
28.04.2021 10:12:48.247 GMT+0200,157.06799999999998,157.02100000000002,0.0177,0.0223
28.04.2021 10:12:48.463 GMT+0200,157.03799999999998,156.99,0.0177,0.0223
28.04.2021 10:12:49.634 GMT+0200,157.06799999999998,157.024,0.0177,0.0223
28.04.2021 10:12:50.340 GMT+0200,157.04,156.99200000000002,0.0177,0.0223
28.04.2021 10:12:52.242 GMT+0200,157.06799999999998,157.02100000000002,0.0177,0.0223
28.04.2021 10:13:04.463 GMT+0200,157.034,156.99200000000002,0.0177,0.0223
28.04.2021 10:13:09.073 GMT+0200,157.071,157.02200000000002,0.0177,0.0223
28.04.2021 10:13:23.991 GMT+0200,157.041,156.989,0.0177,0.0223
28.04.2021 10:13:25.383 GMT+0200,157.069,157.023,0.0177,0.0223
28.04.2021 10:14:31.528 GMT+0200,157.039,156.993,0.0177,0.0223
28.04.2021 10:14:31.687 GMT+0200,157.07,157.025,0.0177,0.0223
28.04.2021 10:15:43.740 GMT+0200,157.041,156.989,0.0177,0.0223
28.04.2021 10:17:14.303 GMT+0200,157.003,156.959,0.0177,0.0223
28.04.2021 10:17:56.081 GMT+0200,156.977,156.934,0.0177,0.0223
28.04.2021 10:18:01.039 GMT+0200,157.009,156.959,0.0177,0.0223
28.04.2021 10:18:01.757 GMT+0200,156.976,156.93,0.0177,0.0223
28.04.2021 10:18:23.968 GMT+0200,157.007,156.965,0.0177,0.0223
28.04.2021 10:18:24.805 GMT+0200,156.974,156.93,0.0177,0.0223
28.04.2021 10:18:31.804 GMT+0200,157.006,156.965,0.0177,0.0223
28.04.2021 10:18:32.106 GMT+0200,156.972,156.934,0.0177,0.0223
28.04.2021 10:19:34.541 GMT+0200,157.006,156.961,0.0177,0.0223
28.04.2021 10:20:22.015 GMT+0200,157.036,156.991,0.0177,0.0223
28.04.2021 10:20:31.717 GMT+0200,157.005,156.963,0.0177,0.0223
28.04.2021 10:20:32.760 GMT+0200,157.03799999999998,156.99,0.0177,0.0223
28.04.2021 10:20:42.303 GMT+0200,157.009,156.96,0.0177,0.0223
28.04.2021 10:20:46.192 GMT+0200,157.039,156.994,0.0177,0.0223
28.04.2021 10:21:04.811 GMT+0200,157.01,156.963,0.0177,0.0223
28.04.2021 10:21:05.568 GMT+0200,157.04,156.991,0.0177,0.0223
28.04.2021 10:21:27.155 GMT+0200,157.023,156.977,0.0177,0.0223
28.04.2021 10:21:27.312 GMT+0200,157.005,156.961,0.0177,0.0223
28.04.2021 10:22:03.968 GMT+0200,157.04,156.991,0.0177,0.0223
28.04.2021 10:22:05.078 GMT+0200,157.009,156.963,0.0177,0.0223
28.04.2021 10:22:41.281 GMT+0200,157.03799999999998,156.99,0.0177,0.0223
28.04.2021 10:22:41.492 GMT+0200,157.007,156.961,0.0177,0.0223
28.04.2021 10:22:42.303 GMT+0200,157.041,156.993,0.0177,0.0223
28.04.2021 10:23:49.467 GMT+0200,157.01,156.961,0.0177,0.0223
28.04.2021 10:23:50.541 GMT+0200,157.026,156.981,0.0177,0.0223
28.04.2021 10:23:50.828 GMT+0200,157.009,156.958,0.0177,0.0223
28.04.2021 10:23:53.181 GMT+0200,157.025,156.974,0.0177,0.0223
28.04.2021 10:23:53.475 GMT+0200,157.034,156.991,0.0177,0.0223
28.04.2021 10:23:53.676 GMT+0200,157.023,156.979,0.0177,0.0223
28.04.2021 10:23:57.986 GMT+0200,157.005,156.959,0.0177,0.0223
28.04.2021 10:24:25.492 GMT+0200,157.037,156.989,0.0177,0.0223
28.04.2021 10:24:35.228 GMT+0200,157.01,156.958,0.0177,0.0223
28.04.2021 10:24:36.591 GMT+0200,157.036,156.99,0.0177,0.0223
28.04.2021 10:24:37.165 GMT+0200,157.006,156.965,0.0177,0.0223
28.04.2021 10:24:37.955 GMT+0200,157.039,156.991,0.0177,0.0223
28.04.2021 10:24:39.603 GMT+0200,157.008,156.961,0.0177,0.0223
28.04.2021 10:24:40.179 GMT+0200,157.039,156.991,0.0177,0.0223
28.04.2021 10:25:02.106 GMT+0200,157.008,156.965,0.0177,0.0223
28.04.2021 10:25:08.428 GMT+0200,157.034,156.993,0.0177,0.0223
28.04.2021 10:25:13.260 GMT+0200,157.007,156.96200000000002,0.0177,0.0223
28.04.2021 10:26:41.274 GMT+0200,157.037,156.993,0.0177,0.0223
28.04.2021 10:27:13.958 GMT+0200,157.003,156.96200000000002,0.0177,0.0223
28.04.2021 10:27:39.083 GMT+0200,157.036,156.993,0.0177,0.0223
28.04.2021 10:28:11.227 GMT+0200,157.003,156.959,0.0177,0.0223
28.04.2021 10:28:16.767 GMT+0200,157.02100000000002,156.974,0.0177,0.0223
28.04.2021 10:28:18.239 GMT+0200,157.04,156.989,0.0177,0.0223
28.04.2021 10:29:02.400 GMT+0200,157.008,156.96,0.0177,0.0223
28.04.2021 10:29:03.790 GMT+0200,157.036,156.991,0.0177,0.0223
28.04.2021 10:29:07.387 GMT+0200,157.003,156.96200000000002,0.0177,0.0223
28.04.2021 10:29:08.684 GMT+0200,157.024,156.979,0.0177,0.0223
28.04.2021 10:29:08.801 GMT+0200,157.034,156.989,0.0177,0.0223
28.04.2021 10:29:13.513 GMT+0200,157.008,156.96200000000002,0.0177,0.0223
28.04.2021 10:29:20.507 GMT+0200,157.041,156.993,0.0177,0.0223
28.04.2021 10:30:19.189 GMT+0200,157.009,156.959,0.0177,0.0223
28.04.2021 10:32:53.712 GMT+0200,157.041,156.996,0.0177,0.0223
28.04.2021 10:33:15.125 GMT+0200,157.008,156.96200000000002,0.0177,0.0223
28.04.2021 10:33:17.460 GMT+0200,157.037,156.994,0.0177,0.0223
28.04.2021 10:33:38.678 GMT+0200,157.072,157.025,0.0177,0.0223
28.04.2021 10:34:01.963 GMT+0200,157.037,156.99,0.0177,0.0223
28.04.2021 10:35:52.527 GMT+0200,157.071,157.025,0.0177,0.0223
28.04.2021 10:35:57.102 GMT+0200,157.039,156.99,0.0177,0.0223
28.04.2021 10:35:57.308 GMT+0200,157.065,157.02700000000002,0.0177,0.0223
28.04.2021 10:36:04.400 GMT+0200,157.037,156.991,0.0177,0.0223
28.04.2021 10:36:04.503 GMT+0200,157.054,157.005,0.0177,0.0223
28.04.2021 10:36:04.705 GMT+0200,157.07,157.025,0.0177,0.0223
28.04.2021 10:36:05.374 GMT+0200,157.039,156.99,0.0177,0.0223
28.04.2021 10:36:07.870 GMT+0200,157.069,157.024,0.0177,0.0223
28.04.2021 10:36:17.939 GMT+0200,157.056,157.009,0.0177,0.0223
28.04.2021 10:36:19.590 GMT+0200,157.06799999999998,157.025,0.0177,0.0223
28.04.2021 10:36:25.448 GMT+0200,157.039,156.989,0.0177,0.0223
28.04.2021 10:36:25.988 GMT+0200,157.065,157.023,0.0177,0.0223
28.04.2021 10:36:34.131 GMT+0200,157.036,156.99200000000002,0.0177,0.0223
28.04.2021 10:36:34.665 GMT+0200,157.053,157.006,0.0177,0.0223
28.04.2021 10:36:35.199 GMT+0200,157.034,156.993,0.0177,0.0223
28.04.2021 10:38:37.115 GMT+0200,157.067,157.02,0.0177,0.0223
28.04.2021 10:39:56.770 GMT+0200,157.104,157.053,0.0177,0.0223
28.04.2021 10:39:57.100 GMT+0200,157.06799999999998,157.02100000000002,0.0177,0.0223
28.04.2021 10:40:01.462 GMT+0200,157.08700000000002,157.039,0.0177,0.0223
28.04.2021 10:40:01.581 GMT+0200,157.097,157.053,0.0177,0.0223
28.04.2021 10:40:01.764 GMT+0200,157.067,157.02700000000002,0.0177,0.0223
28.04.2021 10:40:02.484 GMT+0200,157.1,157.054,0.0177,0.0223
28.04.2021 10:40:13.544 GMT+0200,157.065,157.025,0.0177,0.0223
28.04.2021 10:40:14.597 GMT+0200,157.102,157.053,0.0177,0.0223
28.04.2021 10:40:37.527 GMT+0200,157.071,157.02100000000002,0.0177,0.0223
28.04.2021 10:41:29.941 GMT+0200,157.041,156.994,0.0177,0.0223
28.04.2021 10:41:33.195 GMT+0200,157.065,157.025,0.0177,0.0223
28.04.2021 10:41:39.153 GMT+0200,157.034,156.99200000000002,0.0177,0.0223
28.04.2021 10:41:39.258 GMT+0200,157.05700000000002,157.012,0.0177,0.0223
28.04.2021 10:41:39.517 GMT+0200,157.07,157.02700000000002,0.0177,0.0223
28.04.2021 10:42:14.721 GMT+0200,157.037,156.989,0.0177,0.0223
28.04.2021 10:42:14.989 GMT+0200,157.065,157.02100000000002,0.0177,0.0223
28.04.2021 10:42:55.348 GMT+0200,157.036,156.993,0.0177,0.0223
28.04.2021 10:43:02.263 GMT+0200,157.071,157.02200000000002,0.0177,0.0223
28.04.2021 10:43:03.547 GMT+0200,157.04,156.993,0.0177,0.0223
28.04.2021 10:43:12.851 GMT+0200,157.07,157.023,0.0177,0.0223
28.04.2021 10:43:44.347 GMT+0200,157.103,157.053,0.0177,0.0223
28.04.2021 10:44:03.849 GMT+0200,157.067,157.02100000000002,0.0177,0.0223
28.04.2021 10:44:59.516 GMT+0200,157.099,157.05700000000002,0.0177,0.0223
28.04.2021 10:47:32.251 GMT+0200,157.13,157.086,0.0177,0.0223
28.04.2021 10:47:33.212 GMT+0200,157.103,157.053,0.0177,0.0223
28.04.2021 10:47:40.203 GMT+0200,157.133,157.09,0.0177,0.0223
28.04.2021 10:48:13.052 GMT+0200,157.097,157.056,0.0177,0.0223
28.04.2021 10:48:13.161 GMT+0200,157.13,157.085,0.0177,0.0223
28.04.2021 10:48:15.352 GMT+0200,157.1,157.055,0.0177,0.0223
28.04.2021 10:49:02.374 GMT+0200,157.07,157.023,0.0177,0.0223
28.04.2021 10:49:04.912 GMT+0200,157.101,157.053,0.0177,0.0223
28.04.2021 10:49:20.025 GMT+0200,157.085,157.04,0.0177,0.0223
28.04.2021 10:49:20.129 GMT+0200,157.072,157.02700000000002,0.0177,0.0223
28.04.2021 10:49:20.654 GMT+0200,157.1,157.054,0.0177,0.0223
28.04.2021 10:51:02.229 GMT+0200,157.088,157.043,0.0177,0.0223
28.04.2021 10:51:02.334 GMT+0200,157.103,157.054,0.0177,0.0223
28.04.2021 10:51:04.500 GMT+0200,157.084,157.041,0.0177,0.0223
28.04.2021 10:51:07.022 GMT+0200,157.102,157.053,0.0177,0.0223
28.04.2021 10:51:08.613 GMT+0200,157.083,157.041,0.0177,0.0223
28.04.2021 10:51:08.978 GMT+0200,157.072,157.02200000000002,0.0177,0.0223
28.04.2021 10:51:10.558 GMT+0200,157.1,157.056,0.0177,0.0223
28.04.2021 10:51:44.713 GMT+0200,157.133,157.083,0.0177,0.0223
28.04.2021 10:51:45.442 GMT+0200,157.102,157.056,0.0177,0.0223
28.04.2021 10:51:51.823 GMT+0200,157.13,157.08700000000002,0.0177,0.0223
28.04.2021 10:51:57.491 GMT+0200,157.11700000000002,157.07,0.0177,0.0223
28.04.2021 10:51:57.620 GMT+0200,157.1,157.054,0.0177,0.0223
28.04.2021 10:51:59.676 GMT+0200,157.131,157.085,0.0177,0.0223
28.04.2021 10:52:01.621 GMT+0200,157.104,157.054,0.0177,0.0223
28.04.2021 10:52:13.271 GMT+0200,157.131,157.084,0.0177,0.0223
28.04.2021 10:52:14.975 GMT+0200,157.102,157.05200000000002,0.0177,0.0223
28.04.2021 10:52:15.223 GMT+0200,157.13,157.08700000000002,0.0177,0.0223
28.04.2021 10:52:51.514 GMT+0200,157.099,157.05200000000002,0.0177,0.0223
28.04.2021 10:54:50.919 GMT+0200,157.131,157.085,0.0177,0.0223
28.04.2021 10:54:51.067 GMT+0200,157.104,157.05700000000002,0.0177,0.0223
28.04.2021 10:54:53.693 GMT+0200,157.132,157.084,0.0177,0.0223
28.04.2021 10:54:54.196 GMT+0200,157.103,157.055,0.0177,0.0223
28.04.2021 10:54:55.190 GMT+0200,157.13,157.088,0.0177,0.0223
28.04.2021 10:54:55.303 GMT+0200,157.115,157.069,0.0177,0.0223
28.04.2021 10:54:55.833 GMT+0200,157.128,157.085,0.0177,0.0223
28.04.2021 10:55:02.265 GMT+0200,157.118,157.067,0.0177,0.0223
28.04.2021 10:55:02.547 GMT+0200,157.1,157.054,0.0177,0.0223
28.04.2021 10:55:04.459 GMT+0200,157.118,157.06799999999998,0.0177,0.0223
28.04.2021 10:55:09.742 GMT+0200,157.133,157.088,0.0177,0.0223
28.04.2021 10:55:19.257 GMT+0200,157.102,157.053,0.0177,0.0223
28.04.2021 10:56:41.325 GMT+0200,157.134,157.084,0.0177,0.0223
28.04.2021 10:56:41.869 GMT+0200,157.097,157.05200000000002,0.0177,0.0223
28.04.2021 10:56:43.713 GMT+0200,157.131,157.086,0.0177,0.0223
28.04.2021 10:58:06.554 GMT+0200,157.101,157.056,0.0177,0.0223
28.04.2021 11:00:28.141 GMT+0200,157.071,157.024,0.0177,0.0223
28.04.2021 11:00:29.462 GMT+0200,157.099,157.05200000000002,0.0177,0.0223
28.04.2021 11:00:42.054 GMT+0200,157.067,157.02200000000002,0.0177,0.0223
28.04.2021 11:00:43.690 GMT+0200,157.103,157.054,0.0177,0.0223
28.04.2021 11:00:52.591 GMT+0200,157.072,157.02100000000002,0.0177,0.0223
28.04.2021 11:00:53.240 GMT+0200,157.103,157.05700000000002,0.0177,0.0223
28.04.2021 11:00:55.789 GMT+0200,157.069,157.023,0.0177,0.0223
28.04.2021 11:04:39.452 GMT+0200,157.1,157.05200000000002,0.0177,0.0223
28.04.2021 11:05:02.279 GMT+0200,157.084,157.043,0.0177,0.0223
28.04.2021 11:05:02.382 GMT+0200,157.06799999999998,157.02200000000002,0.0177,0.0223
28.04.2021 11:05:43.237 GMT+0200,157.097,157.054,0.0177,0.0223
28.04.2021 11:05:43.696 GMT+0200,157.06799999999998,157.02200000000002,0.0177,0.0223
28.04.2021 11:05:43.907 GMT+0200,157.099,157.054,0.0177,0.0223
28.04.2021 11:05:57.929 GMT+0200,157.07,157.02200000000002,0.0177,0.0223
28.04.2021 11:06:08.372 GMT+0200,157.099,157.05200000000002,0.0177,0.0223
28.04.2021 11:06:11.660 GMT+0200,157.072,157.02200000000002,0.0177,0.0223
28.04.2021 11:06:11.920 GMT+0200,157.101,157.054,0.0177,0.0223
28.04.2021 11:06:12.573 GMT+0200,157.067,157.024,0.0177,0.0223
28.04.2021 11:06:12.945 GMT+0200,157.097,157.053,0.0177,0.0223
28.04.2021 11:06:13.074 GMT+0200,157.065,157.02100000000002,0.0177,0.0223
28.04.2021 11:06:13.884 GMT+0200,157.101,157.05700000000002,0.0177,0.0223
28.04.2021 11:06:15.644 GMT+0200,157.069,157.023,0.0177,0.0223
28.04.2021 11:06:15.776 GMT+0200,157.099,157.054,0.0177,0.0223
28.04.2021 11:06:16.097 GMT+0200,157.065,157.02,0.0177,0.0223
28.04.2021 11:06:16.848 GMT+0200,157.101,157.05700000000002,0.0177,0.0223
28.04.2021 11:06:20.015 GMT+0200,157.071,157.024,0.0177,0.0223
28.04.2021 11:06:20.532 GMT+0200,157.097,157.056,0.0177,0.0223
28.04.2021 11:06:39.389 GMT+0200,157.071,157.02100000000002,0.0177,0.0223
28.04.2021 11:06:44.071 GMT+0200,157.099,157.056,0.0177,0.0223
28.04.2021 11:06:57.130 GMT+0200,157.065,157.02200000000002,0.0177,0.0223
28.04.2021 11:09:17.106 GMT+0200,157.104,157.055,0.0177,0.0223
28.04.2021 11:10:05.191 GMT+0200,157.07,157.02100000000002,0.0177,0.0223
28.04.2021 11:10:08.767 GMT+0200,157.1,157.059,0.0177,0.0223
28.04.2021 11:10:48.317 GMT+0200,157.083,157.037,0.0177,0.0223
28.04.2021 11:10:48.418 GMT+0200,157.069,157.023,0.0177,0.0223
28.04.2021 11:14:03.407 GMT+0200,157.037,156.989,0.0177,0.0223
28.04.2021 11:15:59.495 GMT+0200,157.06799999999998,157.023,0.0177,0.0223
28.04.2021 11:16:10.201 GMT+0200,157.037,156.994,0.0177,0.0223
28.04.2021 11:16:10.585 GMT+0200,157.056,157.007,0.0177,0.0223
28.04.2021 11:16:10.709 GMT+0200,157.071,157.02100000000002,0.0177,0.0223
28.04.2021 11:16:36.139 GMT+0200,157.03799999999998,156.99200000000002,0.0177,0.0223
28.04.2021 11:16:37.284 GMT+0200,157.06799999999998,157.024,0.0177,0.0223
28.04.2021 11:16:37.403 GMT+0200,157.05200000000002,157.006,0.0177,0.0223
28.04.2021 11:16:41.026 GMT+0200,157.03799999999998,156.993,0.0177,0.0223
28.04.2021 11:16:41.820 GMT+0200,157.06799999999998,157.02700000000002,0.0177,0.0223
28.04.2021 11:16:44.088 GMT+0200,157.055,157.006,0.0177,0.0223
28.04.2021 11:16:45.172 GMT+0200,157.034,156.996,0.0177,0.0223
28.04.2021 11:16:45.443 GMT+0200,157.053,157.01,0.0177,0.0223
28.04.2021 11:16:46.978 GMT+0200,157.04,156.996,0.0177,0.0223
28.04.2021 11:17:30.628 GMT+0200,157.05,157.01,0.0177,0.0223
28.04.2021 11:17:30.735 GMT+0200,157.034,156.99200000000002,0.0177,0.0223
28.04.2021 11:17:32.483 GMT+0200,157.065,157.02100000000002,0.0177,0.0223
28.04.2021 11:18:46.607 GMT+0200,157.039,156.993,0.0177,0.0223
28.04.2021 11:21:24.551 GMT+0200,157.071,157.02200000000002,0.0177,0.0223
28.04.2021 11:21:24.705 GMT+0200,157.03799999999998,156.996,0.0177,0.0223
28.04.2021 11:21:38.321 GMT+0200,157.067,157.023,0.0177,0.0223
28.04.2021 11:21:40.087 GMT+0200,157.03799999999998,156.991,0.0177,0.0223
28.04.2021 11:21:41.368 GMT+0200,157.06799999999998,157.02,0.0177,0.0223
28.04.2021 11:22:04.067 GMT+0200,157.039,156.993,0.0177,0.0223
28.04.2021 11:22:07.569 GMT+0200,157.067,157.02700000000002,0.0177,0.0223
28.04.2021 11:22:07.881 GMT+0200,157.041,156.994,0.0177,0.0223
28.04.2021 11:22:08.138 GMT+0200,157.06799999999998,157.02,0.0177,0.0223
28.04.2021 11:22:11.730 GMT+0200,157.04,156.996,0.0177,0.0223
28.04.2021 11:22:17.309 GMT+0200,157.069,157.02100000000002,0.0177,0.0223
28.04.2021 11:29:38.614 GMT+0200,157.04,156.989,0.0177,0.0223
28.04.2021 11:29:51.216 GMT+0200,157.07,157.025,0.0177,0.0223
28.04.2021 11:29:55.540 GMT+0200,157.053,157.005,0.0177,0.0223
28.04.2021 11:29:55.643 GMT+0200,157.071,157.02100000000002,0.0177,0.0223
28.04.2021 11:32:37.245 GMT+0200,157.041,156.996,0.0177,0.0223
28.04.2021 11:33:59.559 GMT+0200,157.072,157.02700000000002,0.0177,0.0223
28.04.2021 11:34:01.136 GMT+0200,157.036,156.99200000000002,0.0177,0.0223
28.04.2021 11:36:25.559 GMT+0200,157.009,156.96,0.0177,0.0223
28.04.2021 11:37:18.216 GMT+0200,156.974,156.92700000000002,0.0177,0.0223
28.04.2021 11:37:57.635 GMT+0200,156.961,156.911,0.0177,0.0223
28.04.2021 11:37:57.922 GMT+0200,156.977,156.928,0.0177,0.0223
28.04.2021 11:37:58.607 GMT+0200,156.945,156.9,0.0177,0.0223
28.04.2021 11:38:05.864 GMT+0200,156.961,156.914,0.0177,0.0223
28.04.2021 11:38:06.368 GMT+0200,156.977,156.928,0.0177,0.0223
28.04.2021 11:39:00.873 GMT+0200,156.959,156.911,0.0177,0.0223
28.04.2021 11:39:01.497 GMT+0200,156.942,156.898,0.0177,0.0223
28.04.2021 11:39:02.101 GMT+0200,156.972,156.929,0.0177,0.0223
28.04.2021 11:39:40.133 GMT+0200,157.01,156.961,0.0177,0.0223
28.04.2021 11:39:41.819 GMT+0200,156.974,156.934,0.0177,0.0223
28.04.2021 11:40:36.894 GMT+0200,156.94299999999998,156.89600000000002,0.0177,0.0223
28.04.2021 11:40:37.029 GMT+0200,156.958,156.91299999999998,0.0177,0.0223
28.04.2021 11:40:38.039 GMT+0200,156.947,156.90200000000002,0.0177,0.0223
28.04.2021 11:40:39.528 GMT+0200,156.976,156.934,0.0177,0.0223
28.04.2021 11:40:48.149 GMT+0200,157.005,156.963,0.0177,0.0223
28.04.2021 11:44:50.415 GMT+0200,157.037,156.994,0.0177,0.0223
28.04.2021 11:48:03.445 GMT+0200,157.007,156.965,0.0177,0.0223
28.04.2021 11:48:54.675 GMT+0200,157.037,156.99200000000002,0.0177,0.0223
28.04.2021 11:49:02.369 GMT+0200,157.003,156.96,0.0177,0.0223
28.04.2021 11:49:02.596 GMT+0200,157.041,156.994,0.0177,0.0223
28.04.2021 11:49:14.477 GMT+0200,157.026,156.975,0.0177,0.0223
28.04.2021 11:49:14.593 GMT+0200,157.003,156.958,0.0177,0.0223
28.04.2021 11:49:31.499 GMT+0200,157.037,156.993,0.0177,0.0223
28.04.2021 11:49:31.818 GMT+0200,157.024,156.977,0.0177,0.0223
28.04.2021 11:49:32.506 GMT+0200,157.003,156.96200000000002,0.0177,0.0223
28.04.2021 11:49:33.817 GMT+0200,157.02200000000002,156.977,0.0177,0.0223
28.04.2021 11:49:37.277 GMT+0200,157.04,156.996,0.0177,0.0223
28.04.2021 11:50:01.164 GMT+0200,157.005,156.963,0.0177,0.0223
28.04.2021 11:51:10.855 GMT+0200,157.04,156.989,0.0177,0.0223
28.04.2021 11:54:17.409 GMT+0200,157.06799999999998,157.02700000000002,0.0177,0.0223
28.04.2021 11:54:20.587 GMT+0200,157.034,156.99,0.0177,0.0223
28.04.2021 11:54:21.021 GMT+0200,157.067,157.02100000000002,0.0177,0.0223
28.04.2021 11:54:36.863 GMT+0200,157.036,156.991,0.0177,0.0223
28.04.2021 11:54:39.683 GMT+0200,157.072,157.023,0.0177,0.0223
28.04.2021 11:54:44.027 GMT+0200,157.04,156.993,0.0177,0.0223
28.04.2021 11:54:44.958 GMT+0200,157.065,157.024,0.0177,0.0223
28.04.2021 11:55:01.744 GMT+0200,157.037,156.994,0.0177,0.0223
28.04.2021 11:55:33.825 GMT+0200,157.06799999999998,157.02200000000002,0.0177,0.0223
28.04.2021 11:55:39.016 GMT+0200,157.037,156.993,0.0177,0.0223
28.04.2021 11:55:41.563 GMT+0200,157.065,157.023,0.0177,0.0223
28.04.2021 11:55:45.365 GMT+0200,157.04,156.989,0.0177,0.0223
28.04.2021 11:56:24.774 GMT+0200,157.067,157.02100000000002,0.0177,0.0223
28.04.2021 11:56:53.828 GMT+0200,157.04,156.991,0.0177,0.0223
28.04.2021 11:59:03.493 GMT+0200,157.071,157.02700000000002,0.0177,0.0223
28.04.2021 11:59:03.684 GMT+0200,157.04,156.991,0.0177,0.0223
28.04.2021 12:01:03.687 GMT+0200,157.071,157.02,0.0177,0.0223
28.04.2021 12:02:27.506 GMT+0200,157.097,157.055,0.0177,0.0223
28.04.2021 12:02:28.379 GMT+0200,157.069,157.02700000000002,0.0177,0.0223
28.04.2021 12:02:28.645 GMT+0200,157.102,157.054,0.0177,0.0223
28.04.2021 12:03:17.543 GMT+0200,157.06799999999998,157.025,0.0177,0.0223
28.04.2021 12:03:21.804 GMT+0200,157.103,157.05200000000002,0.0177,0.0223
28.04.2021 12:04:18.958 GMT+0200,157.131,157.083,0.0177,0.0223
28.04.2021 12:04:19.712 GMT+0200,157.101,157.059,0.0177,0.0223
28.04.2021 12:04:20.067 GMT+0200,157.128,157.083,0.0177,0.0223
28.04.2021 12:04:35.607 GMT+0200,157.103,157.056,0.0177,0.0223
28.04.2021 12:04:36.567 GMT+0200,157.132,157.083,0.0177,0.0223
28.04.2021 12:04:37.107 GMT+0200,157.103,157.056,0.0177,0.0223
28.04.2021 12:04:39.259 GMT+0200,157.134,157.088,0.0177,0.0223
28.04.2021 12:04:40.725 GMT+0200,157.097,157.059,0.0177,0.0223
28.04.2021 12:04:44.459 GMT+0200,157.135,157.083,0.0177,0.0223
28.04.2021 12:05:01.065 GMT+0200,157.11200000000002,157.074,0.0177,0.0223
28.04.2021 12:05:01.427 GMT+0200,157.101,157.055,0.0177,0.0223
28.04.2021 12:05:12.397 GMT+0200,157.131,157.09,0.0177,0.0223
28.04.2021 12:05:14.203 GMT+0200,157.102,157.05700000000002,0.0177,0.0223
28.04.2021 12:06:38.145 GMT+0200,157.069,157.02,0.0177,0.0223
28.04.2021 12:06:41.929 GMT+0200,157.099,157.05200000000002,0.0177,0.0223
28.04.2021 12:06:42.435 GMT+0200,157.06799999999998,157.02700000000002,0.0177,0.0223
28.04.2021 12:06:43.672 GMT+0200,157.104,157.05700000000002,0.0177,0.0223
28.04.2021 12:06:44.016 GMT+0200,157.072,157.023,0.0177,0.0223
28.04.2021 12:06:44.139 GMT+0200,157.088,157.036,0.0177,0.0223
28.04.2021 12:06:45.181 GMT+0200,157.07,157.025,0.0177,0.0223
28.04.2021 12:07:26.707 GMT+0200,157.104,157.056,0.0177,0.0223
28.04.2021 12:07:34.553 GMT+0200,157.07,157.02700000000002,0.0177,0.0223
28.04.2021 12:07:34.655 GMT+0200,157.101,157.054,0.0177,0.0223
28.04.2021 12:08:24.473 GMT+0200,157.072,157.02100000000002,0.0177,0.0223
28.04.2021 12:08:24.622 GMT+0200,157.1,157.053,0.0177,0.0223
28.04.2021 12:08:25.569 GMT+0200,157.071,157.024,0.0177,0.0223
28.04.2021 12:08:26.680 GMT+0200,157.088,157.037,0.0177,0.0223
28.04.2021 12:08:26.870 GMT+0200,157.071,157.024,0.0177,0.0223
28.04.2021 12:08:34.729 GMT+0200,157.102,157.059,0.0177,0.0223
28.04.2021 12:08:54.550 GMT+0200,157.07,157.023,0.0177,0.0223
28.04.2021 12:08:55.083 GMT+0200,157.103,157.05200000000002,0.0177,0.0223
28.04.2021 12:08:56.562 GMT+0200,157.071,157.02100000000002,0.0177,0.0223
28.04.2021 12:10:01.419 GMT+0200,157.1,157.05700000000002,0.0177,0.0223
28.04.2021 12:10:02.415 GMT+0200,157.067,157.025,0.0177,0.0223
28.04.2021 12:11:39.850 GMT+0200,157.037,156.993,0.0177,0.0223
28.04.2021 12:13:21.088 GMT+0200,157.065,157.02100000000002,0.0177,0.0223
28.04.2021 12:14:57.802 GMT+0200,157.101,157.055,0.0177,0.0223
28.04.2021 12:14:58.497 GMT+0200,157.072,157.02,0.0177,0.0223
28.04.2021 12:14:58.941 GMT+0200,157.08100000000002,157.037,0.0177,0.0223
28.04.2021 12:14:59.049 GMT+0200,157.101,157.053,0.0177,0.0223
28.04.2021 12:14:59.492 GMT+0200,157.084,157.043,0.0177,0.0223
28.04.2021 12:14:59.611 GMT+0200,157.072,157.02100000000002,0.0177,0.0223
28.04.2021 12:15:01.612 GMT+0200,157.102,157.05200000000002,0.0177,0.0223
28.04.2021 12:17:18.062 GMT+0200,157.131,157.084,0.0177,0.0223
28.04.2021 12:17:18.845 GMT+0200,157.101,157.055,0.0177,0.0223
28.04.2021 12:17:19.297 GMT+0200,157.115,157.069,0.0177,0.0223
28.04.2021 12:17:19.452 GMT+0200,157.132,157.086,0.0177,0.0223
28.04.2021 12:17:31.295 GMT+0200,157.102,157.05200000000002,0.0177,0.0223
28.04.2021 12:17:34.054 GMT+0200,157.116,157.074,0.0177,0.0223
28.04.2021 12:17:34.156 GMT+0200,157.097,157.059,0.0177,0.0223
28.04.2021 12:17:45.331 GMT+0200,157.132,157.085,0.0177,0.0223
