Local time,Ask,Bid,AskVolume,BidVolume
26.09.2018 00:02:28.240 GMT+0100,2917.93,2917.2690000000002,0.0008,0.003
26.09.2018 00:02:34.953 GMT+0100,2917.93,2916.9700000000003,0.0022,0.003
26.09.2018 00:02:35.003 GMT+0100,2917.631,2916.9700000000003,0.0022,0.0015
26.09.2018 00:02:46.601 GMT+0100,2917.631,2917.27,0.0008,0.0015
26.09.2018 00:02:46.651 GMT+0100,2917.93,2917.27,0.0022,0.003
26.09.2018 00:04:48.258 GMT+0100,2917.93,2917.4690000000005,0.0008,0.0015
26.09.2018 00:04:48.308 GMT+0100,2918.13,2917.4690000000005,0.0008,0.003
26.09.2018 00:04:51.293 GMT+0100,2917.93,2917.27,0.0022,0.003
26.09.2018 00:04:55.337 GMT+0100,2917.93,2917.4700000000003,0.0008,0.0015
26.09.2018 00:04:55.387 GMT+0100,2918.13,2917.4700000000003,0.0022,0.003
26.09.2018 00:04:58.986 GMT+0100,2917.93,2917.27,0.0022,0.003
26.09.2018 00:05:08.076 GMT+0100,2917.93,2917.4700000000003,0.0008,0.0015
26.09.2018 00:05:08.127 GMT+0100,2918.131,2917.4700000000003,0.0022,0.0015
26.09.2018 00:05:11.928 GMT+0100,2917.93,2917.2690000000002,0.0008,0.003
26.09.2018 00:06:42.767 GMT+0100,2917.93,2917.4700000000003,0.0008,0.0015
26.09.2018 00:06:42.818 GMT+0100,2918.131,2917.4700000000003,0.0022,0.0015
26.09.2018 00:06:45.910 GMT+0100,2918.131,2917.27,0.0022,0.003
26.09.2018 00:06:45.994 GMT+0100,2917.93,2917.27,0.0022,0.003
26.09.2018 00:06:52.829 GMT+0100,2917.93,2917.4700000000003,0.0008,0.0015
26.09.2018 00:06:52.879 GMT+0100,2918.13,2917.4700000000003,0.0022,0.003
26.09.2018 00:06:56.566 GMT+0100,2918.13,2917.2690000000002,0.0022,0.003
26.09.2018 00:06:56.616 GMT+0100,2917.93,2917.2690000000002,0.0008,0.003
26.09.2018 00:07:21.413 GMT+0100,2918.13,2917.4700000000003,0.0022,0.003
26.09.2018 00:07:25.120 GMT+0100,2918.13,2917.27,0.0022,0.003
26.09.2018 00:07:25.171 GMT+0100,2917.93,2917.27,0.0022,0.003
26.09.2018 00:08:47.163 GMT+0100,2917.93,2917.4690000000005,0.0008,0.0015
26.09.2018 00:08:47.213 GMT+0100,2918.131,2917.4690000000005,0.0022,0.003
26.09.2018 00:09:16.039 GMT+0100,2918.43,2917.77,0.0022,0.003
26.09.2018 00:10:40.185 GMT+0100,2918.43,2917.4690000000005,0.0022,0.003
26.09.2018 00:10:40.236 GMT+0100,2918.13,2917.4690000000005,0.0008,0.003
26.09.2018 00:11:08.959 GMT+0100,2918.13,2917.77,0.0008,0.0015
26.09.2018 00:11:09.009 GMT+0100,2918.43,2917.77,0.0022,0.003
26.09.2018 00:17:37.438 GMT+0100,2918.43,2917.9690000000005,0.0008,0.0015
26.09.2018 00:17:37.489 GMT+0100,2918.63,2917.9690000000005,0.0008,0.003
26.09.2018 00:18:32.931 GMT+0100,2918.63,2918.27,0.0008,0.0015
26.09.2018 00:18:32.981 GMT+0100,2918.931,2918.27,0.0022,0.0015
26.09.2018 00:21:59.349 GMT+0100,2918.931,2917.9700000000003,0.0022,0.003
26.09.2018 00:21:59.400 GMT+0100,2918.63,2917.9700000000003,0,0.0023
26.09.2018 00:22:20.828 GMT+0100,2918.63,2918.2690000000002,0,0.0015
26.09.2018 00:22:20.879 GMT+0100,2918.93,2918.2690000000002,0.0004,0.0037
26.09.2018 00:23:21.153 GMT+0100,2918.931,2918.2690000000002,0.0022,0.003
26.09.2018 00:25:52.517 GMT+0100,2918.63,2917.9700000000003,0.0014,0.0021
26.09.2018 00:26:15.431 GMT+0100,2918.63,2918.2690000000002,0.0015,0.0015
26.09.2018 00:26:15.481 GMT+0100,2918.931,2918.2690000000002,0.003,0.0037
26.09.2018 00:27:46.026 GMT+0100,2918.931,2917.9700000000003,0.0022,0.003
26.09.2018 00:27:46.076 GMT+0100,2918.631,2917.9700000000003,0.003,0.0015
26.09.2018 00:28:32.463 GMT+0100,2918.631,2918.2690000000002,0.0015,0.0015
26.09.2018 00:28:32.514 GMT+0100,2918.93,2918.2690000000002,0,0.0037
26.09.2018 00:30:39.640 GMT+0100,2918.63,2918.2690000000002,0.0008,0.0015
26.09.2018 00:30:39.691 GMT+0100,2918.63,2917.9690000000005,0,0.0037
26.09.2018 00:31:25.163 GMT+0100,2918.63,2917.7690000000002,0,0.0037
26.09.2018 00:31:25.214 GMT+0100,2918.431,2917.7690000000002,0.003,0.0037
26.09.2018 00:31:44.046 GMT+0100,2918.431,2917.9690000000005,0.0015,0.0015
26.09.2018 00:31:44.096 GMT+0100,2918.631,2917.9690000000005,0.003,0.0037
26.09.2018 00:31:44.462 GMT+0100,2918.631,2917.7690000000002,0.003,0.0037
26.09.2018 00:31:44.513 GMT+0100,2918.43,2917.7690000000002,0,0.0037
26.09.2018 00:40:12.015 GMT+0100,2918.43,2917.9700000000003,0.0008,0.0015
26.09.2018 00:40:12.104 GMT+0100,2918.631,2917.9700000000003,0.003,0.0015
26.09.2018 00:43:05.005 GMT+0100,2918.631,2918.2690000000002,0.0008,0.0015
26.09.2018 00:43:05.056 GMT+0100,2918.931,2918.2690000000002,0.003,0.0037
26.09.2018 00:44:05.776 GMT+0100,2918.931,2917.9690000000005,0.0022,0.003
26.09.2018 00:44:05.827 GMT+0100,2918.63,2917.9690000000005,0.0004,0.0037
26.09.2018 00:44:20.927 GMT+0100,2918.63,2917.7690000000002,0.0004,0.0037
26.09.2018 00:44:21.010 GMT+0100,2918.43,2917.7690000000002,0,0.0037
26.09.2018 00:44:24.445 GMT+0100,2918.63,2917.9690000000005,0,0.0037
26.09.2018 00:46:39.063 GMT+0100,2918.63,2918.27,0.0008,0.0015
26.09.2018 00:46:39.114 GMT+0100,2918.931,2918.27,0.003,0.0015
26.09.2018 00:46:40.490 GMT+0100,2918.931,2917.9700000000003,0.003,0.0037
26.09.2018 00:46:40.540 GMT+0100,2918.631,2917.9700000000003,0.003,0.0015
26.09.2018 00:48:59.213 GMT+0100,2918.631,2918.07,0.0008,0.0015
26.09.2018 00:48:59.264 GMT+0100,2918.7309999999998,2918.07,0.003,0.0015
26.09.2018 00:49:03.006 GMT+0100,2918.7309999999998,2918.27,0.0015,0.0015
26.09.2018 00:49:03.121 GMT+0100,2918.931,2918.27,0.003,0.0015
26.09.2018 00:49:06.883 GMT+0100,2918.931,2917.9700000000003,0.003,0.0037
26.09.2018 00:49:06.934 GMT+0100,2918.63,2917.9700000000003,0.003,0.0037
26.09.2018 00:49:09.675 GMT+0100,2918.63,2918.2690000000002,0.0015,0.0015
26.09.2018 00:49:09.725 GMT+0100,2918.93,2918.2690000000002,0,0.0037
26.09.2018 00:49:11.977 GMT+0100,2918.93,2918.0690000000004,0,0.0037
26.09.2018 00:49:12.027 GMT+0100,2918.7309999999998,2918.0690000000004,0.003,0.0037
26.09.2018 00:49:14.789 GMT+0100,2918.7309999999998,2918.27,0.0015,0.0015
26.09.2018 00:49:14.839 GMT+0100,2918.93,2918.27,0.0004,0.002
26.09.2018 00:49:15.488 GMT+0100,2918.93,2918.07,0.0004,0.0037
26.09.2018 00:49:15.539 GMT+0100,2918.7309999999998,2918.07,0.003,0.0015
26.09.2018 00:49:21.871 GMT+0100,2918.7309999999998,2918.27,0.0015,0.0015
26.09.2018 00:49:21.922 GMT+0100,2918.931,2918.27,0.003,0.0015
26.09.2018 00:49:30.922 GMT+0100,2918.931,2917.9690000000005,0.003,0.0037
26.09.2018 00:49:30.973 GMT+0100,2918.63,2917.9690000000005,0,0.0037
26.09.2018 00:50:11.863 GMT+0100,2918.63,2917.869,0,0.0037
26.09.2018 00:50:11.916 GMT+0100,2918.531,2917.869,0.003,0.0037
26.09.2018 00:50:14.771 GMT+0100,2918.531,2917.869,0,0.0037
26.09.2018 00:50:14.822 GMT+0100,2918.63,2917.9690000000005,0.0004,0.0037
26.09.2018 00:50:31.430 GMT+0100,2918.63,2917.87,0.0004,0.0037
26.09.2018 00:50:31.481 GMT+0100,2918.53,2917.87,0,0.0023
26.09.2018 00:50:54.074 GMT+0100,2918.53,2917.9690000000005,0,0.0015
26.09.2018 00:50:54.125 GMT+0100,2918.63,2917.9690000000005,0.0015,0.0037
26.09.2018 00:50:55.997 GMT+0100,2918.531,2917.9690000000005,0,0.002
26.09.2018 00:50:56.047 GMT+0100,2918.53,2917.869,0.0004,0.0037
26.09.2018 00:50:59.225 GMT+0100,2918.63,2917.9700000000003,0,0.0023
26.09.2018 00:51:50.343 GMT+0100,2918.63,2917.7690000000002,0,0.0037
26.09.2018 00:51:50.393 GMT+0100,2918.43,2917.7690000000002,0.0004,0.0037
26.09.2018 00:52:50.456 GMT+0100,2918.431,2917.7690000000002,0.0022,0.003
26.09.2018 00:55:07.466 GMT+0100,2918.431,2917.9700000000003,0.0008,0.0015
26.09.2018 00:55:07.517 GMT+0100,2918.63,2917.9700000000003,0,0.0023
26.09.2018 00:56:16.995 GMT+0100,2918.63,2917.7690000000002,0.0022,0.003
26.09.2018 00:56:17.047 GMT+0100,2918.43,2917.7690000000002,0,0.0037
26.09.2018 00:56:21.309 GMT+0100,2918.43,2917.9690000000005,0,0.0015
26.09.2018 00:56:21.360 GMT+0100,2918.63,2917.9690000000005,0.0015,0.0037
26.09.2018 00:57:00.241 GMT+0100,2918.63,2917.7690000000002,0.003,0.0037
26.09.2018 00:57:00.292 GMT+0100,2918.431,2917.7690000000002,0.003,0.0037
26.09.2018 00:57:22.796 GMT+0100,2918.431,2917.87,0.0015,0.0015
26.09.2018 00:57:22.846 GMT+0100,2918.531,2917.87,0.003,0.0015
26.09.2018 00:57:22.991 GMT+0100,2918.531,2917.9700000000003,0.0015,0.0015
26.09.2018 00:57:23.042 GMT+0100,2918.631,2917.9700000000003,0.003,0.0015
26.09.2018 00:59:05.649 GMT+0100,2918.631,2917.77,0.0022,0.003
26.09.2018 00:59:05.700 GMT+0100,2918.43,2917.77,0.003,0.0037
26.09.2018 00:59:09.670 GMT+0100,2918.43,2917.9700000000003,0.0015,0.0015
26.09.2018 00:59:09.721 GMT+0100,2918.63,2917.9700000000003,0.003,0.0037
26.09.2018 00:59:31.346 GMT+0100,2918.63,2917.7690000000002,0.003,0.0037
26.09.2018 00:59:31.397 GMT+0100,2918.43,2917.7690000000002,0,0.0037
26.09.2018 00:59:37.637 GMT+0100,2918.43,2917.869,0,0.0015
26.09.2018 00:59:37.688 GMT+0100,2918.53,2917.869,0.0015,0.0037
26.09.2018 00:59:40.402 GMT+0100,2918.43,2917.7690000000002,0,0.0037
26.09.2018 01:01:45.645 GMT+0100,2918.43,2917.9690000000005,0.0008,0.0015
26.09.2018 01:01:45.696 GMT+0100,2918.63,2917.9690000000005,0.0015,0.0037
26.09.2018 01:01:46.269 GMT+0100,2918.63,2917.77,0.003,0.0037
26.09.2018 01:01:46.319 GMT+0100,2918.43,2917.77,0.003,0.0037
26.09.2018 01:01:46.428 GMT+0100,2918.43,2917.9690000000005,0.0015,0.0015
26.09.2018 01:01:46.479 GMT+0100,2918.631,2917.9690000000005,0.003,0.0037
26.09.2018 01:01:48.059 GMT+0100,2918.631,2917.7690000000002,0.003,0.0037
26.09.2018 01:01:48.109 GMT+0100,2918.43,2917.7690000000002,0,0.0037
26.09.2018 01:01:48.219 GMT+0100,2918.43,2917.9700000000003,0,0.0015
26.09.2018 01:01:48.270 GMT+0100,2918.631,2917.9700000000003,0.003,0.0015
26.09.2018 01:02:17.334 GMT+0100,2918.93,2918.2690000000002,0.0004,0.0037
26.09.2018 01:03:17.562 GMT+0100,2918.931,2918.2690000000002,0.0022,0.003
26.09.2018 01:05:40.438 GMT+0100,2918.931,2917.9700000000003,0.0022,0.003
26.09.2018 01:05:40.489 GMT+0100,2918.63,2917.9700000000003,0.003,0.0037
26.09.2018 01:05:46.946 GMT+0100,2918.931,2918.2690000000002,0.003,0.0037
26.09.2018 01:07:26.886 GMT+0100,2918.931,2918.4700000000003,0.0008,0.0015
26.09.2018 01:07:26.952 GMT+0100,2919.13,2918.4700000000003,0,0.0023
26.09.2018 01:07:36.299 GMT+0100,2919.13,2918.27,0,0.0037
26.09.2018 01:07:36.350 GMT+0100,2918.931,2918.27,0.003,0.0015
26.09.2018 01:08:01.173 GMT+0100,2918.931,2918.4700000000003,0.0015,0.0015
26.09.2018 01:08:01.224 GMT+0100,2919.13,2918.4700000000003,0.0004,0.002
26.09.2018 01:08:01.337 GMT+0100,2918.93,2918.27,0.0004,0.002
26.09.2018 01:09:23.879 GMT+0100,2918.931,2918.4690000000005,0.0008,0.0015
26.09.2018 01:09:23.930 GMT+0100,2919.13,2918.4690000000005,0.0004,0.0037
26.09.2018 01:09:30.467 GMT+0100,2919.13,2918.2690000000002,0.0004,0.0037
26.09.2018 01:09:30.522 GMT+0100,2918.93,2918.2690000000002,0.0015,0.0037
26.09.2018 01:10:20.650 GMT+0100,2918.93,2918.4700000000003,0.0015,0.0015
26.09.2018 01:10:20.701 GMT+0100,2919.13,2918.4700000000003,0.0004,0.002
26.09.2018 01:11:04.338 GMT+0100,2919.13,2918.7690000000002,0.0004,0.0015
26.09.2018 01:11:04.389 GMT+0100,2919.43,2918.7690000000002,0,0.0037
26.09.2018 01:13:00.773 GMT+0100,2919.43,2918.4690000000005,0.0022,0.003
26.09.2018 01:13:00.823 GMT+0100,2919.131,2918.4690000000005,0.003,0.0037
26.09.2018 01:13:01.971 GMT+0100,2919.131,2918.77,0.0015,0.0015
26.09.2018 01:13:02.021 GMT+0100,2919.43,2918.77,0.0004,0.002
26.09.2018 01:13:03.429 GMT+0100,2919.131,2918.4690000000005,0.003,0.0037
26.09.2018 01:15:41.251 GMT+0100,2919.131,2918.2690000000002,0.0022,0.003
26.09.2018 01:15:41.304 GMT+0100,2918.93,2918.2690000000002,0.0004,0.0037
26.09.2018 01:16:05.751 GMT+0100,2918.93,2918.4690000000005,0.0004,0.0015
26.09.2018 01:16:05.802 GMT+0100,2919.13,2918.4690000000005,0.0015,0.0037
26.09.2018 01:16:11.117 GMT+0100,2918.93,2918.2690000000002,0.0015,0.0037
26.09.2018 01:17:24.067 GMT+0100,2918.93,2918.4700000000003,0.0008,0.0015
26.09.2018 01:17:24.117 GMT+0100,2919.13,2918.4700000000003,0.0004,0.002
26.09.2018 01:20:51.864 GMT+0100,2919.131,2918.2690000000002,0.0022,0.003
26.09.2018 01:20:51.914 GMT+0100,2918.93,2918.2690000000002,0,0.0037
26.09.2018 01:20:53.906 GMT+0100,2918.93,2918.4700000000003,0,0.0015
26.09.2018 01:20:53.957 GMT+0100,2919.13,2918.4700000000003,0.0004,0.002
26.09.2018 01:20:54.869 GMT+0100,2919.13,2918.2690000000002,0.0004,0.0037
26.09.2018 01:20:54.920 GMT+0100,2918.93,2918.2690000000002,0,0.0037
26.09.2018 01:21:06.874 GMT+0100,2918.93,2918.4700000000003,0,0.0015
26.09.2018 01:21:06.995 GMT+0100,2919.13,2918.4700000000003,0,0.0023
26.09.2018 01:21:20.604 GMT+0100,2919.13,2918.4700000000003,0,0.0037
26.09.2018 01:21:20.655 GMT+0100,2919.43,2918.7690000000002,0.0015,0.0037
26.09.2018 01:23:21.473 GMT+0100,2919.43,2918.9700000000003,0.0008,0.0015
26.09.2018 01:23:21.523 GMT+0100,2919.63,2918.9700000000003,0.003,0.0037
26.09.2018 01:23:22.008 GMT+0100,2919.63,2918.7690000000002,0.003,0.0037
26.09.2018 01:23:22.059 GMT+0100,2919.43,2918.7690000000002,0.0004,0.0037
26.09.2018 01:23:22.449 GMT+0100,2919.43,2918.9690000000005,0.0004,0.0015
26.09.2018 01:23:22.500 GMT+0100,2919.63,2918.9690000000005,0,0.0037
26.09.2018 01:23:23.713 GMT+0100,2919.63,2918.77,0,0.0037
26.09.2018 01:23:23.763 GMT+0100,2919.43,2918.77,0,0.0023
26.09.2018 01:25:42.164 GMT+0100,2919.43,2918.4700000000003,0.0022,0.003
26.09.2018 01:25:42.215 GMT+0100,2919.13,2918.4700000000003,0.003,0.0037
26.09.2018 01:27:11.407 GMT+0100,2918.931,2918.4700000000003,0.0004,0.0023
26.09.2018 01:27:11.457 GMT+0100,2918.93,2918.2690000000002,0,0.0037
26.09.2018 01:30:16.323 GMT+0100,2918.93,2918.4700000000003,0.0008,0.0015
26.09.2018 01:30:16.374 GMT+0100,2919.13,2918.4700000000003,0.0004,0.002
26.09.2018 01:31:57.482 GMT+0100,2919.131,2918.2690000000002,0.0022,0.003
26.09.2018 01:31:57.532 GMT+0100,2918.93,2918.2690000000002,0.0015,0.0037
26.09.2018 01:32:03.256 GMT+0100,2919.13,2918.4700000000003,0.003,0.0037
26.09.2018 01:32:42.372 GMT+0100,2919.13,2918.2690000000002,0.003,0.0037
26.09.2018 01:32:42.422 GMT+0100,2918.93,2918.2690000000002,0.0015,0.0037
26.09.2018 01:37:03.707 GMT+0100,2918.63,2917.9690000000005,0.0015,0.0037
26.09.2018 01:37:14.928 GMT+0100,2918.63,2918.2690000000002,0.0015,0.0015
26.09.2018 01:37:14.978 GMT+0100,2918.931,2918.2690000000002,0.003,0.0037
26.09.2018 01:42:41.609 GMT+0100,2918.931,2918.4690000000005,0.0008,0.0015
26.09.2018 01:42:41.660 GMT+0100,2919.131,2918.4690000000005,0.003,0.0037
26.09.2018 01:45:58.375 GMT+0100,2918.93,2918.4690000000005,0.0008,0.0015
26.09.2018 01:45:58.426 GMT+0100,2918.93,2918.2690000000002,0,0.0037
26.09.2018 01:46:00.302 GMT+0100,2918.93,2918.4690000000005,0,0.0015
26.09.2018 01:46:00.353 GMT+0100,2919.13,2918.4690000000005,0.0004,0.0037
26.09.2018 01:46:03.130 GMT+0100,2919.13,2918.27,0.0004,0.0037
26.09.2018 01:46:03.180 GMT+0100,2918.93,2918.27,0.0004,0.002
26.09.2018 01:46:05.266 GMT+0100,2918.93,2918.4700000000003,0.0004,0.0015
26.09.2018 01:46:05.317 GMT+0100,2919.13,2918.4700000000003,0.0004,0.002
26.09.2018 01:46:19.630 GMT+0100,2919.13,2918.2690000000002,0.0004,0.0037
26.09.2018 01:46:19.682 GMT+0100,2918.93,2918.2690000000002,0.0015,0.0037
26.09.2018 01:46:38.014 GMT+0100,2918.93,2918.4700000000003,0.0015,0.0015
26.09.2018 01:46:38.064 GMT+0100,2919.13,2918.4700000000003,0.0004,0.002
26.09.2018 01:47:37.301 GMT+0100,2918.93,2918.2690000000002,0.0004,0.0037
26.09.2018 01:48:24.567 GMT+0100,2919.13,2918.4690000000005,0.0015,0.0037
26.09.2018 01:49:20.641 GMT+0100,2919.13,2918.2690000000002,0.003,0.0037
26.09.2018 01:49:20.693 GMT+0100,2918.93,2918.2690000000002,0.0015,0.0037
26.09.2018 01:50:11.978 GMT+0100,2918.93,2917.9690000000005,0.003,0.0037
26.09.2018 01:50:12.028 GMT+0100,2918.63,2917.9690000000005,0.0015,0.0037
26.09.2018 01:52:48.280 GMT+0100,2918.63,2918.27,0.0008,0.0016
26.09.2018 01:52:48.330 GMT+0100,2918.931,2918.27,0.003,0.0016
26.09.2018 01:53:52.792 GMT+0100,2918.631,2917.9700000000003,0.003,0.0016
26.09.2018 01:54:12.237 GMT+0100,2918.631,2917.9700000000003,0.0004,0.0023
26.09.2018 01:54:12.288 GMT+0100,2918.93,2918.27,0,0.0023
26.09.2018 01:58:42.097 GMT+0100,2918.93,2918.4690000000005,0.0008,0.0016
26.09.2018 01:58:42.195 GMT+0100,2919.13,2918.4690000000005,0.0004,0.0037
26.09.2018 01:59:42.412 GMT+0100,2919.131,2918.4690000000005,0.0022,0.003
26.09.2018 02:00:04.215 GMT+0100,2919.131,2918.4690000000005,0,0.0037
26.09.2018 02:00:04.267 GMT+0100,2919.431,2918.7690000000002,0.003,0.0037
26.09.2018 02:00:16.017 GMT+0100,2919.13,2918.7690000000002,0,0.002
26.09.2018 02:00:16.067 GMT+0100,2919.13,2918.4700000000003,0.003,0.0037
26.09.2018 02:00:18.704 GMT+0100,2919.13,2918.7690000000002,0.0015,0.0016
26.09.2018 02:00:18.754 GMT+0100,2919.43,2918.7690000000002,0,0.0037
26.09.2018 02:01:16.832 GMT+0100,2919.43,2918.9700000000003,0,0.0016
26.09.2018 02:01:16.883 GMT+0100,2919.63,2918.9700000000003,0.0004,0.002
26.09.2018 02:06:16.950 GMT+0100,2919.631,2918.9690000000005,0.0008,0.001
26.09.2018 02:06:21.696 GMT+0100,2919.43,2918.77,0.003,0.0037
26.09.2018 02:14:46.836 GMT+0100,2919.13,2918.4700000000003,0.0004,0.002
26.09.2018 02:14:50.467 GMT+0100,2919.43,2918.77,0.0004,0.002
26.09.2018 02:15:25.325 GMT+0100,2919.43,2918.4700000000003,0.0004,0.0037
26.09.2018 02:15:25.375 GMT+0100,2919.13,2918.4700000000003,0,0.0023
26.09.2018 02:15:33.424 GMT+0100,2919.13,2918.7690000000002,0,0.0016
26.09.2018 02:15:33.496 GMT+0100,2919.431,2918.7690000000002,0.003,0.0037
26.09.2018 02:16:08.578 GMT+0100,2919.431,2918.9700000000003,0.0015,0.0016
26.09.2018 02:16:08.629 GMT+0100,2919.631,2918.9700000000003,0.003,0.0016
26.09.2018 02:16:28.588 GMT+0100,2919.931,2919.2690000000002,0.003,0.0037
26.09.2018 02:16:54.964 GMT+0100,2919.931,2918.9690000000005,0.003,0.0037
26.09.2018 02:16:55.015 GMT+0100,2919.63,2918.9690000000005,0,0.0037
26.09.2018 02:17:03.351 GMT+0100,2919.631,2918.9690000000005,0.0004,0.0037
26.09.2018 02:17:03.402 GMT+0100,2919.93,2919.2690000000002,0.0004,0.0037
26.09.2018 02:17:08.683 GMT+0100,2919.93,2918.9690000000005,0.0004,0.0037
26.09.2018 02:17:08.734 GMT+0100,2919.63,2918.9690000000005,0.0004,0.0037
26.09.2018 02:17:49.021 GMT+0100,2919.63,2918.7690000000002,0.0004,0.0037
26.09.2018 02:17:49.071 GMT+0100,2919.43,2918.7690000000002,0,0.0037
26.09.2018 02:17:49.199 GMT+0100,2919.631,2918.9690000000005,0.003,0.0037
26.09.2018 02:18:17.009 GMT+0100,2919.631,2918.87,0.003,0.0037
26.09.2018 02:18:17.060 GMT+0100,2919.53,2918.87,0.003,0.0037
26.09.2018 02:18:17.508 GMT+0100,2919.53,2918.9690000000005,0.0015,0.0016
26.09.2018 02:18:17.559 GMT+0100,2919.63,2918.9690000000005,0.0015,0.0037
26.09.2018 02:18:19.362 GMT+0100,2919.63,2918.7690000000002,0.003,0.0037
26.09.2018 02:18:19.413 GMT+0100,2919.43,2918.7690000000002,0.0004,0.0037
26.09.2018 02:19:19.454 GMT+0100,2919.431,2918.7690000000002,0.0022,0.003
26.09.2018 02:20:14.441 GMT+0100,2919.431,2918.9700000000003,0.0008,0.0016
26.09.2018 02:20:14.492 GMT+0100,2919.63,2918.9700000000003,0.003,0.0037
26.09.2018 02:20:38.856 GMT+0100,2919.93,2919.2690000000002,0.0004,0.0037
26.09.2018 02:20:39.392 GMT+0100,2919.93,2918.9700000000003,0.0004,0.0037
26.09.2018 02:20:39.442 GMT+0100,2919.63,2918.9700000000003,0,0.0023
26.09.2018 02:20:42.197 GMT+0100,2919.63,2919.2690000000002,0,0.0016
26.09.2018 02:20:42.247 GMT+0100,2919.93,2919.2690000000002,0,0.0037
26.09.2018 02:21:40.315 GMT+0100,2919.63,2918.9700000000003,0.0004,0.002
26.09.2018 02:21:40.713 GMT+0100,2919.63,2919.2690000000002,0.0004,0.0016
26.09.2018 02:21:40.764 GMT+0100,2919.93,2919.2690000000002,0,0.0037
26.09.2018 02:21:56.356 GMT+0100,2919.93,2918.9700000000003,0,0.0037
26.09.2018 02:21:56.406 GMT+0100,2919.63,2918.9700000000003,0,0.0023
26.09.2018 02:21:56.517 GMT+0100,2919.63,2919.2690000000002,0,0.0016
26.09.2018 02:21:56.568 GMT+0100,2919.93,2919.2690000000002,0.0004,0.0037
26.09.2018 02:22:56.675 GMT+0100,2919.931,2919.2690000000002,0.0022,0.003
26.09.2018 02:28:48.650 GMT+0100,2919.931,2919.4700000000003,0.0008,0.0016
26.09.2018 02:28:48.700 GMT+0100,2920.13,2919.4700000000003,0,0.0023
26.09.2018 02:30:03.387 GMT+0100,2920.13,2919.27,0.0022,0.003
26.09.2018 02:30:03.438 GMT+0100,2919.93,2919.27,0.0004,0.002
26.09.2018 02:31:05.552 GMT+0100,2919.931,2918.9690000000005,0.0022,0.003
26.09.2018 02:31:05.602 GMT+0100,2919.63,2918.9690000000005,0,0.0037
26.09.2018 02:31:16.825 GMT+0100,2919.63,2918.7690000000002,0,0.0037
26.09.2018 02:31:16.923 GMT+0100,2919.43,2918.7690000000002,0.0015,0.0037
26.09.2018 02:31:44.131 GMT+0100,2919.631,2918.9700000000003,0.003,0.0016
26.09.2018 02:32:22.363 GMT+0100,2919.631,2918.7690000000002,0.003,0.0037
26.09.2018 02:32:22.413 GMT+0100,2919.43,2918.7690000000002,0,0.0037
26.09.2018 02:32:23.211 GMT+0100,2919.43,2918.9700000000003,0,0.0016
26.09.2018 02:32:23.261 GMT+0100,2919.63,2918.9700000000003,0,0.0023
26.09.2018 02:32:23.732 GMT+0100,2919.431,2918.9700000000003,0.0004,0.0023
26.09.2018 02:32:23.783 GMT+0100,2919.431,2918.77,0.003,0.0016
26.09.2018 02:32:24.688 GMT+0100,2919.431,2918.9690000000005,0.0015,0.0016
26.09.2018 02:32:24.739 GMT+0100,2919.63,2918.9690000000005,0,0.0037
26.09.2018 02:32:51.523 GMT+0100,2919.63,2919.2690000000002,0,0.0016
26.09.2018 02:32:51.574 GMT+0100,2919.93,2919.2690000000002,0.0015,0.0037
26.09.2018 02:33:17.844 GMT+0100,2919.93,2919.2690000000002,0,0.0037
26.09.2018 02:33:17.896 GMT+0100,2920.13,2919.4690000000005,0.0015,0.0037
26.09.2018 02:33:24.724 GMT+0100,2919.93,2919.2690000000002,0.0015,0.0037
26.09.2018 02:33:25.029 GMT+0100,2920.13,2919.4700000000003,0.003,0.0037
26.09.2018 02:33:42.833 GMT+0100,2920.13,2919.77,0.0015,0.0016
26.09.2018 02:33:42.884 GMT+0100,2920.43,2919.77,0.0004,0.002
26.09.2018 02:33:57.473 GMT+0100,2920.13,2919.4690000000005,0.0015,0.0037
26.09.2018 02:34:36.397 GMT+0100,2920.431,2919.7690000000002,0.003,0.0037
26.09.2018 02:34:50.639 GMT+0100,2920.431,2919.9700000000003,0.0015,0.0016
26.09.2018 02:34:50.689 GMT+0100,2920.63,2919.9700000000003,0,0.0023
26.09.2018 02:35:19.938 GMT+0100,2920.63,2919.7690000000002,0,0.0037
26.09.2018 02:35:19.989 GMT+0100,2920.43,2919.7690000000002,0,0.0037
26.09.2018 02:36:04.283 GMT+0100,2920.43,2919.4690000000005,0,0.0037
26.09.2018 02:36:04.333 GMT+0100,2920.13,2919.4690000000005,0.0015,0.0037
26.09.2018 02:37:08.961 GMT+0100,2920.13,2919.2690000000002,0.0022,0.003
26.09.2018 02:37:09.012 GMT+0100,2919.931,2919.2690000000002,0.003,0.0037
26.09.2018 02:38:05.989 GMT+0100,2919.931,2919.2690000000002,0.0004,0.0037
26.09.2018 02:38:06.039 GMT+0100,2920.13,2919.4700000000003,0.003,0.0037
26.09.2018 02:38:55.164 GMT+0100,2919.931,2919.27,0.003,0.0016
26.09.2018 02:39:59.625 GMT+0100,2919.931,2919.4700000000003,0.0008,0.0016
26.09.2018 02:39:59.676 GMT+0100,2920.13,2919.4700000000003,0.003,0.0037
26.09.2018 02:40:00.930 GMT+0100,2920.13,2919.2690000000002,0.003,0.0037
26.09.2018 02:40:00.980 GMT+0100,2919.93,2919.2690000000002,0,0.0037
26.09.2018 02:40:04.674 GMT+0100,2919.93,2919.4690000000005,0,0.0016
26.09.2018 02:40:04.727 GMT+0100,2920.131,2919.4690000000005,0.003,0.0037
26.09.2018 02:40:15.950 GMT+0100,2920.131,2919.27,0.003,0.0037
26.09.2018 02:40:16.001 GMT+0100,2919.931,2919.27,0.003,0.0016
26.09.2018 02:40:19.978 GMT+0100,2919.931,2918.9690000000005,0.003,0.0037
26.09.2018 02:40:20.029 GMT+0100,2919.63,2918.9690000000005,0,0.0037
26.09.2018 02:40:38.804 GMT+0100,2919.93,2919.27,0.003,0.0037
26.09.2018 02:42:31.726 GMT+0100,2919.93,2918.9700000000003,0.0022,0.003
26.09.2018 02:42:31.820 GMT+0100,2919.63,2918.9700000000003,0.003,0.0037
26.09.2018 02:43:21.861 GMT+0100,2919.93,2919.27,0,0.0023
26.09.2018 02:43:28.849 GMT+0100,2919.93,2918.9700000000003,0,0.0037
26.09.2018 02:43:28.900 GMT+0100,2919.63,2918.9700000000003,0.003,0.0037
26.09.2018 02:46:11.879 GMT+0100,2919.63,2919.2690000000002,0.0008,0.0016
26.09.2018 02:46:11.930 GMT+0100,2919.93,2919.2690000000002,0.0004,0.0037
26.09.2018 02:46:23.008 GMT+0100,2919.93,2918.9700000000003,0.0004,0.0037
26.09.2018 02:46:23.059 GMT+0100,2919.63,2918.9700000000003,0.0004,0.002
26.09.2018 02:47:12.553 GMT+0100,2919.63,2919.2690000000002,0.0004,0.0016
26.09.2018 02:47:12.603 GMT+0100,2919.93,2919.2690000000002,0.0015,0.0037
26.09.2018 02:47:39.707 GMT+0100,2919.631,2918.9690000000005,0.0004,0.0037
26.09.2018 02:47:39.840 GMT+0100,2919.631,2918.9690000000005,0.003,0.0037
26.09.2018 02:48:03.168 GMT+0100,2919.631,2919.2690000000002,0.0015,0.0016
26.09.2018 02:48:03.218 GMT+0100,2919.93,2919.2690000000002,0.0004,0.0037
26.09.2018 02:48:05.477 GMT+0100,2919.93,2918.9690000000005,0.0004,0.0037
26.09.2018 02:48:05.528 GMT+0100,2919.631,2918.9690000000005,0.003,0.0037
26.09.2018 02:49:18.669 GMT+0100,2919.631,2919.27,0.0008,0.0016
26.09.2018 02:49:18.720 GMT+0100,2919.931,2919.27,0.003,0.0016
26.09.2018 02:49:19.836 GMT+0100,2919.63,2918.9700000000003,0,0.0023
26.09.2018 02:49:50.387 GMT+0100,2919.931,2919.2690000000002,0.003,0.0037
26.09.2018 02:49:54.556 GMT+0100,2919.931,2918.9690000000005,0.003,0.0037
26.09.2018 02:49:54.607 GMT+0100,2919.63,2918.9690000000005,0.0004,0.0037
26.09.2018 02:49:55.997 GMT+0100,2919.93,2919.27,0.0004,0.002
26.09.2018 02:50:06.435 GMT+0100,2919.631,2918.9690000000005,0.003,0.0037
26.09.2018 02:50:24.021 GMT+0100,2919.93,2919.2690000000002,0,0.0037
26.09.2018 02:50:29.144 GMT+0100,2919.93,2918.9700000000003,0,0.0037
26.09.2018 02:50:29.195 GMT+0100,2919.631,2918.9700000000003,0.003,0.0016
26.09.2018 02:52:12.406 GMT+0100,2919.43,2918.7690000000002,0,0.0037
26.09.2018 02:52:12.895 GMT+0100,2919.43,2918.9700000000003,0,0.0016
26.09.2018 02:52:12.945 GMT+0100,2919.63,2918.9700000000003,0.0004,0.002
26.09.2018 02:54:03.216 GMT+0100,2919.631,2918.77,0.0022,0.003
26.09.2018 02:54:03.267 GMT+0100,2919.43,2918.77,0,0.0023
26.09.2018 02:54:08.512 GMT+0100,2919.63,2918.9700000000003,0.0004,0.002
26.09.2018 02:54:26.521 GMT+0100,2919.63,2918.77,0.0004,0.0037
26.09.2018 02:54:26.571 GMT+0100,2919.43,2918.77,0.0004,0.002
26.09.2018 02:54:28.204 GMT+0100,2919.43,2918.9700000000003,0.0004,0.0016
26.09.2018 02:54:28.255 GMT+0100,2919.63,2918.9700000000003,0.0004,0.002
26.09.2018 02:54:38.634 GMT+0100,2919.63,2918.77,0.0004,0.0037
26.09.2018 02:54:38.685 GMT+0100,2919.43,2918.77,0.003,0.0037
26.09.2018 02:54:44.170 GMT+0100,2919.43,2918.9700000000003,0.0015,0.0016
26.09.2018 02:54:44.220 GMT+0100,2919.63,2918.9700000000003,0,0.0023
26.09.2018 02:56:35.174 GMT+0100,2919.93,2919.27,0.003,0.0037
26.09.2018 02:57:19.099 GMT+0100,2919.93,2919.4690000000005,0.0015,0.0016
26.09.2018 02:57:19.149 GMT+0100,2920.13,2919.4690000000005,0.0004,0.0037
26.09.2018 02:58:19.302 GMT+0100,2920.131,2919.4690000000005,0.0022,0.003
26.09.2018 03:00:02.349 GMT+0100,2920.43,2919.77,0.0004,0.002
26.09.2018 03:03:36.253 GMT+0100,2920.431,2919.4690000000005,0.0022,0.003
26.09.2018 03:03:36.303 GMT+0100,2920.13,2919.4690000000005,0.0015,0.0037
26.09.2018 03:03:45.050 GMT+0100,2920.431,2919.77,0.003,0.0016
26.09.2018 03:03:45.469 GMT+0100,2920.431,2919.4690000000005,0.003,0.0037
26.09.2018 03:03:45.519 GMT+0100,2920.13,2919.4690000000005,0.0004,0.0037
26.09.2018 03:03:47.008 GMT+0100,2920.13,2919.7690000000002,0.0004,0.0016
26.09.2018 03:03:47.058 GMT+0100,2920.43,2919.7690000000002,0.0015,0.0037
26.09.2018 03:03:50.016 GMT+0100,2920.43,2919.4690000000005,0.003,0.0037
26.09.2018 03:03:50.106 GMT+0100,2920.13,2919.4690000000005,0.0015,0.0037
26.09.2018 03:03:50.895 GMT+0100,2920.13,2919.77,0.0015,0.0016
26.09.2018 03:03:50.945 GMT+0100,2920.43,2919.77,0,0.0023
26.09.2018 03:03:51.253 GMT+0100,2920.43,2919.5690000000004,0,0.0037
26.09.2018 03:03:51.304 GMT+0100,2920.2309999999998,2919.5690000000004,0.003,0.0037
26.09.2018 03:03:52.500 GMT+0100,2920.43,2919.7690000000002,0.0015,0.0037
26.09.2018 03:06:24.896 GMT+0100,2920.43,2919.4690000000005,0.0022,0.003
26.09.2018 03:06:24.947 GMT+0100,2920.13,2919.4690000000005,0.0015,0.0037
26.09.2018 03:06:43.901 GMT+0100,2920.13,2919.7690000000002,0.0015,0.0016
26.09.2018 03:06:43.952 GMT+0100,2920.43,2919.7690000000002,0.0004,0.0037
26.09.2018 03:06:50.523 GMT+0100,2920.43,2919.57,0.0004,0.0037
26.09.2018 03:06:50.574 GMT+0100,2920.23,2919.57,0,0.0023
26.09.2018 03:06:52.331 GMT+0100,2920.23,2919.7690000000002,0,0.0016
26.09.2018 03:06:52.382 GMT+0100,2920.43,2919.7690000000002,0.0004,0.0037
26.09.2018 03:06:54.447 GMT+0100,2920.43,2919.4690000000005,0.0004,0.0037
26.09.2018 03:06:54.497 GMT+0100,2920.13,2919.4690000000005,0,0.0037
26.09.2018 03:07:19.559 GMT+0100,2920.13,2919.77,0,0.0016
26.09.2018 03:07:19.610 GMT+0100,2920.43,2919.77,0.0004,0.002
26.09.2018 03:07:24.559 GMT+0100,2920.43,2919.4690000000005,0.0004,0.0037
26.09.2018 03:07:24.609 GMT+0100,2920.13,2919.4690000000005,0.0015,0.0037
26.09.2018 03:16:52.538 GMT+0100,2920.13,2919.7690000000002,0,0.0005
26.09.2018 03:16:52.589 GMT+0100,2920.43,2919.77,0,0.0023
26.09.2018 03:18:04.631 GMT+0100,2920.631,2919.77,0.0022,0.003
26.09.2018 03:18:04.682 GMT+0100,2920.63,2919.9700000000003,0.0004,0.002
26.09.2018 03:19:23.575 GMT+0100,2920.631,2919.77,0.0022,0.003
26.09.2018 03:19:23.626 GMT+0100,2920.43,2919.77,0.003,0.0037
26.09.2018 03:22:09.178 GMT+0100,2920.43,2919.9690000000005,0,0.002
26.09.2018 03:22:09.229 GMT+0100,2920.631,2919.9690000000005,0.003,0.0037
26.09.2018 03:23:20.631 GMT+0100,2920.931,2919.9690000000005,0.0022,0.003
26.09.2018 03:23:20.682 GMT+0100,2920.93,2920.27,0.0004,0.002
26.09.2018 03:23:41.133 GMT+0100,2920.93,2919.9690000000005,0.0004,0.0037
26.09.2018 03:23:41.184 GMT+0100,2920.63,2919.9690000000005,0.0004,0.0037
26.09.2018 03:23:45.975 GMT+0100,2920.63,2920.2690000000002,0.0004,0.0016
26.09.2018 03:23:46.025 GMT+0100,2920.93,2920.2690000000002,0.0015,0.0037
26.09.2018 03:23:50.242 GMT+0100,2920.93,2919.9690000000005,0.003,0.0037
26.09.2018 03:23:50.294 GMT+0100,2920.63,2919.9690000000005,0.0004,0.0037
26.09.2018 03:23:54.376 GMT+0100,2920.931,2920.27,0.003,0.0016
26.09.2018 03:24:02.436 GMT+0100,2920.63,2919.9700000000003,0.0004,0.002
26.09.2018 03:24:02.797 GMT+0100,2920.63,2920.2690000000002,0.0004,0.0016
26.09.2018 03:24:02.848 GMT+0100,2920.93,2920.2690000000002,0.0004,0.0037
26.09.2018 03:24:02.958 GMT+0100,2920.93,2919.9700000000003,0.0004,0.0037
26.09.2018 03:24:03.009 GMT+0100,2920.63,2919.9700000000003,0.003,0.0037
26.09.2018 03:24:08.554 GMT+0100,2920.63,2920.27,0.0004,0.0023
26.09.2018 03:24:08.604 GMT+0100,2920.93,2920.27,0,0.0023
26.09.2018 03:25:02.629 GMT+0100,2920.93,2920.4690000000005,0,0.0016
26.09.2018 03:25:02.680 GMT+0100,2921.131,2920.4690000000005,0.003,0.0037
26.09.2018 03:25:37.579 GMT+0100,2921.131,2920.7690000000002,0.0015,0.0016
26.09.2018 03:25:37.629 GMT+0100,2921.43,2920.7690000000002,0.0015,0.0037
26.09.2018 03:25:38.616 GMT+0100,2921.43,2920.4690000000005,0.003,0.0037
26.09.2018 03:25:38.666 GMT+0100,2921.131,2920.4690000000005,0.003,0.0037
26.09.2018 03:26:26.191 GMT+0100,2920.931,2920.4690000000005,0.0004,0.0023
26.09.2018 03:26:26.246 GMT+0100,2920.93,2920.2690000000002,0,0.0037
26.09.2018 03:26:28.110 GMT+0100,2921.13,2920.2690000000002,0.0004,0.0037
26.09.2018 03:26:28.161 GMT+0100,2921.13,2920.4700000000003,0.0004,0.002
26.09.2018 03:26:29.055 GMT+0100,2921.13,2920.2690000000002,0.0004,0.0037
26.09.2018 03:26:29.106 GMT+0100,2920.93,2920.2690000000002,0.0015,0.0037
26.09.2018 03:26:30.543 GMT+0100,2921.13,2920.4700000000003,0,0.0023
26.09.2018 03:26:34.538 GMT+0100,2921.13,2920.77,0,0.0016
26.09.2018 03:26:34.589 GMT+0100,2921.43,2920.77,0,0.0023
26.09.2018 03:26:38.963 GMT+0100,2921.43,2920.4700000000003,0,0.0037
26.09.2018 03:26:39.014 GMT+0100,2921.13,2920.4700000000003,0.0004,0.002
26.09.2018 03:27:27.554 GMT+0100,2921.13,2920.77,0.0004,0.0016
26.09.2018 03:27:27.604 GMT+0100,2921.43,2920.77,0.0004,0.002
26.09.2018 03:27:57.079 GMT+0100,2921.43,2920.4690000000005,0.0004,0.0037
26.09.2018 03:27:57.130 GMT+0100,2921.13,2920.4690000000005,0.0004,0.0037
26.09.2018 03:27:59.124 GMT+0100,2921.13,2920.7690000000002,0.0004,0.0016
26.09.2018 03:27:59.175 GMT+0100,2921.43,2920.7690000000002,0.0015,0.0037
26.09.2018 03:29:16.210 GMT+0100,2921.13,2920.4700000000003,0.0004,0.002
26.09.2018 03:29:29.094 GMT+0100,2921.431,2920.77,0.003,0.0016
26.09.2018 03:29:38.123 GMT+0100,2921.431,2920.4700000000003,0.003,0.0037
26.09.2018 03:29:38.174 GMT+0100,2921.131,2920.4700000000003,0.003,0.0016
26.09.2018 03:29:39.379 GMT+0100,2921.43,2920.7690000000002,0,0.0037
26.09.2018 03:29:43.497 GMT+0100,2921.131,2920.4690000000005,0.0004,0.0037
26.09.2018 03:29:43.547 GMT+0100,2921.13,2920.4690000000005,0,0.0037
26.09.2018 03:30:00.184 GMT+0100,2921.131,2920.4690000000005,0.0004,0.0037
26.09.2018 03:30:00.235 GMT+0100,2921.43,2920.7690000000002,0.0015,0.0037
26.09.2018 03:30:00.535 GMT+0100,2921.43,2920.4690000000005,0.003,0.0037
26.09.2018 03:30:00.588 GMT+0100,2921.13,2920.4690000000005,0.0004,0.0037
26.09.2018 03:30:01.627 GMT+0100,2921.13,2920.7690000000002,0.0004,0.0016
26.09.2018 03:30:01.677 GMT+0100,2921.431,2920.7690000000002,0.003,0.0037
26.09.2018 03:30:08.306 GMT+0100,2921.2309999999998,2920.57,0.003,0.0016
26.09.2018 03:30:08.485 GMT+0100,2921.131,2920.4690000000005,0.003,0.0037
26.09.2018 03:30:54.935 GMT+0100,2921.131,2920.7690000000002,0.0015,0.0016
26.09.2018 03:30:54.986 GMT+0100,2921.431,2920.7690000000002,0.003,0.0037
26.09.2018 03:32:03.737 GMT+0100,2921.431,2920.9700000000003,0.0008,0.0016
26.09.2018 03:32:03.787 GMT+0100,2921.63,2920.9700000000003,0,0.0023
26.09.2018 03:32:06.600 GMT+0100,2921.43,2920.77,0.003,0.0037
26.09.2018 03:34:46.772 GMT+0100,2921.631,2920.9690000000005,0.003,0.0037
26.09.2018 03:36:02.269 GMT+0100,2921.631,2920.7690000000002,0.0022,0.003
26.09.2018 03:36:02.319 GMT+0100,2921.43,2920.7690000000002,0,0.0037
26.09.2018 03:36:05.076 GMT+0100,2921.43,2920.9690000000005,0,0.0016
26.09.2018 03:36:05.127 GMT+0100,2921.63,2920.9690000000005,0.0015,0.0037
26.09.2018 03:36:05.561 GMT+0100,2921.63,2920.77,0.003,0.0037
26.09.2018 03:36:05.612 GMT+0100,2921.43,2920.77,0.0004,0.002
26.09.2018 03:36:12.867 GMT+0100,2921.43,2920.9700000000003,0.0004,0.0016
26.09.2018 03:36:12.917 GMT+0100,2921.631,2920.9700000000003,0.003,0.0016
26.09.2018 03:36:14.447 GMT+0100,2921.631,2920.7690000000002,0.003,0.0037
26.09.2018 03:36:14.498 GMT+0100,2921.431,2920.7690000000002,0.003,0.0037
26.09.2018 03:37:19.716 GMT+0100,2921.431,2920.9690000000005,0.0008,0.0016
26.09.2018 03:37:19.766 GMT+0100,2921.63,2920.9690000000005,0.0015,0.0037
26.09.2018 03:37:30.693 GMT+0100,2921.63,2920.87,0.003,0.0037
26.09.2018 03:37:30.744 GMT+0100,2921.531,2920.87,0.003,0.0016
26.09.2018 03:37:30.871 GMT+0100,2921.43,2920.77,0.003,0.0037
26.09.2018 03:41:18.243 GMT+0100,2921.43,2920.9700000000003,0.0008,0.0016
26.09.2018 03:41:18.294 GMT+0100,2921.63,2920.9700000000003,0.0004,0.002
26.09.2018 03:41:22.972 GMT+0100,2921.63,2920.77,0.0004,0.0037
26.09.2018 03:41:23.023 GMT+0100,2921.43,2920.77,0.003,0.0037
26.09.2018 03:41:46.186 GMT+0100,2921.131,2920.77,0,0.002
26.09.2018 03:41:46.236 GMT+0100,2921.13,2920.4700000000003,0.0004,0.002
26.09.2018 03:45:10.409 GMT+0100,2921.43,2920.7690000000002,0.0015,0.0037
26.09.2018 03:49:10.668 GMT+0100,2921.43,2920.9690000000005,0.0008,0.0016
26.09.2018 03:49:10.719 GMT+0100,2921.63,2920.9690000000005,0,0.0037
26.09.2018 03:51:25.739 GMT+0100,2921.63,2920.7690000000002,0.0022,0.003
26.09.2018 03:51:25.790 GMT+0100,2921.431,2920.7690000000002,0.003,0.0037
26.09.2018 03:52:18.353 GMT+0100,2921.431,2920.9690000000005,0.0015,0.0016
26.09.2018 03:52:18.403 GMT+0100,2921.631,2920.9690000000005,0.003,0.0037
26.09.2018 03:52:20.649 GMT+0100,2921.43,2920.7690000000002,0,0.0037
26.09.2018 03:54:36.074 GMT+0100,2921.43,2920.7690000000002,0,0.0037
26.09.2018 03:54:36.125 GMT+0100,2921.631,2920.9690000000005,0.003,0.0037
26.09.2018 03:55:52.503 GMT+0100,2921.631,2921.27,0.0008,0.0016
26.09.2018 03:55:52.553 GMT+0100,2921.93,2921.27,0.003,0.0037
26.09.2018 03:57:54.917 GMT+0100,2921.93,2920.9700000000003,0.0022,0.003
26.09.2018 03:57:54.969 GMT+0100,2921.63,2920.9700000000003,0.003,0.0037
26.09.2018 03:58:01.727 GMT+0100,2921.63,2920.9700000000003,0,0.0037
26.09.2018 03:58:01.778 GMT+0100,2921.93,2921.2690000000002,0.0015,0.0037
26.09.2018 03:58:54.469 GMT+0100,2921.93,2921.4690000000005,0.0015,0.0016
26.09.2018 03:58:54.520 GMT+0100,2922.131,2921.4690000000005,0.003,0.0037
26.09.2018 03:59:44.166 GMT+0100,2922.131,2921.2690000000002,0.003,0.0037
26.09.2018 03:59:44.216 GMT+0100,2921.93,2921.2690000000002,0,0.0037
26.09.2018 03:59:44.327 GMT+0100,2921.93,2921.4690000000005,0,0.0016
26.09.2018 03:59:44.377 GMT+0100,2922.13,2921.4690000000005,0.0004,0.0037
26.09.2018 04:00:44.471 GMT+0100,2922.131,2921.4690000000005,0.0022,0.003
26.09.2018 04:09:41.897 GMT+0100,2921.93,2921.27,0.003,0.0037
26.09.2018 04:09:43.711 GMT+0100,2921.93,2921.4690000000005,0.0015,0.0016
26.09.2018 04:09:43.761 GMT+0100,2922.13,2921.4690000000005,0.0004,0.0037
26.09.2018 04:09:49.049 GMT+0100,2922.13,2921.2690000000002,0.0004,0.0037
26.09.2018 04:09:49.100 GMT+0100,2921.93,2921.2690000000002,0,0.0037
26.09.2018 04:10:02.326 GMT+0100,2921.93,2921.4700000000003,0,0.0016
26.09.2018 04:10:02.377 GMT+0100,2922.13,2921.4700000000003,0,0.0023
26.09.2018 04:10:07.734 GMT+0100,2922.13,2921.2690000000002,0,0.0037
26.09.2018 04:10:07.784 GMT+0100,2921.931,2921.2690000000002,0.003,0.0037
26.09.2018 04:10:15.293 GMT+0100,2922.13,2921.4690000000005,0.0004,0.0037
26.09.2018 04:10:21.293 GMT+0100,2922.13,2921.2690000000002,0.0004,0.0037
26.09.2018 04:10:21.344 GMT+0100,2921.93,2921.2690000000002,0,0.0037
26.09.2018 04:10:23.204 GMT+0100,2921.93,2921.4690000000005,0,0.0016
26.09.2018 04:10:23.254 GMT+0100,2922.131,2921.4690000000005,0.003,0.0037
26.09.2018 04:10:23.882 GMT+0100,2922.131,2921.2690000000002,0.003,0.0037
26.09.2018 04:10:23.932 GMT+0100,2921.93,2921.2690000000002,0.0004,0.0037
26.09.2018 04:11:24.105 GMT+0100,2921.931,2921.2690000000002,0.0022,0.003
26.09.2018 04:12:36.551 GMT+0100,2921.931,2921.4690000000005,0.0008,0.0016
26.09.2018 04:12:36.677 GMT+0100,2922.13,2921.4690000000005,0,0.0037
26.09.2018 04:13:22.584 GMT+0100,2922.13,2921.27,0,0.0037
26.09.2018 04:13:22.634 GMT+0100,2921.93,2921.27,0.0004,0.002
26.09.2018 04:14:56.261 GMT+0100,2921.931,2920.9690000000005,0.0022,0.003
26.09.2018 04:14:56.311 GMT+0100,2921.63,2920.9690000000005,0.0004,0.0037
26.09.2018 04:15:56.451 GMT+0100,2921.631,2920.9690000000005,0.0022,0.003
26.09.2018 04:18:00.687 GMT+0100,2921.631,2921.27,0.0008,0.0016
26.09.2018 04:18:00.737 GMT+0100,2921.93,2921.27,0,0.0023
26.09.2018 04:18:50.455 GMT+0100,2922.13,2921.4700000000003,0,0.0023
26.09.2018 04:18:51.064 GMT+0100,2921.93,2921.2690000000002,0,0.0037
26.09.2018 04:18:54.817 GMT+0100,2921.93,2921.4700000000003,0,0.0016
26.09.2018 04:18:54.867 GMT+0100,2922.13,2921.4700000000003,0,0.0023
26.09.2018 04:30:06.921 GMT+0100,2922.431,2921.7690000000002,0.0014,0.0021
26.09.2018 04:30:11.481 GMT+0100,2922.431,2921.4700000000003,0.003,0.0037
26.09.2018 04:30:11.595 GMT+0100,2922.13,2921.4700000000003,0,0.0023
26.09.2018 04:30:26.443 GMT+0100,2922.13,2921.77,0,0.0016
26.09.2018 04:30:26.493 GMT+0100,2922.43,2921.77,0.003,0.0037
26.09.2018 04:30:32.156 GMT+0100,2922.43,2921.5690000000004,0.003,0.0037
26.09.2018 04:30:32.206 GMT+0100,2922.2309999999998,2921.5690000000004,0.003,0.0037
26.09.2018 04:30:33.179 GMT+0100,2922.2309999999998,2921.77,0.0015,0.0016
26.09.2018 04:30:33.306 GMT+0100,2922.431,2921.77,0.003,0.0016
26.09.2018 04:35:33.422 GMT+0100,2922.431,2921.7690000000002,0.0008,0.001
26.09.2018 04:39:25.455 GMT+0100,2922.431,2921.9700000000003,0.0008,0.0016
26.09.2018 04:39:25.506 GMT+0100,2922.63,2921.9700000000003,0.003,0.0037
26.09.2018 04:40:24.312 GMT+0100,2922.93,2922.2690000000002,0,0.0037
26.09.2018 04:41:12.721 GMT+0100,2922.631,2922.2690000000002,0.0004,0.0023
26.09.2018 04:41:12.772 GMT+0100,2922.63,2921.9690000000005,0,0.0037
26.09.2018 04:43:07.452 GMT+0100,2922.63,2921.7690000000002,0.0022,0.003
26.09.2018 04:43:07.502 GMT+0100,2922.43,2921.7690000000002,0.0004,0.0037
26.09.2018 04:43:14.432 GMT+0100,2922.43,2921.9700000000003,0.0004,0.0016
26.09.2018 04:43:14.483 GMT+0100,2922.63,2921.9700000000003,0,0.0023
26.09.2018 04:47:21.308 GMT+0100,2922.63,2922.2690000000002,0.0008,0.0016
26.09.2018 04:47:21.359 GMT+0100,2922.93,2922.2690000000002,0.0004,0.0037
26.09.2018 04:47:34.547 GMT+0100,2922.93,2921.9690000000005,0.0004,0.0037
26.09.2018 04:47:34.598 GMT+0100,2922.63,2921.9690000000005,0.0015,0.0037
26.09.2018 04:59:36.531 GMT+0100,2922.931,2922.2690000000002,0.0014,0.0021
26.09.2018 04:59:37.045 GMT+0100,2922.93,2922.2690000000002,0,0.0037
26.09.2018 04:59:42.637 GMT+0100,2922.93,2921.9700000000003,0,0.0037
26.09.2018 04:59:42.687 GMT+0100,2922.63,2921.9700000000003,0,0.0023
26.09.2018 05:00:15.214 GMT+0100,2922.93,2922.27,0.003,0.0037
26.09.2018 05:01:32.472 GMT+0100,2922.93,2921.9690000000005,0.0022,0.003
26.09.2018 05:01:32.523 GMT+0100,2922.63,2921.9690000000005,0,0.0037
26.09.2018 05:05:06.401 GMT+0100,2922.63,2921.7690000000002,0.0022,0.003
26.09.2018 05:05:06.477 GMT+0100,2922.43,2921.7690000000002,0.0015,0.0037
26.09.2018 05:05:11.700 GMT+0100,2922.63,2921.9690000000005,0,0.0037
26.09.2018 05:05:36.876 GMT+0100,2922.63,2921.7690000000002,0,0.0037
26.09.2018 05:05:36.926 GMT+0100,2922.43,2921.7690000000002,0,0.0037
26.09.2018 05:05:52.810 GMT+0100,2922.43,2921.9690000000005,0,0.0016
26.09.2018 05:05:52.861 GMT+0100,2922.631,2921.9690000000005,0.003,0.0037
26.09.2018 05:09:25.031 GMT+0100,2922.631,2921.7690000000002,0.0022,0.003
26.09.2018 05:09:25.081 GMT+0100,2922.43,2921.7690000000002,0.0004,0.0037
26.09.2018 05:09:26.983 GMT+0100,2922.43,2921.9690000000005,0.0004,0.0016
26.09.2018 05:09:27.040 GMT+0100,2922.63,2921.9690000000005,0,0.0037
26.09.2018 05:09:34.026 GMT+0100,2922.63,2921.77,0,0.0037
26.09.2018 05:09:34.076 GMT+0100,2922.43,2921.77,0.003,0.0037
26.09.2018 05:19:03.104 GMT+0100,2922.43,2921.4700000000003,0.0022,0.003
26.09.2018 05:19:03.155 GMT+0100,2922.13,2921.4700000000003,0.0004,0.002
26.09.2018 05:23:50.045 GMT+0100,2922.131,2921.7690000000002,0.0008,0.0016
26.09.2018 05:23:50.175 GMT+0100,2922.43,2921.7690000000002,0.0015,0.0037
26.09.2018 05:23:53.317 GMT+0100,2922.131,2921.4700000000003,0.003,0.0016
26.09.2018 05:28:53.512 GMT+0100,2922.131,2921.4690000000005,0.0008,0.001
26.09.2018 05:35:24.370 GMT+0100,2922.43,2921.77,0.0014,0.0021
26.09.2018 05:37:23.931 GMT+0100,2922.431,2921.4700000000003,0.0022,0.003
26.09.2018 05:37:23.981 GMT+0100,2922.13,2921.4700000000003,0.0004,0.002
26.09.2018 05:39:04.352 GMT+0100,2922.131,2921.77,0.0008,0.0016
26.09.2018 05:39:04.403 GMT+0100,2922.431,2921.77,0.003,0.0016
26.09.2018 05:42:14.119 GMT+0100,2922.431,2921.4690000000005,0.0022,0.003
26.09.2018 05:42:14.170 GMT+0100,2922.13,2921.4690000000005,0.0004,0.0037
26.09.2018 05:43:14.446 GMT+0100,2922.131,2921.4690000000005,0.0022,0.003
26.09.2018 05:45:39.617 GMT+0100,2922.131,2921.77,0.0008,0.0016
26.09.2018 05:45:39.667 GMT+0100,2922.43,2921.77,0.003,0.0037
26.09.2018 06:00:00.546 GMT+0100,2922.431,2921.7690000000002,0.0014,0.0021
26.09.2018 06:00:01.060 GMT+0100,2922.43,2921.7690000000002,0,0.0037
26.09.2018 06:00:36.391 GMT+0100,2922.63,2921.9690000000005,0.0004,0.0037
26.09.2018 06:01:36.472 GMT+0100,2922.631,2921.9690000000005,0.0022,0.003
26.09.2018 06:02:10.064 GMT+0100,2922.93,2922.27,0.003,0.0037
26.09.2018 06:03:19.220 GMT+0100,2922.63,2921.9690000000005,0.0004,0.0037
26.09.2018 06:03:57.840 GMT+0100,2922.63,2922.2690000000002,0.0004,0.0016
26.09.2018 06:03:57.890 GMT+0100,2922.93,2922.2690000000002,0,0.0037
26.09.2018 06:04:23.148 GMT+0100,2922.93,2922.4690000000005,0,0.0016
26.09.2018 06:04:23.199 GMT+0100,2923.131,2922.4690000000005,0.003,0.0037
26.09.2018 06:04:55.893 GMT+0100,2923.43,2922.7690000000002,0.0015,0.0037
26.09.2018 06:08:53.916 GMT+0100,2923.43,2922.4690000000005,0.0022,0.003
26.09.2018 06:08:53.967 GMT+0100,2923.13,2922.4690000000005,0,0.0037
26.09.2018 06:10:56.054 GMT+0100,2923.13,2922.2690000000002,0.0022,0.003
26.09.2018 06:10:56.105 GMT+0100,2922.93,2922.2690000000002,0.0015,0.0037
26.09.2018 06:10:58.384 GMT+0100,2923.131,2922.4700000000003,0.003,0.0016
26.09.2018 06:12:53.068 GMT+0100,2923.131,2922.7690000000002,0.0008,0.0016
26.09.2018 06:12:53.119 GMT+0100,2923.43,2922.7690000000002,0,0.0037
26.09.2018 06:12:53.302 GMT+0100,2923.13,2922.7690000000002,0.0015,0.0016
26.09.2018 06:12:53.353 GMT+0100,2923.13,2922.4700000000003,0.003,0.0037
26.09.2018 06:12:57.208 GMT+0100,2923.13,2922.4700000000003,0.0004,0.0037
26.09.2018 06:12:57.258 GMT+0100,2923.431,2922.7690000000002,0.003,0.0037
26.09.2018 06:13:01.804 GMT+0100,2923.13,2922.7690000000002,0.0004,0.0023
26.09.2018 06:13:01.855 GMT+0100,2923.13,2922.4690000000005,0.0004,0.0037
26.09.2018 06:13:02.213 GMT+0100,2923.13,2922.77,0.0004,0.0016
26.09.2018 06:13:02.263 GMT+0100,2923.43,2922.77,0,0.0023
26.09.2018 06:13:16.133 GMT+0100,2923.43,2922.4690000000005,0,0.0037
26.09.2018 06:13:16.183 GMT+0100,2923.131,2922.4690000000005,0.003,0.0037
26.09.2018 06:15:03.504 GMT+0100,2923.23,2922.4690000000005,0.0022,0.003
26.09.2018 06:15:03.555 GMT+0100,2923.23,2922.5690000000004,0.0015,0.0037
26.09.2018 06:15:03.848 GMT+0100,2923.23,2922.5690000000004,0.0004,0.0037
26.09.2018 06:15:03.898 GMT+0100,2923.43,2922.77,0.003,0.0037
26.09.2018 06:15:13.199 GMT+0100,2923.13,2922.4700000000003,0.0004,0.002
26.09.2018 06:20:13.479 GMT+0100,2923.131,2922.4690000000005,0.0008,0.001
26.09.2018 06:20:30.233 GMT+0100,2923.131,2922.7690000000002,0,0.0005
26.09.2018 06:20:30.284 GMT+0100,2923.431,2922.77,0.003,0.0016
26.09.2018 06:21:54.998 GMT+0100,2923.431,2922.9700000000003,0.0008,0.0016
26.09.2018 06:21:55.105 GMT+0100,2923.63,2922.9700000000003,0,0.0023
26.09.2018 06:21:57.732 GMT+0100,2923.63,2922.77,0,0.0037
26.09.2018 06:21:57.782 GMT+0100,2923.43,2922.77,0,0.0023
26.09.2018 06:22:24.101 GMT+0100,2923.43,2922.9690000000005,0,0.0016
26.09.2018 06:22:24.152 GMT+0100,2923.631,2922.9690000000005,0.003,0.0037
26.09.2018 06:22:54.451 GMT+0100,2923.631,2922.7690000000002,0.003,0.0037
26.09.2018 06:22:54.501 GMT+0100,2923.43,2922.7690000000002,0.0004,0.0037
26.09.2018 06:23:04.709 GMT+0100,2923.43,2922.9700000000003,0.0004,0.0016
26.09.2018 06:23:04.760 GMT+0100,2923.63,2922.9700000000003,0.003,0.0037
26.09.2018 06:23:05.502 GMT+0100,2923.43,2922.7690000000002,0.0004,0.0037
26.09.2018 06:23:09.010 GMT+0100,2923.43,2922.9700000000003,0.0004,0.0016
26.09.2018 06:23:09.061 GMT+0100,2923.63,2922.9700000000003,0.003,0.0037
26.09.2018 06:23:10.270 GMT+0100,2923.431,2922.9700000000003,0.0004,0.0023
26.09.2018 06:23:10.321 GMT+0100,2923.43,2922.7690000000002,0,0.0037
26.09.2018 06:23:38.862 GMT+0100,2923.43,2922.9690000000005,0,0.0016
26.09.2018 06:23:38.913 GMT+0100,2923.63,2922.9690000000005,0.0004,0.0037
26.09.2018 06:23:42.774 GMT+0100,2923.63,2922.869,0.0004,0.0037
26.09.2018 06:23:42.824 GMT+0100,2923.531,2922.869,0.003,0.0037
26.09.2018 06:23:43.164 GMT+0100,2923.63,2922.869,0.0004,0.0037
26.09.2018 06:23:43.215 GMT+0100,2923.63,2922.9690000000005,0.0004,0.0037
26.09.2018 06:24:12.454 GMT+0100,2923.53,2922.87,0,0.0023
26.09.2018 06:24:13.480 GMT+0100,2923.53,2922.7690000000002,0,0.0037
26.09.2018 06:24:13.530 GMT+0100,2923.43,2922.7690000000002,0.0004,0.0037
26.09.2018 06:24:13.637 GMT+0100,2923.43,2922.9690000000005,0.0004,0.0016
26.09.2018 06:24:13.688 GMT+0100,2923.63,2922.9690000000005,0.0015,0.0037
26.09.2018 06:24:14.514 GMT+0100,2923.63,2922.87,0.003,0.0037
26.09.2018 06:24:14.568 GMT+0100,2923.53,2922.87,0.0004,0.002
26.09.2018 06:24:14.675 GMT+0100,2923.53,2922.9690000000005,0.0004,0.0016
26.09.2018 06:24:14.725 GMT+0100,2923.63,2922.9690000000005,0.0004,0.0037
26.09.2018 06:24:15.754 GMT+0100,2923.43,2922.77,0.003,0.0037
26.09.2018 06:24:55.166 GMT+0100,2923.43,2922.9690000000005,0.0015,0.0016
26.09.2018 06:24:55.217 GMT+0100,2923.63,2922.9690000000005,0.0015,0.0037
26.09.2018 06:24:59.165 GMT+0100,2923.63,2922.77,0.003,0.0037
26.09.2018 06:24:59.215 GMT+0100,2923.43,2922.77,0.003,0.0037
26.09.2018 06:25:02.347 GMT+0100,2923.43,2922.9690000000005,0.0015,0.0016
26.09.2018 06:25:02.398 GMT+0100,2923.63,2922.9690000000005,0.0004,0.0037
26.09.2018 06:26:02.352 GMT+0100,2923.631,2922.9690000000005,0.0022,0.003
26.09.2018 06:26:24.987 GMT+0100,2923.631,2922.7690000000002,0.0022,0.003
26.09.2018 06:26:25.038 GMT+0100,2923.43,2922.7690000000002,0.0004,0.0037
26.09.2018 06:27:25.282 GMT+0100,2923.431,2922.7690000000002,0.0022,0.003
26.09.2018 06:29:08.065 GMT+0100,2923.431,2922.4690000000005,0.0022,0.003
26.09.2018 06:29:08.116 GMT+0100,2923.131,2922.4690000000005,0.003,0.0037
26.09.2018 06:30:01.985 GMT+0100,2923.131,2922.77,0.0015,0.0016
26.09.2018 06:30:02.035 GMT+0100,2923.43,2922.77,0.003,0.0037
26.09.2018 06:31:33.781 GMT+0100,2923.43,2922.4690000000005,0.0022,0.003
26.09.2018 06:31:33.831 GMT+0100,2923.13,2922.4690000000005,0.0004,0.0037
26.09.2018 06:32:07.543 GMT+0100,2923.13,2922.2690000000002,0.0004,0.0037
26.09.2018 06:32:07.594 GMT+0100,2922.93,2922.2690000000002,0.0004,0.0037
26.09.2018 06:33:05.722 GMT+0100,2922.93,2921.9690000000005,0.0004,0.0037
26.09.2018 06:33:05.772 GMT+0100,2922.63,2921.9690000000005,0.0004,0.0037
26.09.2018 06:33:14.563 GMT+0100,2922.63,2922.27,0.0004,0.0016
26.09.2018 06:33:14.614 GMT+0100,2922.93,2922.27,0,0.0023
26.09.2018 06:33:42.241 GMT+0100,2922.631,2922.27,0.0015,0.0016
26.09.2018 06:33:42.291 GMT+0100,2922.631,2921.9700000000003,0.003,0.0016
26.09.2018 06:33:45.986 GMT+0100,2922.93,2921.9700000000003,0.003,0.0037
26.09.2018 06:33:46.040 GMT+0100,2922.93,2922.2690000000002,0.0015,0.0037
26.09.2018 06:33:58.809 GMT+0100,2922.93,2921.9690000000005,0.003,0.0037
26.09.2018 06:33:58.860 GMT+0100,2922.63,2921.9690000000005,0.0004,0.0037
26.09.2018 06:34:02.332 GMT+0100,2922.63,2922.07,0.0004,0.0016
26.09.2018 06:34:02.382 GMT+0100,2922.73,2922.07,0,0.0023
26.09.2018 06:34:04.540 GMT+0100,2922.73,2922.27,0,0.0016
26.09.2018 06:34:04.590 GMT+0100,2922.93,2922.27,0,0.0023
26.09.2018 06:34:07.144 GMT+0100,2922.93,2921.9700000000003,0,0.0037
26.09.2018 06:34:07.195 GMT+0100,2922.63,2921.9700000000003,0.003,0.0037
26.09.2018 06:39:59.110 GMT+0100,2922.93,2922.27,0,0.0023
26.09.2018 06:41:29.333 GMT+0100,2922.63,2921.9690000000005,0.0004,0.0037
26.09.2018 06:41:31.778 GMT+0100,2922.63,2922.27,0.0004,0.0016
26.09.2018 06:41:31.829 GMT+0100,2922.93,2922.27,0,0.0023
26.09.2018 06:41:51.248 GMT+0100,2922.93,2921.9690000000005,0,0.0037
26.09.2018 06:41:51.299 GMT+0100,2922.63,2921.9690000000005,0.0004,0.0037
26.09.2018 06:42:51.508 GMT+0100,2922.631,2921.9690000000005,0.0022,0.003
26.09.2018 06:42:58.905 GMT+0100,2922.631,2921.77,0.0022,0.003
26.09.2018 06:42:58.956 GMT+0100,2922.43,2921.77,0,0.0023
26.09.2018 06:42:59.067 GMT+0100,2922.43,2921.9700000000003,0,0.0016
26.09.2018 06:42:59.118 GMT+0100,2922.631,2921.9700000000003,0.003,0.0016
26.09.2018 06:43:18.285 GMT+0100,2922.631,2921.77,0.003,0.0037
26.09.2018 06:43:18.336 GMT+0100,2922.43,2921.77,0,0.0023
26.09.2018 06:43:21.659 GMT+0100,2922.43,2921.9690000000005,0,0.0016
26.09.2018 06:43:21.709 GMT+0100,2922.63,2921.9690000000005,0,0.0037
26.09.2018 06:46:09.283 GMT+0100,2922.63,2922.27,0.0008,0.0016
26.09.2018 06:46:09.333 GMT+0100,2922.931,2922.27,0.003,0.0016
26.09.2018 06:46:23.290 GMT+0100,2922.931,2921.9700000000003,0.003,0.0037
26.09.2018 06:46:23.341 GMT+0100,2922.63,2921.9700000000003,0.0004,0.002
26.09.2018 06:48:24.062 GMT+0100,2922.631,2921.7690000000002,0.0022,0.003
26.09.2018 06:48:24.112 GMT+0100,2922.43,2921.7690000000002,0.0015,0.0037
26.09.2018 06:57:45.540 GMT+0100,2922.43,2921.9700000000003,0.0008,0.0016
26.09.2018 06:57:45.590 GMT+0100,2922.631,2921.9700000000003,0.003,0.0016
26.09.2018 06:57:48.108 GMT+0100,2922.631,2921.77,0.003,0.0037
26.09.2018 06:57:48.159 GMT+0100,2922.431,2921.77,0.003,0.0016
26.09.2018 06:58:18.770 GMT+0100,2922.431,2921.9690000000005,0.0015,0.0016
26.09.2018 06:58:18.821 GMT+0100,2922.631,2921.9690000000005,0.003,0.0037
26.09.2018 07:00:00.465 GMT+0100,2922.631,2922.27,0.0008,0.0016
26.09.2018 07:00:00.516 GMT+0100,2922.93,2922.27,0.003,0.0037
26.09.2018 07:00:12.935 GMT+0100,2922.93,2921.9700000000003,0.003,0.0037
26.09.2018 07:00:12.986 GMT+0100,2922.63,2921.9700000000003,0,0.0023
26.09.2018 07:00:15.457 GMT+0100,2922.931,2921.9700000000003,0.003,0.0037
26.09.2018 07:00:15.508 GMT+0100,2922.931,2922.2690000000002,0.003,0.0037
26.09.2018 07:00:15.810 GMT+0100,2922.63,2922.2690000000002,0.0004,0.0023
26.09.2018 07:00:15.861 GMT+0100,2922.63,2921.9690000000005,0.0004,0.0037
26.09.2018 07:01:16.008 GMT+0100,2922.631,2921.9690000000005,0.0022,0.003
26.09.2018 07:01:27.618 GMT+0100,2922.631,2921.77,0.0022,0.003
26.09.2018 07:01:27.668 GMT+0100,2922.43,2921.77,0.0004,0.002
26.09.2018 07:01:28.649 GMT+0100,2922.43,2921.9690000000005,0.0004,0.0016
26.09.2018 07:01:28.700 GMT+0100,2922.631,2921.9690000000005,0.003,0.0037
26.09.2018 07:01:39.422 GMT+0100,2922.631,2921.77,0.003,0.0037
26.09.2018 07:01:39.473 GMT+0100,2922.43,2921.77,0,0.0023
26.09.2018 07:01:39.929 GMT+0100,2922.43,2921.9700000000003,0,0.0016
26.09.2018 07:01:40.012 GMT+0100,2922.631,2921.9700000000003,0.003,0.0016
26.09.2018 07:01:41.269 GMT+0100,2922.43,2921.9700000000003,0.0004,0.0016
26.09.2018 07:01:41.320 GMT+0100,2922.43,2921.77,0.0004,0.002
26.09.2018 07:02:11.429 GMT+0100,2922.43,2921.4700000000003,0.0004,0.0037
26.09.2018 07:02:11.479 GMT+0100,2922.13,2921.4700000000003,0.0004,0.002
26.09.2018 07:04:35.404 GMT+0100,2922.131,2921.2690000000002,0.0022,0.003
26.09.2018 07:04:35.455 GMT+0100,2921.93,2921.2690000000002,0,0.0037
26.09.2018 07:06:38.852 GMT+0100,2921.93,2921.4700000000003,0.0008,0.0016
26.09.2018 07:06:38.903 GMT+0100,2922.13,2921.4700000000003,0.0004,0.002
26.09.2018 07:06:47.205 GMT+0100,2922.13,2921.77,0.0004,0.0016
26.09.2018 07:06:47.255 GMT+0100,2922.43,2921.77,0.0004,0.002
26.09.2018 07:08:01.735 GMT+0100,2922.431,2921.4700000000003,0.0022,0.003
26.09.2018 07:08:01.786 GMT+0100,2922.13,2921.4700000000003,0.003,0.0037
26.09.2018 07:09:39.118 GMT+0100,2922.13,2921.7690000000002,0.0008,0.0016
26.09.2018 07:09:39.169 GMT+0100,2922.43,2921.7690000000002,0.0004,0.0037
26.09.2018 07:10:39.147 GMT+0100,2922.431,2921.7690000000002,0.0022,0.003
26.09.2018 07:12:44.911 GMT+0100,2922.131,2921.7690000000002,0.0004,0.0023
26.09.2018 07:12:44.962 GMT+0100,2922.131,2921.4700000000003,0.003,0.0016
26.09.2018 07:12:46.650 GMT+0100,2922.131,2921.77,0.0015,0.0016
26.09.2018 07:12:46.700 GMT+0100,2922.431,2921.77,0.003,0.0016
26.09.2018 07:12:52.884 GMT+0100,2922.13,2921.77,0,0.0016
26.09.2018 07:12:52.935 GMT+0100,2922.13,2921.4690000000005,0.0015,0.0037
26.09.2018 07:12:53.039 GMT+0100,2922.13,2921.77,0.0015,0.0016
26.09.2018 07:12:53.089 GMT+0100,2922.43,2921.77,0.003,0.0037
26.09.2018 07:12:54.679 GMT+0100,2922.43,2921.4690000000005,0.003,0.0037
26.09.2018 07:12:54.730 GMT+0100,2922.13,2921.4690000000005,0.0004,0.0037
26.09.2018 07:13:54.766 GMT+0100,2922.131,2921.4690000000005,0.0022,0.003
26.09.2018 07:23:10.060 GMT+0100,2921.931,2921.2690000000002,0.003,0.0037
26.09.2018 07:25:24.020 GMT+0100,2921.931,2920.9690000000005,0.0022,0.003
26.09.2018 07:25:24.071 GMT+0100,2921.631,2920.9690000000005,0.003,0.0037
26.09.2018 07:29:54.546 GMT+0100,2921.431,2920.9690000000005,0.0008,0.0016
26.09.2018 07:29:54.599 GMT+0100,2921.431,2920.7690000000002,0.003,0.0037
26.09.2018 07:30:51.758 GMT+0100,2921.131,2920.4700000000003,0.003,0.0016
26.09.2018 07:31:01.786 GMT+0100,2921.131,2920.77,0.0015,0.0016
26.09.2018 07:31:01.836 GMT+0100,2921.43,2920.77,0.003,0.0037
26.09.2018 07:31:52.064 GMT+0100,2921.43,2920.4690000000005,0.003,0.0037
26.09.2018 07:31:52.114 GMT+0100,2921.13,2920.4690000000005,0.0004,0.0037
26.09.2018 07:31:54.632 GMT+0100,2921.13,2920.77,0.0004,0.0016
26.09.2018 07:31:54.683 GMT+0100,2921.43,2920.77,0,0.0023
26.09.2018 07:34:22.479 GMT+0100,2921.43,2920.9700000000003,0,0.0016
26.09.2018 07:34:22.530 GMT+0100,2921.63,2920.9700000000003,0,0.0023
26.09.2018 07:38:45.053 GMT+0100,2921.63,2920.77,0.0022,0.003
26.09.2018 07:38:45.104 GMT+0100,2921.43,2920.77,0.0004,0.002
26.09.2018 07:38:47.007 GMT+0100,2921.43,2920.9700000000003,0.0004,0.0016
26.09.2018 07:38:47.057 GMT+0100,2921.63,2920.9700000000003,0,0.0023
26.09.2018 07:39:02.751 GMT+0100,2921.63,2920.7690000000002,0,0.0037
26.09.2018 07:39:02.801 GMT+0100,2921.43,2920.7690000000002,0.0015,0.0037
26.09.2018 07:40:08.404 GMT+0100,2921.43,2920.4700000000003,0.0022,0.003
26.09.2018 07:40:08.455 GMT+0100,2921.13,2920.4700000000003,0.0004,0.002
26.09.2018 07:40:10.304 GMT+0100,2921.13,2920.77,0.0004,0.0016
26.09.2018 07:40:10.355 GMT+0100,2921.43,2920.77,0.003,0.0037
26.09.2018 07:40:20.518 GMT+0100,2921.13,2920.4690000000005,0,0.0037
26.09.2018 07:40:24.030 GMT+0100,2921.13,2920.7690000000002,0,0.0016
26.09.2018 07:40:24.080 GMT+0100,2921.43,2920.7690000000002,0,0.0037
26.09.2018 07:40:36.451 GMT+0100,2921.43,2920.4700000000003,0,0.0037
26.09.2018 07:40:36.502 GMT+0100,2921.13,2920.4700000000003,0,0.0023
26.09.2018 07:41:33.531 GMT+0100,2921.13,2920.27,0,0.0037
26.09.2018 07:41:33.581 GMT+0100,2920.931,2920.27,0.003,0.0016
26.09.2018 07:41:34.705 GMT+0100,2920.931,2920.4690000000005,0.0015,0.0016
26.09.2018 07:41:34.756 GMT+0100,2921.131,2920.4690000000005,0.003,0.0037
26.09.2018 07:41:44.159 GMT+0100,2920.93,2920.4690000000005,0.0004,0.0023
26.09.2018 07:41:44.209 GMT+0100,2920.93,2920.2690000000002,0.0004,0.0037
26.09.2018 07:41:46.655 GMT+0100,2920.93,2920.4700000000003,0.0004,0.0016
26.09.2018 07:41:46.706 GMT+0100,2921.131,2920.4700000000003,0.003,0.0016
26.09.2018 07:41:51.283 GMT+0100,2921.131,2920.2690000000002,0.003,0.0037
26.09.2018 07:41:51.333 GMT+0100,2920.93,2920.2690000000002,0,0.0037
26.09.2018 07:45:27.698 GMT+0100,2920.93,2920.4690000000005,0.0008,0.0016
26.09.2018 07:45:27.749 GMT+0100,2921.131,2920.4690000000005,0.003,0.0037
26.09.2018 07:45:49.691 GMT+0100,2921.43,2920.77,0.0004,0.002
26.09.2018 07:48:52.279 GMT+0100,2921.431,2920.9700000000003,0.0008,0.0016
26.09.2018 07:48:52.329 GMT+0100,2921.63,2920.9700000000003,0.0004,0.002
26.09.2018 07:50:02.392 GMT+0100,2921.631,2920.7690000000002,0.0022,0.003
26.09.2018 07:50:02.443 GMT+0100,2921.43,2920.7690000000002,0,0.0037
26.09.2018 07:50:04.342 GMT+0100,2921.43,2920.9690000000005,0,0.0016
26.09.2018 07:50:04.393 GMT+0100,2921.63,2920.9690000000005,0.0015,0.0037
26.09.2018 07:50:11.576 GMT+0100,2921.63,2920.87,0.003,0.0037
26.09.2018 07:50:11.627 GMT+0100,2921.53,2920.87,0.0004,0.002
26.09.2018 07:50:12.338 GMT+0100,2921.53,2920.9690000000005,0.0004,0.0016
26.09.2018 07:50:12.390 GMT+0100,2921.63,2920.9690000000005,0.0015,0.0037
26.09.2018 07:50:13.268 GMT+0100,2921.531,2920.9690000000005,0.0004,0.0023
26.09.2018 07:50:13.318 GMT+0100,2921.531,2920.87,0.003,0.0016
26.09.2018 07:50:18.334 GMT+0100,2921.531,2920.9690000000005,0.0015,0.0016
26.09.2018 07:50:18.385 GMT+0100,2921.63,2920.9690000000005,0.0004,0.0037
26.09.2018 07:51:18.656 GMT+0100,2921.631,2920.9690000000005,0.0022,0.003
26.09.2018 07:52:50.816 GMT+0100,2921.631,2920.7690000000002,0.0022,0.003
26.09.2018 07:52:50.866 GMT+0100,2921.43,2920.7690000000002,0.0004,0.0037
26.09.2018 07:53:03.167 GMT+0100,2921.43,2920.9700000000003,0.0004,0.0016
26.09.2018 07:53:03.217 GMT+0100,2921.63,2920.9700000000003,0,0.0023
26.09.2018 07:53:14.588 GMT+0100,2921.63,2920.77,0,0.0037
26.09.2018 07:53:14.638 GMT+0100,2921.43,2920.77,0,0.0023
26.09.2018 07:53:35.139 GMT+0100,2921.13,2920.4700000000003,0,0.0023
26.09.2018 07:58:24.858 GMT+0100,2921.43,2920.7690000000002,0,0.0037
26.09.2018 07:59:06.121 GMT+0100,2921.131,2920.4700000000003,0.003,0.0016
26.09.2018 07:59:58.355 GMT+0100,2921.131,2920.7690000000002,0.0015,0.0016
26.09.2018 07:59:58.405 GMT+0100,2921.43,2920.7690000000002,0.0015,0.0037
26.09.2018 08:00:01.445 GMT+0100,2921.43,2920.4700000000003,0.003,0.0037
26.09.2018 08:00:01.495 GMT+0100,2921.13,2920.4700000000003,0.003,0.0037
26.09.2018 08:00:08.918 GMT+0100,2921.13,2920.7690000000002,0.0015,0.0016
26.09.2018 08:00:08.971 GMT+0100,2921.43,2920.7690000000002,0,0.0037
26.09.2018 08:00:20.181 GMT+0100,2921.43,2920.4700000000003,0,0.0037
26.09.2018 08:00:20.231 GMT+0100,2921.13,2920.4700000000003,0.003,0.0037
26.09.2018 08:01:10.010 GMT+0100,2921.13,2920.27,0.003,0.0037
26.09.2018 08:01:10.061 GMT+0100,2920.931,2920.27,0.003,0.0016
26.09.2018 08:01:31.946 GMT+0100,2920.931,2920.4690000000005,0.0015,0.0016
26.09.2018 08:01:31.996 GMT+0100,2921.13,2920.4690000000005,0.0015,0.0037
26.09.2018 08:01:46.309 GMT+0100,2921.13,2920.77,0.0015,0.0016
26.09.2018 08:01:46.363 GMT+0100,2921.431,2920.77,0.003,0.0016
26.09.2018 08:02:17.936 GMT+0100,2921.13,2920.4690000000005,0.0004,0.0037
26.09.2018 08:02:27.141 GMT+0100,2921.13,2920.27,0.0004,0.0037
26.09.2018 08:02:27.191 GMT+0100,2920.931,2920.27,0.003,0.0016
26.09.2018 08:02:39.019 GMT+0100,2920.931,2920.27,0.0004,0.0023
26.09.2018 08:02:39.070 GMT+0100,2921.13,2920.4690000000005,0.0015,0.0037
26.09.2018 08:02:40.180 GMT+0100,2921.13,2920.2690000000002,0.003,0.0037
26.09.2018 08:02:40.231 GMT+0100,2920.931,2920.2690000000002,0.003,0.0037
26.09.2018 08:03:15.145 GMT+0100,2920.931,2919.9690000000005,0.003,0.0037
26.09.2018 08:03:15.195 GMT+0100,2920.63,2919.9690000000005,0,0.0037
26.09.2018 08:03:23.789 GMT+0100,2920.63,2920.2690000000002,0,0.0016
26.09.2018 08:03:23.840 GMT+0100,2920.93,2920.2690000000002,0.0004,0.0037
26.09.2018 08:03:37.675 GMT+0100,2920.93,2920.4700000000003,0.0004,0.0016
26.09.2018 08:03:37.795 GMT+0100,2921.13,2920.4700000000003,0.0004,0.002
26.09.2018 08:03:43.894 GMT+0100,2921.13,2920.27,0.0004,0.0037
26.09.2018 08:03:43.996 GMT+0100,2920.93,2920.27,0,0.0023
26.09.2018 08:03:49.846 GMT+0100,2920.93,2920.4700000000003,0,0.0016
26.09.2018 08:03:49.896 GMT+0100,2921.13,2920.4700000000003,0.003,0.0037
26.09.2018 08:03:53.625 GMT+0100,2921.13,2920.2690000000002,0.003,0.0037
26.09.2018 08:03:53.676 GMT+0100,2920.931,2920.2690000000002,0.003,0.0037
26.09.2018 08:04:11.168 GMT+0100,2921.13,2920.4700000000003,0,0.0023
26.09.2018 08:04:11.748 GMT+0100,2920.93,2920.2690000000002,0,0.0037
26.09.2018 08:04:35.149 GMT+0100,2920.93,2919.9690000000005,0,0.0037
26.09.2018 08:04:35.200 GMT+0100,2920.631,2919.9690000000005,0.003,0.0037
26.09.2018 08:05:00.353 GMT+0100,2920.631,2920.2690000000002,0.0015,0.0016
26.09.2018 08:05:00.404 GMT+0100,2920.93,2920.2690000000002,0,0.0037
26.09.2018 08:05:14.812 GMT+0100,2920.93,2920.4700000000003,0,0.0016
26.09.2018 08:05:14.949 GMT+0100,2921.13,2920.4700000000003,0,0.0023
26.09.2018 08:05:34.958 GMT+0100,2921.131,2920.4700000000003,0.0004,0.0023
26.09.2018 08:05:35.009 GMT+0100,2921.431,2920.7690000000002,0.003,0.0037
26.09.2018 08:06:14.103 GMT+0100,2921.13,2920.4700000000003,0.0004,0.002
26.09.2018 08:06:30.493 GMT+0100,2921.131,2920.4700000000003,0,0.002
26.09.2018 08:06:30.545 GMT+0100,2921.43,2920.77,0.003,0.0037
26.09.2018 08:06:41.508 GMT+0100,2921.131,2920.4700000000003,0,0.002
26.09.2018 08:06:41.559 GMT+0100,2921.13,2920.4700000000003,0.0004,0.002
26.09.2018 08:06:42.365 GMT+0100,2921.131,2920.4700000000003,0,0.002
26.09.2018 08:06:42.415 GMT+0100,2921.431,2920.77,0.003,0.0016
26.09.2018 08:07:43.390 GMT+0100,2921.431,2920.9700000000003,0.0008,0.0016
26.09.2018 08:07:43.547 GMT+0100,2921.631,2920.9700000000003,0.003,0.0016
26.09.2018 08:07:57.226 GMT+0100,2921.43,2920.77,0.003,0.0037
26.09.2018 08:08:04.285 GMT+0100,2921.131,2920.4690000000005,0,0.0037
26.09.2018 08:08:04.336 GMT+0100,2921.131,2920.4690000000005,0.003,0.0037
26.09.2018 08:08:18.957 GMT+0100,2921.131,2920.7690000000002,0.0015,0.0016
26.09.2018 08:08:19.007 GMT+0100,2921.43,2920.7690000000002,0.0015,0.0037
26.09.2018 08:08:34.604 GMT+0100,2921.131,2920.7690000000002,0,0.002
26.09.2018 08:08:34.654 GMT+0100,2921.131,2920.4700000000003,0.003,0.0016
26.09.2018 08:08:37.918 GMT+0100,2921.131,2920.4700000000003,0.0004,0.0023
26.09.2018 08:08:37.969 GMT+0100,2921.431,2920.7690000000002,0.003,0.0037
26.09.2018 08:08:38.777 GMT+0100,2921.13,2920.4690000000005,0.0004,0.0037
26.09.2018 08:08:50.299 GMT+0100,2921.13,2919.9690000000005,0.0004,0.0037
26.09.2018 08:08:50.350 GMT+0100,2920.631,2919.9690000000005,0.003,0.0037
26.09.2018 08:08:55.652 GMT+0100,2920.631,2920.27,0.0015,0.0016
26.09.2018 08:08:55.703 GMT+0100,2920.93,2920.27,0.0004,0.002
26.09.2018 08:09:07.059 GMT+0100,2921.13,2920.4700000000003,0.0004,0.002
26.09.2018 08:09:07.700 GMT+0100,2920.93,2920.2690000000002,0.0015,0.0037
26.09.2018 08:09:08.149 GMT+0100,2920.93,2920.4690000000005,0.0015,0.0016
26.09.2018 08:09:08.200 GMT+0100,2921.131,2920.4690000000005,0.003,0.0037
26.09.2018 08:09:12.839 GMT+0100,2921.131,2920.2690000000002,0.003,0.0037
26.09.2018 08:09:12.890 GMT+0100,2920.931,2920.2690000000002,0.003,0.0037
26.09.2018 08:09:15.763 GMT+0100,2921.13,2920.2690000000002,0.0004,0.0037
26.09.2018 08:09:15.813 GMT+0100,2921.13,2920.4700000000003,0.0004,0.002
26.09.2018 08:09:17.582 GMT+0100,2921.13,2920.369,0.0004,0.0037
26.09.2018 08:09:17.633 GMT+0100,2921.03,2920.369,0,0.0037
26.09.2018 08:09:17.773 GMT+0100,2921.03,2920.2690000000002,0,0.0037
26.09.2018 08:09:17.823 GMT+0100,2920.93,2920.2690000000002,0.0004,0.0037
26.09.2018 08:09:26.043 GMT+0100,2920.93,2920.4690000000005,0.0004,0.0016
26.09.2018 08:09:26.094 GMT+0100,2921.13,2920.4690000000005,0,0.0037
26.09.2018 08:09:34.308 GMT+0100,2920.93,2920.27,0.0004,0.002
26.09.2018 08:10:09.403 GMT+0100,2920.63,2919.9700000000003,0,0.0037
26.09.2018 08:10:09.454 GMT+0100,2920.63,2919.9700000000003,0.003,0.0037
26.09.2018 08:10:17.291 GMT+0100,2920.63,2920.27,0.0015,0.0016
26.09.2018 08:10:17.341 GMT+0100,2920.93,2920.27,0.003,0.0037
26.09.2018 08:10:17.453 GMT+0100,2920.93,2919.9690000000005,0.003,0.0037
26.09.2018 08:10:17.504 GMT+0100,2920.631,2919.9690000000005,0.003,0.0037
26.09.2018 08:10:18.942 GMT+0100,2920.93,2920.2690000000002,0.0015,0.0037
26.09.2018 08:11:01.219 GMT+0100,2920.93,2919.9690000000005,0.003,0.0037
26.09.2018 08:11:01.269 GMT+0100,2920.63,2919.9690000000005,0.0015,0.0037
26.09.2018 08:11:26.712 GMT+0100,2920.93,2920.27,0,0.0023
26.09.2018 08:11:40.427 GMT+0100,2920.93,2920.4700000000003,0,0.0016
26.09.2018 08:11:40.479 GMT+0100,2921.13,2920.4700000000003,0,0.0023
26.09.2018 08:12:03.133 GMT+0100,2921.13,2920.77,0,0.0016
26.09.2018 08:12:03.184 GMT+0100,2921.43,2920.77,0,0.0023
26.09.2018 08:12:10.639 GMT+0100,2921.13,2920.4690000000005,0,0.0037
26.09.2018 08:12:27.004 GMT+0100,2921.13,2920.27,0,0.0037
26.09.2018 08:12:27.054 GMT+0100,2920.93,2920.27,0.0004,0.002
26.09.2018 08:12:38.542 GMT+0100,2920.93,2920.4690000000005,0.0004,0.0016
26.09.2018 08:12:38.592 GMT+0100,2921.131,2920.4690000000005,0.003,0.0037
26.09.2018 08:12:39.404 GMT+0100,2921.131,2920.27,0.003,0.0037
26.09.2018 08:12:39.454 GMT+0100,2920.93,2920.27,0.0004,0.002
26.09.2018 08:13:06.177 GMT+0100,2920.93,2919.9700000000003,0.0004,0.0037
26.09.2018 08:13:06.227 GMT+0100,2920.631,2919.9700000000003,0.003,0.0016
26.09.2018 08:13:24.326 GMT+0100,2920.93,2920.27,0.003,0.0037
26.09.2018 08:13:47.173 GMT+0100,2921.031,2920.27,0.003,0.0037
26.09.2018 08:13:47.225 GMT+0100,2921.031,2920.369,0.003,0.0037
26.09.2018 08:13:47.946 GMT+0100,2921.031,2920.2690000000002,0.003,0.0037
26.09.2018 08:13:48.021 GMT+0100,2920.93,2920.2690000000002,0.0004,0.0037
26.09.2018 08:14:04.228 GMT+0100,2920.63,2920.2690000000002,0,0.002
26.09.2018 08:14:04.279 GMT+0100,2920.63,2919.9700000000003,0.003,0.0037
26.09.2018 08:14:04.895 GMT+0100,2920.63,2920.07,0.0015,0.0016
26.09.2018 08:14:04.945 GMT+0100,2920.7309999999998,2920.07,0.003,0.0016
26.09.2018 08:14:05.349 GMT+0100,2920.7309999999998,2919.9690000000005,0.003,0.0037
26.09.2018 08:14:05.399 GMT+0100,2920.631,2919.9690000000005,0.003,0.0037
26.09.2018 08:14:21.212 GMT+0100,2920.631,2920.2690000000002,0.0015,0.0016
26.09.2018 08:14:21.263 GMT+0100,2920.93,2920.2690000000002,0.0004,0.0037
26.09.2018 08:14:48.499 GMT+0100,2920.93,2920.2690000000002,0.0004,0.0037
26.09.2018 08:14:48.549 GMT+0100,2921.131,2920.4690000000005,0.003,0.0037
26.09.2018 08:15:30.847 GMT+0100,2921.131,2920.77,0.0015,0.0016
26.09.2018 08:15:30.899 GMT+0100,2921.43,2920.77,0.003,0.0037
26.09.2018 08:15:57.272 GMT+0100,2921.43,2920.77,0,0.0037
26.09.2018 08:15:57.322 GMT+0100,2921.63,2920.9690000000005,0,0.0037
26.09.2018 08:16:13.125 GMT+0100,2921.63,2920.77,0,0.0037
26.09.2018 08:16:13.175 GMT+0100,2921.43,2920.77,0,0.0023
26.09.2018 08:16:54.392 GMT+0100,2921.631,2920.9700000000003,0.003,0.0016
26.09.2018 08:17:02.318 GMT+0100,2921.631,2920.7690000000002,0.003,0.0037
26.09.2018 08:17:02.368 GMT+0100,2921.43,2920.7690000000002,0.0015,0.0037
26.09.2018 08:17:28.964 GMT+0100,2921.63,2920.9690000000005,0.0004,0.0037
26.09.2018 08:17:30.107 GMT+0100,2921.63,2920.7690000000002,0.0004,0.0037
26.09.2018 08:17:30.157 GMT+0100,2921.43,2920.7690000000002,0.0015,0.0037
26.09.2018 08:17:30.456 GMT+0100,2921.43,2920.9690000000005,0.0015,0.0016
26.09.2018 08:17:30.507 GMT+0100,2921.63,2920.9690000000005,0.0015,0.0037
26.09.2018 08:17:45.376 GMT+0100,2921.63,2920.7690000000002,0.003,0.0037
26.09.2018 08:17:45.426 GMT+0100,2921.431,2920.7690000000002,0.003,0.0037
26.09.2018 08:17:45.737 GMT+0100,2921.431,2920.7690000000002,0.0004,0.0037
26.09.2018 08:17:45.788 GMT+0100,2921.63,2920.9700000000003,0.003,0.0037
26.09.2018 08:17:46.096 GMT+0100,2921.63,2920.77,0.003,0.0037
26.09.2018 08:17:46.146 GMT+0100,2921.43,2920.77,0,0.0023
26.09.2018 08:17:55.896 GMT+0100,2921.43,2920.9700000000003,0,0.0016
26.09.2018 08:17:55.947 GMT+0100,2921.631,2920.9700000000003,0.003,0.0016
26.09.2018 08:18:03.215 GMT+0100,2921.631,2920.869,0.003,0.0037
26.09.2018 08:18:03.293 GMT+0100,2921.531,2920.869,0.003,0.0037
26.09.2018 08:18:04.703 GMT+0100,2921.531,2920.9690000000005,0.0015,0.0016
26.09.2018 08:18:04.754 GMT+0100,2921.63,2920.9690000000005,0,0.0037
26.09.2018 08:18:10.295 GMT+0100,2921.43,2920.77,0,0.0023
26.09.2018 08:18:28.769 GMT+0100,2921.43,2920.4690000000005,0,0.0037
26.09.2018 08:18:28.820 GMT+0100,2921.131,2920.4690000000005,0.003,0.0037
26.09.2018 08:18:28.973 GMT+0100,2921.43,2920.77,0.0004,0.002
26.09.2018 08:18:32.053 GMT+0100,2921.43,2920.4700000000003,0.0004,0.0037
26.09.2018 08:18:32.104 GMT+0100,2921.13,2920.4700000000003,0,0.0023
26.09.2018 08:20:31.857 GMT+0100,2920.93,2920.4700000000003,0.0008,0.0016
26.09.2018 08:20:31.908 GMT+0100,2920.93,2920.2690000000002,0.0015,0.0037
26.09.2018 08:21:58.369 GMT+0100,2920.93,2920.4690000000005,0.0008,0.0016
26.09.2018 08:21:58.420 GMT+0100,2921.13,2920.4690000000005,0,0.0037
26.09.2018 08:22:01.135 GMT+0100,2921.13,2920.2690000000002,0,0.0037
26.09.2018 08:22:01.186 GMT+0100,2920.93,2920.2690000000002,0,0.0037
26.09.2018 08:22:25.556 GMT+0100,2920.93,2920.4700000000003,0,0.0016
26.09.2018 08:22:25.607 GMT+0100,2921.13,2920.4700000000003,0.003,0.0037
26.09.2018 08:23:06.765 GMT+0100,2921.13,2920.4700000000003,0.0004,0.0037
26.09.2018 08:23:06.816 GMT+0100,2921.43,2920.7690000000002,0,0.0037
26.09.2018 08:23:48.494 GMT+0100,2921.63,2920.9690000000005,0,0.0037
26.09.2018 08:23:50.475 GMT+0100,2921.63,2920.77,0,0.0037
26.09.2018 08:23:50.526 GMT+0100,2921.431,2920.77,0.003,0.0016
26.09.2018 08:24:28.592 GMT+0100,2921.431,2920.4700000000003,0.003,0.0037
26.09.2018 08:24:28.643 GMT+0100,2921.131,2920.4700000000003,0.003,0.0016
26.09.2018 08:24:44.908 GMT+0100,2921.131,2920.27,0.003,0.0037
26.09.2018 08:24:44.958 GMT+0100,2920.93,2920.27,0.0004,0.002
26.09.2018 08:24:47.641 GMT+0100,2920.93,2919.9690000000005,0.0004,0.0037
26.09.2018 08:24:47.692 GMT+0100,2920.63,2919.9690000000005,0.0015,0.0037
26.09.2018 08:24:53.661 GMT+0100,2920.63,2920.27,0.0015,0.0016
26.09.2018 08:24:53.711 GMT+0100,2920.931,2920.27,0.003,0.0016
26.09.2018 08:25:05.208 GMT+0100,2920.931,2919.9700000000003,0.003,0.0037
26.09.2018 08:25:05.259 GMT+0100,2920.63,2919.9700000000003,0.003,0.0037
26.09.2018 08:25:18.226 GMT+0100,2920.63,2919.9700000000003,0.0004,0.0037
26.09.2018 08:25:18.277 GMT+0100,2920.931,2920.27,0.003,0.0016
26.09.2018 08:25:26.008 GMT+0100,2920.931,2919.9700000000003,0.003,0.0037
26.09.2018 08:25:26.060 GMT+0100,2920.63,2919.9700000000003,0.0004,0.002
26.09.2018 08:25:38.914 GMT+0100,2920.43,2919.7690000000002,0.0004,0.0037
26.09.2018 08:25:39.452 GMT+0100,2920.43,2919.9700000000003,0.0004,0.0016
26.09.2018 08:25:39.503 GMT+0100,2920.63,2919.9700000000003,0.0004,0.002
26.09.2018 08:25:40.898 GMT+0100,2920.63,2919.77,0.0004,0.0037
26.09.2018 08:25:40.949 GMT+0100,2920.43,2919.77,0.0004,0.002
26.09.2018 08:25:42.380 GMT+0100,2920.43,2919.9700000000003,0.0004,0.0016
26.09.2018 08:25:42.430 GMT+0100,2920.631,2919.9700000000003,0.003,0.0016
26.09.2018 08:26:03.778 GMT+0100,2920.43,2919.7690000000002,0,0.0037
26.09.2018 08:26:04.383 GMT+0100,2920.631,2919.9700000000003,0.003,0.0016
26.09.2018 08:27:17.324 GMT+0100,2920.43,2919.77,0,0.0023
26.09.2018 08:27:25.357 GMT+0100,2920.53,2919.87,0,0.0023
26.09.2018 08:27:26.103 GMT+0100,2920.53,2919.9700000000003,0,0.0016
26.09.2018 08:27:26.154 GMT+0100,2920.63,2919.9700000000003,0.003,0.0037
26.09.2018 08:27:36.645 GMT+0100,2920.63,2919.77,0.003,0.0037
26.09.2018 08:27:36.695 GMT+0100,2920.431,2919.77,0.003,0.0016
26.09.2018 08:27:43.707 GMT+0100,2920.431,2919.9700000000003,0.0015,0.0016
26.09.2018 08:27:43.758 GMT+0100,2920.631,2919.9700000000003,0.003,0.0016
26.09.2018 08:27:58.738 GMT+0100,2920.631,2920.2690000000002,0.0015,0.0016
26.09.2018 08:27:58.789 GMT+0100,2920.93,2920.2690000000002,0,0.0037
26.09.2018 08:28:05.380 GMT+0100,2920.63,2920.2690000000002,0,0.002
26.09.2018 08:28:05.431 GMT+0100,2920.63,2919.9690000000005,0.0015,0.0037
26.09.2018 08:29:18.846 GMT+0100,2920.931,2919.9690000000005,0.0022,0.003
26.09.2018 08:29:18.897 GMT+0100,2920.93,2920.27,0.0004,0.002
26.09.2018 08:30:22.545 GMT+0100,2920.931,2919.9700000000003,0.0022,0.003
26.09.2018 08:30:22.596 GMT+0100,2920.631,2919.9700000000003,0.003,0.0016
26.09.2018 08:30:51.673 GMT+0100,2920.43,2919.9700000000003,0,0.0016
26.09.2018 08:30:51.723 GMT+0100,2920.43,2919.77,0.003,0.0037
26.09.2018 08:31:00.282 GMT+0100,2920.43,2919.9690000000005,0.0015,0.0016
26.09.2018 08:31:00.333 GMT+0100,2920.63,2919.9690000000005,0.0015,0.0037
26.09.2018 08:31:02.864 GMT+0100,2920.63,2919.7690000000002,0.003,0.0037
26.09.2018 08:31:02.915 GMT+0100,2920.43,2919.7690000000002,0,0.0037
26.09.2018 08:31:09.218 GMT+0100,2920.43,2919.9690000000005,0,0.0016
26.09.2018 08:31:09.269 GMT+0100,2920.631,2919.9690000000005,0.003,0.0037
26.09.2018 08:31:11.740 GMT+0100,2920.631,2919.77,0.003,0.0037
26.09.2018 08:31:11.791 GMT+0100,2920.43,2919.77,0.003,0.0037
26.09.2018 08:31:19.533 GMT+0100,2920.43,2919.9690000000005,0.0015,0.0016
26.09.2018 08:31:19.584 GMT+0100,2920.631,2919.9690000000005,0.003,0.0037
26.09.2018 08:32:03.513 GMT+0100,2920.631,2919.7690000000002,0.003,0.0037
26.09.2018 08:32:03.563 GMT+0100,2920.43,2919.7690000000002,0.0004,0.0037
26.09.2018 08:32:03.855 GMT+0100,2920.43,2919.9690000000005,0.0004,0.0016
26.09.2018 08:32:03.978 GMT+0100,2920.63,2919.9690000000005,0,0.0037
26.09.2018 08:32:49.114 GMT+0100,2920.63,2920.27,0,0.0016
26.09.2018 08:32:49.165 GMT+0100,2920.931,2920.27,0.003,0.0016
26.09.2018 08:33:24.905 GMT+0100,2920.931,2919.9690000000005,0.003,0.0037
26.09.2018 08:33:24.956 GMT+0100,2920.63,2919.9690000000005,0,0.0037
26.09.2018 08:33:53.800 GMT+0100,2920.93,2920.27,0.003,0.0037
26.09.2018 08:34:57.803 GMT+0100,2920.63,2919.9700000000003,0.003,0.0037
26.09.2018 08:35:00.892 GMT+0100,2920.63,2919.9700000000003,0.0004,0.0037
26.09.2018 08:35:00.943 GMT+0100,2920.931,2920.2690000000002,0.003,0.0037
26.09.2018 08:36:13.680 GMT+0100,2920.931,2920.4700000000003,0.0008,0.0016
26.09.2018 08:36:13.731 GMT+0100,2921.13,2920.4700000000003,0,0.0023
26.09.2018 08:36:33.557 GMT+0100,2921.13,2920.7690000000002,0,0.0016
26.09.2018 08:36:33.608 GMT+0100,2921.43,2920.7690000000002,0.0004,0.0037
26.09.2018 08:37:12.217 GMT+0100,2921.43,2920.4690000000005,0.0004,0.0037
26.09.2018 08:37:12.268 GMT+0100,2921.13,2920.4690000000005,0.0015,0.0037
26.09.2018 08:37:13.351 GMT+0100,2921.431,2920.7690000000002,0.003,0.0037
26.09.2018 08:37:13.512 GMT+0100,2921.131,2920.7690000000002,0.0004,0.0023
26.09.2018 08:37:13.563 GMT+0100,2921.13,2920.4700000000003,0,0.0023
26.09.2018 08:38:19.731 GMT+0100,2921.13,2920.2690000000002,0.0022,0.003
26.09.2018 08:38:19.781 GMT+0100,2920.93,2920.2690000000002,0.0004,0.0037
26.09.2018 08:38:34.522 GMT+0100,2920.93,2919.9700000000003,0.0004,0.0037
26.09.2018 08:38:34.572 GMT+0100,2920.63,2919.9700000000003,0.003,0.0037
26.09.2018 08:38:35.276 GMT+0100,2920.93,2920.2690000000002,0.0004,0.0037
26.09.2018 08:38:36.617 GMT+0100,2920.93,2919.9700000000003,0.0004,0.0037
26.09.2018 08:38:36.668 GMT+0100,2920.63,2919.9700000000003,0,0.0023
26.09.2018 08:38:47.598 GMT+0100,2920.43,2919.77,0.003,0.0037
26.09.2018 08:39:14.129 GMT+0100,2920.131,2919.77,0,0.002
26.09.2018 08:39:14.179 GMT+0100,2920.13,2919.4700000000003,0.0004,0.002
26.09.2018 08:39:19.948 GMT+0100,2920.13,2919.2690000000002,0.0004,0.0037
26.09.2018 08:39:19.998 GMT+0100,2919.93,2919.2690000000002,0,0.0037
26.09.2018 08:39:23.704 GMT+0100,2919.93,2919.4700000000003,0,0.0016
26.09.2018 08:39:23.755 GMT+0100,2920.13,2919.4700000000003,0.003,0.0037
26.09.2018 08:39:28.202 GMT+0100,2920.13,2919.27,0.003,0.0037
26.09.2018 08:39:28.253 GMT+0100,2919.93,2919.27,0.003,0.0037
26.09.2018 08:39:57.787 GMT+0100,2919.93,2919.4700000000003,0.0015,0.0016
26.09.2018 08:39:57.838 GMT+0100,2920.13,2919.4700000000003,0.003,0.0037
26.09.2018 08:40:01.808 GMT+0100,2920.13,2919.27,0.003,0.0037
26.09.2018 08:40:01.858 GMT+0100,2919.93,2919.27,0.003,0.0037
26.09.2018 08:40:29.843 GMT+0100,2919.93,2918.9700000000003,0.003,0.0037
26.09.2018 08:40:29.893 GMT+0100,2919.63,2918.9700000000003,0,0.0023
26.09.2018 08:40:38.280 GMT+0100,2919.631,2918.9700000000003,0.0004,0.0023
26.09.2018 08:40:38.336 GMT+0100,2919.93,2919.2690000000002,0,0.0037
26.09.2018 08:41:06.074 GMT+0100,2919.93,2918.9700000000003,0,0.0037
26.09.2018 08:41:06.125 GMT+0100,2919.631,2918.9700000000003,0.003,0.0016
26.09.2018 08:41:16.068 GMT+0100,2919.631,2919.2690000000002,0.0015,0.0016
26.09.2018 08:41:16.124 GMT+0100,2919.93,2919.2690000000002,0.0004,0.0037
26.09.2018 08:41:23.750 GMT+0100,2919.93,2918.9690000000005,0.0004,0.0037
26.09.2018 08:41:23.838 GMT+0100,2919.63,2918.9690000000005,0,0.0037
26.09.2018 08:41:25.748 GMT+0100,2919.631,2918.9690000000005,0.0004,0.0037
26.09.2018 08:41:25.799 GMT+0100,2919.93,2919.2690000000002,0,0.0037
26.09.2018 08:42:00.536 GMT+0100,2919.93,2918.9690000000005,0,0.0037
26.09.2018 08:42:00.587 GMT+0100,2919.63,2918.9690000000005,0,0.0037
26.09.2018 08:42:06.238 GMT+0100,2919.63,2918.9690000000005,0,0.0037
26.09.2018 08:42:06.289 GMT+0100,2919.93,2919.27,0.003,0.0037
26.09.2018 08:42:35.484 GMT+0100,2919.93,2919.27,0.0004,0.0037
26.09.2018 08:42:35.534 GMT+0100,2920.13,2919.4690000000005,0,0.0037
26.09.2018 08:42:35.869 GMT+0100,2920.13,2919.2690000000002,0,0.0037
26.09.2018 08:42:35.920 GMT+0100,2919.93,2919.2690000000002,0.0004,0.0037
26.09.2018 08:42:39.060 GMT+0100,2919.93,2919.4700000000003,0.0004,0.0016
26.09.2018 08:42:39.110 GMT+0100,2920.131,2919.4700000000003,0.003,0.0016
26.09.2018 08:43:09.918 GMT+0100,2920.43,2919.77,0.0004,0.002
26.09.2018 08:44:18.047 GMT+0100,2920.431,2919.4690000000005,0.0022,0.003
26.09.2018 08:44:18.098 GMT+0100,2920.13,2919.4690000000005,0,0.0037
26.09.2018 08:44:19.698 GMT+0100,2920.13,2919.7690000000002,0,0.0016
26.09.2018 08:44:19.775 GMT+0100,2920.43,2919.7690000000002,0.0004,0.0037
26.09.2018 08:44:51.888 GMT+0100,2920.43,2919.9700000000003,0.0004,0.0016
26.09.2018 08:44:51.939 GMT+0100,2920.631,2919.9700000000003,0.003,0.0016
26.09.2018 08:45:03.108 GMT+0100,2920.431,2919.7690000000002,0.003,0.0037
26.09.2018 08:46:21.885 GMT+0100,2920.431,2919.9690000000005,0.0008,0.0016
26.09.2018 08:46:21.936 GMT+0100,2920.63,2919.9690000000005,0.0015,0.0037
26.09.2018 08:46:52.914 GMT+0100,2920.431,2919.77,0.003,0.0016
26.09.2018 08:46:53.440 GMT+0100,2920.431,2919.9690000000005,0.0015,0.0016
26.09.2018 08:46:53.491 GMT+0100,2920.63,2919.9690000000005,0,0.0037
26.09.2018 08:47:11.856 GMT+0100,2920.63,2919.7690000000002,0,0.0037
26.09.2018 08:47:11.909 GMT+0100,2920.43,2919.7690000000002,0,0.0037
26.09.2018 08:47:51.093 GMT+0100,2920.63,2919.9700000000003,0,0.0023
26.09.2018 08:48:47.120 GMT+0100,2920.63,2920.2690000000002,0,0.0016
26.09.2018 08:48:47.171 GMT+0100,2920.93,2920.2690000000002,0,0.0037
26.09.2018 08:49:02.316 GMT+0100,2920.63,2919.9700000000003,0.003,0.0037
26.09.2018 08:49:09.592 GMT+0100,2920.63,2920.27,0.0015,0.0016
26.09.2018 08:49:09.660 GMT+0100,2920.93,2920.27,0,0.0023
26.09.2018 08:49:11.451 GMT+0100,2920.93,2919.9700000000003,0,0.0037
26.09.2018 08:49:11.501 GMT+0100,2920.63,2919.9700000000003,0,0.0023
26.09.2018 08:49:21.861 GMT+0100,2920.43,2919.77,0.0004,0.002
26.09.2018 08:49:24.546 GMT+0100,2920.43,2919.9700000000003,0.0004,0.0016
26.09.2018 08:49:24.599 GMT+0100,2920.63,2919.9700000000003,0.003,0.0037
26.09.2018 08:49:35.753 GMT+0100,2920.63,2920.27,0.0015,0.0016
26.09.2018 08:49:35.804 GMT+0100,2920.93,2920.27,0,0.0023
26.09.2018 08:49:40.435 GMT+0100,2920.63,2919.9700000000003,0.003,0.0037
26.09.2018 08:49:41.046 GMT+0100,2920.931,2920.27,0.003,0.0016
26.09.2018 08:49:41.375 GMT+0100,2920.63,2919.9700000000003,0.003,0.0037
26.09.2018 08:49:59.455 GMT+0100,2920.63,2920.2690000000002,0.0015,0.0016
26.09.2018 08:49:59.506 GMT+0100,2920.93,2920.2690000000002,0.0004,0.0037
26.09.2018 08:50:13.391 GMT+0100,2920.93,2919.9690000000005,0.0004,0.0037
26.09.2018 08:50:13.442 GMT+0100,2920.631,2919.9690000000005,0.003,0.0037
26.09.2018 08:50:23.310 GMT+0100,2920.631,2920.27,0.0015,0.0016
26.09.2018 08:50:23.361 GMT+0100,2920.93,2920.27,0,0.0023
26.09.2018 08:50:42.553 GMT+0100,2920.631,2919.9700000000003,0.003,0.0016
26.09.2018 08:50:46.331 GMT+0100,2920.631,2920.07,0.0015,0.0016
26.09.2018 08:50:46.382 GMT+0100,2920.7309999999998,2920.07,0.003,0.0016
26.09.2018 08:50:47.380 GMT+0100,2920.7309999999998,2920.27,0.0015,0.0016
26.09.2018 08:50:47.431 GMT+0100,2920.931,2920.27,0.003,0.0016
26.09.2018 08:51:33.745 GMT+0100,2920.931,2919.9690000000005,0.003,0.0037
26.09.2018 08:51:33.796 GMT+0100,2920.631,2919.9690000000005,0.003,0.0037
26.09.2018 08:51:42.036 GMT+0100,2920.631,2920.27,0.0015,0.0016
26.09.2018 08:51:42.087 GMT+0100,2920.93,2920.27,0.0004,0.002
26.09.2018 08:51:42.227 GMT+0100,2920.63,2919.9700000000003,0,0.0023
26.09.2018 08:51:48.718 GMT+0100,2920.63,2920.2690000000002,0,0.0016
26.09.2018 08:51:48.768 GMT+0100,2920.93,2920.2690000000002,0,0.0037
26.09.2018 08:51:50.977 GMT+0100,2920.93,2919.9690000000005,0,0.0037
26.09.2018 08:51:51.027 GMT+0100,2920.63,2919.9690000000005,0.0004,0.0037
26.09.2018 08:52:36.429 GMT+0100,2920.63,2920.2690000000002,0.0004,0.0016
26.09.2018 08:52:36.481 GMT+0100,2920.93,2920.2690000000002,0,0.0037
26.09.2018 08:54:34.373 GMT+0100,2920.93,2919.9690000000005,0.0022,0.003
26.09.2018 08:54:34.423 GMT+0100,2920.63,2919.9690000000005,0,0.0037
26.09.2018 08:54:44.829 GMT+0100,2920.63,2920.2690000000002,0,0.0016
26.09.2018 08:54:44.879 GMT+0100,2920.93,2920.2690000000002,0,0.0037
26.09.2018 08:56:15.082 GMT+0100,2920.93,2919.9700000000003,0.0022,0.003
26.09.2018 08:56:15.133 GMT+0100,2920.63,2919.9700000000003,0.003,0.0037
26.09.2018 08:56:39.005 GMT+0100,2920.931,2920.2690000000002,0.003,0.0037
26.09.2018 08:58:21.311 GMT+0100,2920.931,2920.4700000000003,0.0008,0.0016
26.09.2018 08:58:21.361 GMT+0100,2921.13,2920.4700000000003,0,0.0023
26.09.2018 08:58:37.015 GMT+0100,2921.131,2920.7690000000002,0.0004,0.0023
26.09.2018 08:58:37.066 GMT+0100,2921.43,2920.7690000000002,0.0015,0.0037
26.09.2018 08:59:27.846 GMT+0100,2921.43,2920.9690000000005,0.0015,0.0016
26.09.2018 08:59:27.978 GMT+0100,2921.63,2920.9690000000005,0,0.0037
26.09.2018 09:00:08.640 GMT+0100,2921.63,2920.77,0,0.0037
26.09.2018 09:00:08.691 GMT+0100,2921.43,2920.77,0.0004,0.002
26.09.2018 09:00:20.765 GMT+0100,2921.43,2920.9700000000003,0.0004,0.0016
26.09.2018 09:00:20.816 GMT+0100,2921.631,2920.9700000000003,0.003,0.0016
26.09.2018 09:00:20.925 GMT+0100,2921.631,2920.77,0.003,0.0037
26.09.2018 09:00:20.976 GMT+0100,2921.431,2920.77,0.003,0.0016
26.09.2018 09:00:21.394 GMT+0100,2921.431,2920.9690000000005,0.0015,0.0016
26.09.2018 09:00:21.445 GMT+0100,2921.63,2920.9690000000005,0.0004,0.0037
26.09.2018 09:01:21.644 GMT+0100,2921.631,2920.9690000000005,0.0022,0.003
26.09.2018 09:02:19.057 GMT+0100,2921.631,2920.7690000000002,0.0022,0.003
26.09.2018 09:02:19.107 GMT+0100,2921.431,2920.7690000000002,0.003,0.0037
26.09.2018 09:02:42.574 GMT+0100,2921.431,2920.4690000000005,0.003,0.0037
26.09.2018 09:02:42.624 GMT+0100,2921.13,2920.4690000000005,0,0.0037
26.09.2018 09:02:42.742 GMT+0100,2921.13,2920.77,0,0.0016
26.09.2018 09:02:42.792 GMT+0100,2921.43,2920.77,0.0004,0.002
26.09.2018 09:03:43.417 GMT+0100,2921.431,2920.4690000000005,0.0022,0.003
26.09.2018 09:03:43.468 GMT+0100,2921.131,2920.4690000000005,0.003,0.0037
26.09.2018 09:03:51.524 GMT+0100,2921.131,2920.2690000000002,0.003,0.0037
26.09.2018 09:03:51.574 GMT+0100,2920.93,2920.2690000000002,0.0004,0.0037
26.09.2018 09:03:59.660 GMT+0100,2920.93,2920.4690000000005,0.0004,0.0016
26.09.2018 09:03:59.711 GMT+0100,2921.131,2920.4690000000005,0.003,0.0037
26.09.2018 09:04:21.958 GMT+0100,2921.131,2920.77,0.0015,0.0016
26.09.2018 09:04:22.009 GMT+0100,2921.431,2920.77,0.003,0.0016
26.09.2018 09:04:22.831 GMT+0100,2921.13,2920.4700000000003,0,0.0023
26.09.2018 09:04:35.952 GMT+0100,2921.13,2920.77,0,0.0016
26.09.2018 09:04:36.003 GMT+0100,2921.43,2920.77,0.003,0.0037
26.09.2018 09:06:40.929 GMT+0100,2921.63,2920.9700000000003,0.003,0.0037
26.09.2018 09:07:57.598 GMT+0100,2921.43,2920.9700000000003,0.0004,0.0016
26.09.2018 09:07:57.649 GMT+0100,2921.43,2920.77,0.0004,0.002
26.09.2018 09:08:29.083 GMT+0100,2921.43,2920.9690000000005,0.0004,0.0016
26.09.2018 09:08:29.133 GMT+0100,2921.63,2920.9690000000005,0.0004,0.0037
26.09.2018 09:09:03.554 GMT+0100,2921.93,2921.2690000000002,0,0.0037
26.09.2018 09:09:05.739 GMT+0100,2921.93,2920.9690000000005,0,0.0037
26.09.2018 09:09:05.789 GMT+0100,2921.631,2920.9690000000005,0.003,0.0037
26.09.2018 09:09:14.719 GMT+0100,2921.631,2920.9690000000005,0.0004,0.0037
26.09.2018 09:09:14.769 GMT+0100,2921.93,2921.2690000000002,0,0.0037
26.09.2018 09:09:14.863 GMT+0100,2921.93,2920.9690000000005,0,0.0037
26.09.2018 09:09:14.914 GMT+0100,2921.631,2920.9690000000005,0.003,0.0037
26.09.2018 09:09:20.217 GMT+0100,2921.631,2921.07,0.0015,0.0016
26.09.2018 09:09:20.268 GMT+0100,2921.7309999999998,2921.07,0.003,0.0016
26.09.2018 09:09:20.424 GMT+0100,2921.7309999999998,2921.27,0.0015,0.0016
26.09.2018 09:09:20.474 GMT+0100,2921.93,2921.27,0,0.0023
26.09.2018 09:09:20.610 GMT+0100,2921.63,2921.27,0.0004,0.0016
26.09.2018 09:09:20.660 GMT+0100,2921.63,2920.9690000000005,0.0004,0.0037
26.09.2018 09:09:27.951 GMT+0100,2921.63,2921.27,0.0004,0.0016
26.09.2018 09:09:28.002 GMT+0100,2921.93,2921.27,0.0004,0.002
26.09.2018 09:10:52.610 GMT+0100,2921.931,2921.4690000000005,0.0008,0.0016
26.09.2018 09:10:52.661 GMT+0100,2922.131,2921.4690000000005,0.003,0.0037
26.09.2018 09:15:07.178 GMT+0100,2922.131,2921.77,0.0008,0.0016
26.09.2018 09:15:07.229 GMT+0100,2922.431,2921.77,0.003,0.0016
26.09.2018 09:15:18.047 GMT+0100,2922.431,2921.4700000000003,0.003,0.0037
26.09.2018 09:15:18.097 GMT+0100,2922.131,2921.4700000000003,0.003,0.0016
26.09.2018 09:18:49.327 GMT+0100,2922.131,2921.77,0.0008,0.0016
26.09.2018 09:18:49.378 GMT+0100,2922.43,2921.77,0,0.0023
26.09.2018 09:19:25.185 GMT+0100,2922.43,2921.4690000000005,0,0.0037
26.09.2018 09:19:25.236 GMT+0100,2922.13,2921.4690000000005,0.0015,0.0037
26.09.2018 09:19:56.886 GMT+0100,2922.13,2921.27,0.003,0.0037
26.09.2018 09:19:57.008 GMT+0100,2921.931,2921.27,0.003,0.0016
26.09.2018 09:20:10.942 GMT+0100,2921.931,2921.27,0.0004,0.0023
26.09.2018 09:20:10.993 GMT+0100,2922.13,2921.4690000000005,0,0.0037
26.09.2018 09:20:11.488 GMT+0100,2921.93,2921.2690000000002,0.0015,0.0037
26.09.2018 09:20:12.097 GMT+0100,2922.131,2921.4700000000003,0.003,0.0016
26.09.2018 09:20:13.625 GMT+0100,2922.13,2921.2690000000002,0.0004,0.0037
26.09.2018 09:20:13.685 GMT+0100,2921.93,2921.2690000000002,0,0.0037
26.09.2018 09:20:15.391 GMT+0100,2921.93,2921.4690000000005,0,0.0016
26.09.2018 09:20:15.441 GMT+0100,2922.13,2921.4690000000005,0.0015,0.0037
26.09.2018 09:20:17.101 GMT+0100,2921.93,2921.27,0.0004,0.002
26.09.2018 09:20:18.462 GMT+0100,2921.93,2921.4700000000003,0.0004,0.0016
26.09.2018 09:20:18.513 GMT+0100,2922.13,2921.4700000000003,0.0004,0.002
26.09.2018 09:21:05.921 GMT+0100,2921.93,2921.4700000000003,0,0.002
26.09.2018 09:21:05.973 GMT+0100,2921.93,2921.27,0,0.0023
26.09.2018 09:21:33.002 GMT+0100,2921.63,2920.9690000000005,0,0.0037
26.09.2018 09:21:33.465 GMT+0100,2921.63,2921.2690000000002,0,0.0016
26.09.2018 09:21:33.516 GMT+0100,2921.93,2921.2690000000002,0.0015,0.0037
26.09.2018 09:21:42.815 GMT+0100,2921.93,2920.9690000000005,0.003,0.0037
26.09.2018 09:21:42.866 GMT+0100,2921.63,2920.9690000000005,0,0.0037
26.09.2018 09:22:13.952 GMT+0100,2921.63,2921.2690000000002,0,0.0016
26.09.2018 09:22:14.003 GMT+0100,2921.93,2921.2690000000002,0,0.0037
26.09.2018 09:22:14.860 GMT+0100,2921.93,2920.9690000000005,0,0.0037
26.09.2018 09:22:14.911 GMT+0100,2921.63,2920.9690000000005,0,0.0037
26.09.2018 09:22:28.114 GMT+0100,2921.63,2921.27,0,0.0016
26.09.2018 09:22:28.164 GMT+0100,2921.931,2921.27,0.003,0.0016
26.09.2018 09:22:30.787 GMT+0100,2921.631,2920.9700000000003,0.003,0.0016
26.09.2018 09:22:56.110 GMT+0100,2921.631,2920.9700000000003,0,0.002
26.09.2018 09:22:56.161 GMT+0100,2921.93,2921.2690000000002,0.0015,0.0037
26.09.2018 09:23:34.598 GMT+0100,2921.93,2921.4700000000003,0.0015,0.0016
26.09.2018 09:23:34.651 GMT+0100,2922.13,2921.4700000000003,0.0004,0.002
26.09.2018 09:25:29.180 GMT+0100,2921.93,2921.4700000000003,0.0008,0.0016
26.09.2018 09:25:29.231 GMT+0100,2921.93,2921.27,0,0.0023
26.09.2018 09:27:38.935 GMT+0100,2921.93,2921.4700000000003,0.0008,0.0016
26.09.2018 09:27:38.986 GMT+0100,2922.131,2921.4700000000003,0.003,0.0016
26.09.2018 09:29:51.451 GMT+0100,2922.431,2921.7690000000002,0.003,0.0037
26.09.2018 09:30:09.764 GMT+0100,2922.13,2921.4690000000005,0,0.0037
26.09.2018 09:30:18.656 GMT+0100,2922.13,2921.7690000000002,0,0.0016
26.09.2018 09:30:18.707 GMT+0100,2922.43,2921.7690000000002,0.0015,0.0037
26.09.2018 09:31:03.007 GMT+0100,2922.43,2921.9700000000003,0.0015,0.0016
26.09.2018 09:31:03.058 GMT+0100,2922.631,2921.9700000000003,0.003,0.0016
26.09.2018 09:31:08.149 GMT+0100,2922.631,2922.27,0.0015,0.0016
26.09.2018 09:31:08.199 GMT+0100,2922.93,2922.27,0.003,0.0037
26.09.2018 09:31:09.038 GMT+0100,2922.93,2921.9690000000005,0.003,0.0037
26.09.2018 09:31:09.089 GMT+0100,2922.63,2921.9690000000005,0.0015,0.0037
26.09.2018 09:31:12.391 GMT+0100,2922.63,2922.27,0.0015,0.0016
26.09.2018 09:31:12.441 GMT+0100,2922.93,2922.27,0.0004,0.002
26.09.2018 09:31:12.559 GMT+0100,2922.63,2921.9690000000005,0.0004,0.0037
26.09.2018 09:31:12.897 GMT+0100,2922.93,2922.27,0.003,0.0037
26.09.2018 09:31:13.549 GMT+0100,2922.63,2921.9700000000003,0,0.0023
26.09.2018 09:31:14.598 GMT+0100,2922.63,2922.27,0,0.0016
26.09.2018 09:31:14.649 GMT+0100,2922.93,2922.27,0.0004,0.002
26.09.2018 09:31:16.460 GMT+0100,2922.631,2922.27,0.0015,0.0016
26.09.2018 09:31:16.511 GMT+0100,2922.631,2921.9690000000005,0.003,0.0037
26.09.2018 09:31:16.643 GMT+0100,2922.931,2922.27,0.003,0.0016
26.09.2018 09:31:17.225 GMT+0100,2922.931,2921.9700000000003,0.003,0.0037
26.09.2018 09:31:17.276 GMT+0100,2922.631,2921.9700000000003,0.003,0.0016
26.09.2018 09:31:19.026 GMT+0100,2922.631,2922.27,0.0015,0.0016
26.09.2018 09:31:19.076 GMT+0100,2922.931,2922.27,0.003,0.0016
26.09.2018 09:31:20.527 GMT+0100,2922.631,2922.27,0.0004,0.0016
26.09.2018 09:31:20.581 GMT+0100,2922.631,2921.9690000000005,0.003,0.0037
26.09.2018 09:34:08.826 GMT+0100,2922.631,2921.77,0.0022,0.003
26.09.2018 09:34:08.877 GMT+0100,2922.431,2921.77,0.003,0.0016
26.09.2018 09:34:46.635 GMT+0100,2922.431,2921.9700000000003,0.0015,0.0016
26.09.2018 09:34:46.685 GMT+0100,2922.631,2921.9700000000003,0.003,0.0016
26.09.2018 09:34:48.762 GMT+0100,2922.431,2921.9700000000003,0,0.0016
26.09.2018 09:34:48.812 GMT+0100,2922.43,2921.7690000000002,0.0004,0.0037
26.09.2018 09:34:48.920 GMT+0100,2922.43,2921.9690000000005,0.0004,0.0016
26.09.2018 09:34:48.971 GMT+0100,2922.63,2921.9690000000005,0,0.0037
26.09.2018 09:34:50.482 GMT+0100,2922.63,2921.77,0,0.0037
26.09.2018 09:34:50.533 GMT+0100,2922.43,2921.77,0.003,0.0037
26.09.2018 09:36:01.481 GMT+0100,2922.131,2921.77,0.0004,0.0023
26.09.2018 09:36:01.532 GMT+0100,2922.131,2921.4690000000005,0.003,0.0037
26.09.2018 09:36:30.882 GMT+0100,2922.131,2921.77,0.0015,0.0016
26.09.2018 09:36:30.932 GMT+0100,2922.43,2921.77,0.0004,0.002
26.09.2018 09:38:01.874 GMT+0100,2922.431,2921.77,0,0.002
26.09.2018 09:38:01.925 GMT+0100,2922.63,2921.9690000000005,0.0004,0.0037
26.09.2018 09:38:28.796 GMT+0100,2922.63,2922.27,0.0004,0.0016
26.09.2018 09:38:28.846 GMT+0100,2922.93,2922.27,0.0004,0.002
26.09.2018 09:38:31.331 GMT+0100,2922.631,2921.9690000000005,0.003,0.0037
26.09.2018 09:38:36.813 GMT+0100,2922.631,2921.9690000000005,0,0.0037
26.09.2018 09:38:36.864 GMT+0100,2922.931,2922.2690000000002,0.003,0.0037
26.09.2018 09:40:00.462 GMT+0100,2923.131,2922.4690000000005,0.003,0.0037
26.09.2018 09:40:22.309 GMT+0100,2923.43,2922.77,0.003,0.0037
26.09.2018 09:40:31.085 GMT+0100,2923.43,2922.4700000000003,0.003,0.0037
26.09.2018 09:40:31.135 GMT+0100,2923.13,2922.4700000000003,0.0004,0.002
26.09.2018 09:42:53.055 GMT+0100,2923.131,2922.27,0.0022,0.003
26.09.2018 09:42:53.105 GMT+0100,2922.93,2922.27,0.0004,0.002
26.09.2018 09:43:14.799 GMT+0100,2922.63,2922.27,0,0.002
26.09.2018 09:43:14.850 GMT+0100,2922.63,2921.9700000000003,0.003,0.0037
26.09.2018 09:43:56.818 GMT+0100,2922.63,2922.0690000000004,0.0015,0.0016
26.09.2018 09:43:56.869 GMT+0100,2922.73,2922.0690000000004,0.0004,0.0037
26.09.2018 09:43:59.575 GMT+0100,2922.73,2922.2690000000002,0.0004,0.0016
26.09.2018 09:43:59.625 GMT+0100,2922.93,2922.2690000000002,0,0.0037
26.09.2018 09:43:59.866 GMT+0100,2922.63,2921.9690000000005,0.0004,0.0037
26.09.2018 09:44:00.328 GMT+0100,2922.63,2922.0690000000004,0.0004,0.0016
26.09.2018 09:44:00.379 GMT+0100,2922.73,2922.0690000000004,0,0.0037
26.09.2018 09:44:00.533 GMT+0100,2922.63,2921.9700000000003,0,0.0023
26.09.2018 09:44:02.915 GMT+0100,2922.63,2922.07,0,0.0016
26.09.2018 09:44:02.965 GMT+0100,2922.73,2922.07,0.0004,0.002
26.09.2018 09:44:09.100 GMT+0100,2922.73,2922.2690000000002,0.0004,0.0016
26.09.2018 09:44:09.151 GMT+0100,2922.93,2922.2690000000002,0.0004,0.0037
26.09.2018 09:44:12.337 GMT+0100,2922.93,2921.9700000000003,0.0004,0.0037
26.09.2018 09:44:12.387 GMT+0100,2922.631,2921.9700000000003,0.003,0.0016
26.09.2018 09:44:34.228 GMT+0100,2922.631,2921.9700000000003,0.0004,0.0023
26.09.2018 09:44:34.278 GMT+0100,2922.73,2922.0690000000004,0.0004,0.0037
26.09.2018 09:44:35.438 GMT+0100,2922.73,2921.9690000000005,0.0004,0.0037
26.09.2018 09:44:35.529 GMT+0100,2922.631,2921.9690000000005,0.003,0.0037
26.09.2018 09:44:54.075 GMT+0100,2922.631,2922.27,0.0015,0.0016
26.09.2018 09:44:54.168 GMT+0100,2922.93,2922.27,0,0.0023
26.09.2018 09:44:58.434 GMT+0100,2922.93,2921.9700000000003,0,0.0037
26.09.2018 09:44:58.484 GMT+0100,2922.63,2921.9700000000003,0,0.0023
26.09.2018 09:45:28.009 GMT+0100,2922.93,2922.2690000000002,0,0.0037
26.09.2018 09:45:48.488 GMT+0100,2922.631,2922.2690000000002,0.0004,0.0023
26.09.2018 09:45:48.539 GMT+0100,2922.631,2921.9700000000003,0.003,0.0016
26.09.2018 09:46:19.941 GMT+0100,2922.431,2921.9700000000003,0,0.0016
26.09.2018 09:46:19.992 GMT+0100,2922.43,2921.7690000000002,0.0004,0.0037
26.09.2018 09:46:34.084 GMT+0100,2922.43,2921.4690000000005,0.0004,0.0037
26.09.2018 09:46:34.134 GMT+0100,2922.13,2921.4690000000005,0.0015,0.0037
26.09.2018 09:46:54.749 GMT+0100,2922.13,2921.77,0.0015,0.0016
26.09.2018 09:46:54.800 GMT+0100,2922.43,2921.77,0.0004,0.002
26.09.2018 09:46:57.312 GMT+0100,2922.43,2921.4700000000003,0.0004,0.0037
26.09.2018 09:46:57.363 GMT+0100,2922.13,2921.4700000000003,0,0.0023
26.09.2018 09:48:37.430 GMT+0100,2922.13,2921.2690000000002,0.0022,0.003
26.09.2018 09:48:37.480 GMT+0100,2921.93,2921.2690000000002,0.0004,0.0037
26.09.2018 09:49:08.101 GMT+0100,2921.93,2920.9690000000005,0.0004,0.0037
26.09.2018 09:49:08.151 GMT+0100,2921.63,2920.9690000000005,0.0015,0.0037
26.09.2018 09:49:40.104 GMT+0100,2921.63,2921.2690000000002,0.0015,0.0016
26.09.2018 09:49:40.239 GMT+0100,2921.93,2921.2690000000002,0.0015,0.0037
26.09.2018 09:50:57.616 GMT+0100,2921.93,2921.4700000000003,0.0008,0.0016
26.09.2018 09:50:57.666 GMT+0100,2922.13,2921.4700000000003,0.0004,0.002
26.09.2018 09:51:10.778 GMT+0100,2922.13,2921.7690000000002,0.0004,0.0016
26.09.2018 09:51:10.857 GMT+0100,2922.43,2921.7690000000002,0,0.0037
26.09.2018 09:51:28.592 GMT+0100,2922.13,2921.4700000000003,0.0004,0.002
26.09.2018 09:52:15.851 GMT+0100,2922.13,2921.4700000000003,0.0004,0.0037
26.09.2018 09:52:15.901 GMT+0100,2922.43,2921.77,0,0.0023
26.09.2018 09:52:41.661 GMT+0100,2922.131,2921.77,0.0004,0.0023
26.09.2018 09:52:41.712 GMT+0100,2922.13,2921.4690000000005,0,0.0037
26.09.2018 09:52:54.057 GMT+0100,2922.13,2921.77,0,0.0016
26.09.2018 09:52:54.107 GMT+0100,2922.431,2921.77,0.003,0.0016
26.09.2018 09:53:32.092 GMT+0100,2922.431,2921.4690000000005,0.003,0.0037
26.09.2018 09:53:32.143 GMT+0100,2922.13,2921.4690000000005,0.0015,0.0037
26.09.2018 09:53:50.634 GMT+0100,2922.13,2921.77,0.0015,0.0016
26.09.2018 09:53:50.685 GMT+0100,2922.43,2921.77,0.0004,0.002
26.09.2018 09:54:02.725 GMT+0100,2922.131,2921.4700000000003,0.003,0.0016
26.09.2018 09:54:06.730 GMT+0100,2922.131,2921.7690000000002,0.0015,0.0016
26.09.2018 09:54:06.780 GMT+0100,2922.43,2921.7690000000002,0,0.0037
26.09.2018 09:54:14.397 GMT+0100,2922.43,2921.4690000000005,0,0.0037
26.09.2018 09:54:14.448 GMT+0100,2922.13,2921.4690000000005,0.0015,0.0037
26.09.2018 09:54:26.496 GMT+0100,2922.13,2921.7690000000002,0.0015,0.0016
26.09.2018 09:54:26.547 GMT+0100,2922.43,2921.7690000000002,0.0004,0.0037
26.09.2018 09:55:26.608 GMT+0100,2922.431,2921.7690000000002,0.0022,0.003
26.09.2018 09:55:52.899 GMT+0100,2922.63,2921.9700000000003,0.003,0.0037
26.09.2018 09:55:59.516 GMT+0100,2922.63,2921.7690000000002,0.003,0.0037
26.09.2018 09:55:59.566 GMT+0100,2922.43,2921.7690000000002,0.0004,0.0037
26.09.2018 09:56:26.817 GMT+0100,2922.43,2921.9700000000003,0.0004,0.0016
26.09.2018 09:56:26.867 GMT+0100,2922.63,2921.9700000000003,0.003,0.0037
26.09.2018 09:56:26.980 GMT+0100,2922.43,2921.7690000000002,0,0.0037
26.09.2018 09:56:27.031 GMT+0100,2922.43,2921.7690000000002,0.0015,0.0037
26.09.2018 09:56:28.269 GMT+0100,2922.43,2921.9700000000003,0.0004,0.0016
26.09.2018 09:56:28.320 GMT+0100,2922.63,2921.9700000000003,0.0004,0.002
26.09.2018 09:57:00.977 GMT+0100,2922.63,2921.77,0.0004,0.0037
26.09.2018 09:57:01.139 GMT+0100,2922.43,2921.77,0.003,0.0037
26.09.2018 09:57:01.190 GMT+0100,2922.63,2921.9690000000005,0,0.0037
26.09.2018 09:57:01.509 GMT+0100,2922.43,2921.77,0.003,0.0037
26.09.2018 09:57:03.328 GMT+0100,2922.43,2921.9690000000005,0.0015,0.0016
26.09.2018 09:57:03.379 GMT+0100,2922.63,2921.9690000000005,0.0004,0.0037
26.09.2018 09:57:03.518 GMT+0100,2922.43,2921.9690000000005,0.0004,0.0023
26.09.2018 09:57:03.569 GMT+0100,2922.43,2921.7690000000002,0.0004,0.0037
26.09.2018 09:57:04.404 GMT+0100,2922.631,2921.9690000000005,0.003,0.0037
26.09.2018 09:57:05.767 GMT+0100,2922.631,2921.77,0.003,0.0037
26.09.2018 09:57:05.926 GMT+0100,2922.431,2921.77,0.003,0.0016
26.09.2018 09:57:06.230 GMT+0100,2922.431,2921.9690000000005,0.0015,0.0016
26.09.2018 09:57:06.280 GMT+0100,2922.63,2921.9690000000005,0,0.0037
26.09.2018 09:57:07.930 GMT+0100,2922.63,2921.77,0,0.0037
26.09.2018 09:57:07.980 GMT+0100,2922.431,2921.77,0.003,0.0016
26.09.2018 09:57:09.053 GMT+0100,2922.431,2921.9700000000003,0.0015,0.0016
26.09.2018 09:57:09.104 GMT+0100,2922.63,2921.9700000000003,0.0004,0.002
26.09.2018 09:57:09.213 GMT+0100,2922.63,2921.7690000000002,0.0004,0.0037
26.09.2018 09:57:09.264 GMT+0100,2922.431,2921.7690000000002,0.003,0.0037
26.09.2018 09:58:29.733 GMT+0100,2922.431,2921.4700000000003,0.0022,0.003
26.09.2018 09:58:29.784 GMT+0100,2922.13,2921.4700000000003,0,0.0023
26.09.2018 09:58:32.185 GMT+0100,2922.13,2921.77,0,0.0016
26.09.2018 09:58:32.236 GMT+0100,2922.43,2921.77,0.003,0.0037
26.09.2018 09:58:35.693 GMT+0100,2922.43,2921.4700000000003,0.003,0.0037
26.09.2018 09:58:35.744 GMT+0100,2922.13,2921.4700000000003,0,0.0023
26.09.2018 09:58:38.477 GMT+0100,2922.13,2921.77,0,0.0016
26.09.2018 09:58:38.528 GMT+0100,2922.431,2921.77,0.003,0.0016
26.09.2018 10:00:06.835 GMT+0100,2922.431,2921.77,0,0.002
26.09.2018 10:00:06.885 GMT+0100,2922.631,2921.9700000000003,0.003,0.0016
26.09.2018 10:00:13.921 GMT+0100,2922.431,2921.9700000000003,0,0.0016
