Local time,Ask,Bid,AskVolume,BidVolume
15.03.2017 06:00:10.356 GMT-0000,2370.261,2369.549,0.0003,0.0005
15.03.2017 06:00:17.159 GMT-0000,2370.1310000000003,2369.439,0.0003,0.0005
15.03.2017 06:00:17.210 GMT-0000,2370.26,2369.55,0.0003,0.0005
15.03.2017 06:07:44.657 GMT-0000,2370.1310000000003,2369.419,0.0003,0.0005
15.03.2017 06:07:44.707 GMT-0000,2370.26,2369.55,0.0003,0.0005
15.03.2017 06:11:27.211 GMT-0000,2370.28,2369.67,0.0003,0.0005
15.03.2017 06:11:27.312 GMT-0000,2370.3810000000003,2369.669,0.0003,0.0005
15.03.2017 06:11:27.596 GMT-0000,2370.38,2369.69,0.0003,0.0005
15.03.2017 06:11:30.098 GMT-0000,2370.511,2369.799,0.0003,0.0005
15.03.2017 06:11:33.860 GMT-0000,2370.3810000000003,2369.689,0.0003,0.0005
15.03.2017 06:11:51.827 GMT-0000,2370.51,2369.8,0.0003,0.0005
15.03.2017 06:12:00.758 GMT-0000,2370.38,2369.69,0.0003,0.0005
15.03.2017 06:12:00.930 GMT-0000,2370.51,2369.8,0.0003,0.0005
15.03.2017 06:12:06.886 GMT-0000,2370.3810000000003,2369.689,0.0003,0.0005
15.03.2017 06:12:08.762 GMT-0000,2370.26,2369.69,0.0003,0.0005
15.03.2017 06:12:08.813 GMT-0000,2370.26,2369.55,0.0003,0.0005
15.03.2017 06:13:16.028 GMT-0000,2370.51,2369.8,0.0003,0.0005
15.03.2017 06:13:24.613 GMT-0000,2370.38,2369.69,0.0003,0.0005
15.03.2017 06:13:24.663 GMT-0000,2370.38,2369.67,0.0003,0.0005
15.03.2017 06:13:25.621 GMT-0000,2370.38,2369.69,0.0003,0.0005
15.03.2017 06:13:29.069 GMT-0000,2370.511,2369.799,0.0003,0.0005
15.03.2017 06:14:24.501 GMT-0000,2370.3810000000003,2369.669,0.0003,0.0005
15.03.2017 06:14:24.886 GMT-0000,2370.38,2369.69,0.0003,0.0005
15.03.2017 06:14:28.948 GMT-0000,2370.26,2369.69,0.0003,0.0005
15.03.2017 06:14:29.002 GMT-0000,2370.2400000000002,2369.55,0.0003,0.0005
15.03.2017 06:14:29.371 GMT-0000,2370.26,2369.55,0.0003,0.0005
15.03.2017 06:14:33.760 GMT-0000,2370.281,2369.669,0.0003,0.0005
15.03.2017 06:14:33.860 GMT-0000,2370.3810000000003,2369.689,0.0003,0.0005
15.03.2017 06:14:36.537 GMT-0000,2370.241,2369.549,0.0003,0.0005
15.03.2017 06:14:36.587 GMT-0000,2370.26,2369.55,0.0003,0.0005
15.03.2017 06:14:56.121 GMT-0000,2370.281,2369.669,0.0003,0.0005
15.03.2017 06:14:56.171 GMT-0000,2370.38,2369.67,0.0003,0.0005
15.03.2017 06:15:11.633 GMT-0000,2370.511,2369.799,0.0003,0.0005
15.03.2017 06:18:17.188 GMT-0000,2370.531,2369.919,0.0003,0.0005
15.03.2017 06:18:17.239 GMT-0000,2370.63,2369.92,0.0003,0.0005
15.03.2017 06:18:17.289 GMT-0000,2370.491,2369.919,0.0003,0.0005
15.03.2017 06:18:17.340 GMT-0000,2370.63,2369.92,0.0003,0.0005
15.03.2017 06:18:17.686 GMT-0000,2370.511,2369.799,0.0003,0.0005
15.03.2017 06:18:18.325 GMT-0000,2370.53,2369.92,0.0003,0.0005
15.03.2017 06:18:18.378 GMT-0000,2370.6310000000003,2369.919,0.0003,0.0005
15.03.2017 06:18:21.164 GMT-0000,2370.511,2369.799,0.0003,0.0005
15.03.2017 06:20:22.237 GMT-0000,2370.6310000000003,2369.919,0.0003,0.0005
15.03.2017 06:20:24.155 GMT-0000,2370.76,2370.05,0.0003,0.0005
15.03.2017 06:22:46.746 GMT-0000,2370.6310000000003,2369.919,0.0003,0.0005
15.03.2017 06:22:48.408 GMT-0000,2370.4900000000002,2369.92,0.0003,0.0005
15.03.2017 06:22:59.107 GMT-0000,2370.6310000000003,2369.919,0.0003,0.0005
15.03.2017 06:23:18.813 GMT-0000,2370.491,2369.919,0.0003,0.0005
15.03.2017 06:23:18.866 GMT-0000,2370.51,2369.8,0.0003,0.0005
15.03.2017 06:23:29.260 GMT-0000,2370.53,2369.92,0.0003,0.0005
15.03.2017 06:23:29.312 GMT-0000,2370.63,2369.92,0.0003,0.0005
15.03.2017 06:23:34.572 GMT-0000,2370.511,2369.799,0.0003,0.0005
15.03.2017 06:32:54.208 GMT-0000,2370.3810000000003,2369.669,0.0003,0.0005
15.03.2017 06:32:54.258 GMT-0000,2370.38,2369.69,0.0003,0.0005
15.03.2017 06:33:03.553 GMT-0000,2370.3810000000003,2369.669,0.0003,0.0005
15.03.2017 06:33:03.603 GMT-0000,2370.2400000000002,2369.67,0.0003,0.0005
15.03.2017 06:33:03.704 GMT-0000,2370.3810000000003,2369.669,0.0003,0.0005
15.03.2017 06:33:22.799 GMT-0000,2370.511,2369.799,0.0003,0.0005
15.03.2017 06:34:00.251 GMT-0000,2370.3810000000003,2369.669,0.0003,0.0005
15.03.2017 06:34:00.716 GMT-0000,2370.2400000000002,2369.67,0.0003,0.0005
15.03.2017 06:34:29.736 GMT-0000,2370.1310000000003,2369.419,0.0003,0.0005
15.03.2017 06:34:29.786 GMT-0000,2370.261,2369.549,0.0003,0.0005
15.03.2017 06:35:51.439 GMT-0000,2370.1110000000003,2369.549,0.0003,0.0005
15.03.2017 06:36:06.150 GMT-0000,2370.23,2369.67,0.0003,0.0005
15.03.2017 06:38:00.184 GMT-0000,2370.36,2369.8,0.0003,0.0005
15.03.2017 06:38:00.778 GMT-0000,2370.23,2369.67,0.0003,0.0005
15.03.2017 06:38:06.686 GMT-0000,2370.36,2369.8,0.0003,0.0005
15.03.2017 06:38:07.046 GMT-0000,2370.23,2369.67,0.0003,0.0005
15.03.2017 06:38:14.415 GMT-0000,2370.3610000000003,2369.799,0.0003,0.0005
15.03.2017 06:38:14.466 GMT-0000,2370.231,2369.669,0.0003,0.0005
15.03.2017 06:40:19.862 GMT-0000,2370.1110000000003,2369.549,0.0003,0.0005
15.03.2017 06:42:07.925 GMT-0000,2370.231,2369.669,0.0003,0.0005
15.03.2017 06:42:08.339 GMT-0000,2370.3610000000003,2369.799,0.0003,0.0005
15.03.2017 06:42:11.437 GMT-0000,2370.23,2369.67,0.0003,0.0005
15.03.2017 06:42:29.554 GMT-0000,2370.36,2369.8,0.0003,0.0005
15.03.2017 06:42:33.432 GMT-0000,2370.231,2369.669,0.0003,0.0005
15.03.2017 06:42:46.852 GMT-0000,2370.3610000000003,2369.799,0.0003,0.0005
15.03.2017 06:43:24.814 GMT-0000,2370.48,2369.92,0.0003,0.0005
15.03.2017 06:43:26.056 GMT-0000,2370.3610000000003,2369.799,0.0003,0.0005
15.03.2017 06:43:55.834 GMT-0000,2370.481,2369.919,0.0003,0.0005
15.03.2017 06:43:56.440 GMT-0000,2370.61,2370.05,0.0003,0.0005
15.03.2017 06:44:42.277 GMT-0000,2370.481,2369.919,0.0003,0.0005
15.03.2017 06:44:42.328 GMT-0000,2370.36,2369.8,0.0003,0.0005
15.03.2017 06:45:04.478 GMT-0000,2370.481,2369.919,0.0003,0.0005
15.03.2017 06:45:21.389 GMT-0000,2370.36,2369.8,0.0003,0.0005
15.03.2017 06:50:04.200 GMT-0000,2370.48,2369.92,0.0003,0.0005
15.03.2017 06:50:04.250 GMT-0000,2370.6110000000003,2370.049,0.0003,0.0005
15.03.2017 06:50:20.123 GMT-0000,2370.36,2369.8,0.0003,0.0005
15.03.2017 06:52:16.928 GMT-0000,2370.23,2369.67,0.0003,0.0005
15.03.2017 06:52:17.452 GMT-0000,2370.11,2369.55,0.0003,0.0005
15.03.2017 06:53:02.686 GMT-0000,2370.231,2369.669,0.0003,0.0005
15.03.2017 06:53:52.785 GMT-0000,2369.86,2369.3,0.0003,0.0005
15.03.2017 06:53:52.936 GMT-0000,2370.1110000000003,2369.549,0.0003,0.0005
15.03.2017 06:54:06.653 GMT-0000,2369.98,2369.42,0.0003,0.0005
15.03.2017 06:54:06.704 GMT-0000,2369.8610000000003,2369.299,0.0003,0.0005
15.03.2017 06:55:26.975 GMT-0000,2370.1110000000003,2369.549,0.0003,0.0005
15.03.2017 06:55:27.479 GMT-0000,2369.981,2369.419,0.0003,0.0005
15.03.2017 06:55:35.586 GMT-0000,2369.86,2369.3,0.0003,0.0005
15.03.2017 06:59:03.489 GMT-0000,2369.981,2369.419,0.0003,0.0005
15.03.2017 06:59:28.868 GMT-0000,2370.1110000000003,2369.549,0.0003,0.0005
15.03.2017 07:00:05.804 GMT-0000,2369.981,2369.419,0.0003,0.0005
15.03.2017 07:00:14.024 GMT-0000,2369.86,2369.3,0.0003,0.0005
15.03.2017 07:06:08.693 GMT-0000,2369.73,2369.17,0.0003,0.0005
15.03.2017 07:06:09.280 GMT-0000,2369.61,2369.05,0.0003,0.0005
15.03.2017 07:06:18.617 GMT-0000,2369.731,2369.169,0.0003,0.0005
15.03.2017 07:06:34.934 GMT-0000,2369.6110000000003,2369.049,0.0003,0.0005
15.03.2017 07:07:43.276 GMT-0000,2369.481,2368.919,0.0003,0.0005
15.03.2017 07:08:40.379 GMT-0000,2369.36,2368.8,0.0003,0.0005
15.03.2017 07:09:40.644 GMT-0000,2369.481,2368.919,0.0003,0.0005
15.03.2017 07:09:44.660 GMT-0000,2369.231,2368.669,0.0003,0.0005
15.03.2017 07:09:44.999 GMT-0000,2369.36,2368.8,0.0003,0.0005
15.03.2017 07:10:46.441 GMT-0000,2369.48,2368.92,0.0003,0.0005
15.03.2017 07:10:58.989 GMT-0000,2369.11,2368.55,0.0003,0.0005
15.03.2017 07:10:59.471 GMT-0000,2369.36,2368.8,0.0003,0.0005
15.03.2017 07:13:25.312 GMT-0000,2369.481,2368.919,0.0003,0.0005
15.03.2017 07:14:23.188 GMT-0000,2369.6110000000003,2369.049,0.0003,0.0005
15.03.2017 07:14:56.110 GMT-0000,2369.731,2369.169,0.0003,0.0005
15.03.2017 07:14:56.440 GMT-0000,2369.86,2369.3,0.0003,0.0005
15.03.2017 07:15:04.518 GMT-0000,2369.98,2369.42,0.0003,0.0005
15.03.2017 07:15:04.982 GMT-0000,2370.11,2369.55,0.0003,0.0005
15.03.2017 07:15:08.754 GMT-0000,2369.8610000000003,2369.299,0.0003,0.0005
15.03.2017 07:15:20.685 GMT-0000,2369.731,2369.169,0.0003,0.0005
15.03.2017 07:15:21.134 GMT-0000,2369.61,2369.05,0.0003,0.0005
15.03.2017 07:15:22.598 GMT-0000,2369.73,2369.17,0.0003,0.0005
15.03.2017 07:15:33.888 GMT-0000,2369.6110000000003,2369.049,0.0003,0.0005
15.03.2017 07:15:39.496 GMT-0000,2369.731,2369.169,0.0003,0.0005
15.03.2017 07:16:03.539 GMT-0000,2369.8610000000003,2369.299,0.0003,0.0005
15.03.2017 07:16:07.149 GMT-0000,2369.73,2369.17,0.0003,0.0005
15.03.2017 07:16:10.280 GMT-0000,2369.86,2369.3,0.0003,0.0005
15.03.2017 07:16:15.295 GMT-0000,2369.731,2369.169,0.0003,0.0005
15.03.2017 07:16:18.090 GMT-0000,2369.86,2369.3,0.0003,0.0005
15.03.2017 07:16:35.610 GMT-0000,2369.98,2369.42,0.0003,0.0005
15.03.2017 07:16:57.344 GMT-0000,2370.1110000000003,2369.549,0.0003,0.0005
15.03.2017 07:17:03.143 GMT-0000,2370.231,2369.669,0.0003,0.0005
15.03.2017 07:17:03.600 GMT-0000,2370.36,2369.8,0.0003,0.0005
15.03.2017 07:17:28.128 GMT-0000,2370.231,2369.669,0.0003,0.0005
15.03.2017 07:17:28.179 GMT-0000,2370.11,2369.55,0.0003,0.0005
15.03.2017 07:17:35.943 GMT-0000,2369.98,2369.42,0.0003,0.0005
15.03.2017 07:17:38.593 GMT-0000,2370.11,2369.55,0.0003,0.0005
15.03.2017 07:17:48.641 GMT-0000,2370.231,2369.669,0.0003,0.0005
15.03.2017 07:17:48.770 GMT-0000,2370.11,2369.55,0.0003,0.0005
15.03.2017 07:17:52.291 GMT-0000,2370.23,2369.67,0.0003,0.0005
15.03.2017 07:17:52.761 GMT-0000,2370.1110000000003,2369.549,0.0003,0.0005
15.03.2017 07:18:02.583 GMT-0000,2370.23,2369.67,0.0003,0.0005
15.03.2017 07:18:22.357 GMT-0000,2370.11,2369.55,0.0003,0.0005
15.03.2017 07:18:24.423 GMT-0000,2369.981,2369.419,0.0003,0.0005
15.03.2017 07:18:37.330 GMT-0000,2370.1110000000003,2369.549,0.0003,0.0005
15.03.2017 07:18:47.558 GMT-0000,2370.231,2369.669,0.0003,0.0005
15.03.2017 07:18:50.468 GMT-0000,2370.11,2369.55,0.0003,0.0005
15.03.2017 07:19:04.731 GMT-0000,2370.36,2369.8,0.0003,0.0005
15.03.2017 07:19:23.626 GMT-0000,2370.23,2369.67,0.0003,0.0005
15.03.2017 07:19:25.781 GMT-0000,2370.36,2369.8,0.0003,0.0005
15.03.2017 07:19:49.888 GMT-0000,2370.23,2369.67,0.0003,0.0005
15.03.2017 07:19:54.650 GMT-0000,2370.1110000000003,2369.549,0.0003,0.0005
15.03.2017 07:20:58.651 GMT-0000,2369.98,2369.42,0.0003,0.0005
15.03.2017 07:21:19.501 GMT-0000,2370.1110000000003,2369.549,0.0003,0.0005
15.03.2017 07:21:27.121 GMT-0000,2370.231,2369.669,0.0003,0.0005
15.03.2017 07:21:56.448 GMT-0000,2370.36,2369.8,0.0003,0.0005
15.03.2017 07:22:06.441 GMT-0000,2370.231,2369.669,0.0003,0.0005
15.03.2017 07:22:26.108 GMT-0000,2370.11,2369.55,0.0003,0.0005
15.03.2017 07:25:12.248 GMT-0000,2369.981,2369.419,0.0003,0.0005
15.03.2017 07:26:11.478 GMT-0000,2370.11,2369.55,0.0003,0.0005
15.03.2017 07:26:49.005 GMT-0000,2369.98,2369.42,0.0003,0.0005
15.03.2017 07:27:30.916 GMT-0000,2369.86,2369.3,0.0003,0.0005
15.03.2017 07:27:43.174 GMT-0000,2369.98,2369.42,0.0003,0.0005
15.03.2017 07:28:00.772 GMT-0000,2369.86,2369.3,0.0003,0.0005
15.03.2017 07:28:03.532 GMT-0000,2369.981,2369.419,0.0003,0.0005
15.03.2017 07:28:08.894 GMT-0000,2369.86,2369.3,0.0003,0.0005
15.03.2017 07:28:12.586 GMT-0000,2369.98,2369.42,0.0003,0.0005
15.03.2017 07:29:17.090 GMT-0000,2370.11,2369.55,0.0003,0.0005
15.03.2017 07:29:46.373 GMT-0000,2369.98,2369.42,0.0003,0.0005
15.03.2017 07:30:25.029 GMT-0000,2369.86,2369.3,0.0003,0.0005
15.03.2017 07:30:46.645 GMT-0000,2369.98,2369.42,0.0003,0.0005
15.03.2017 07:32:01.687 GMT-0000,2369.9610000000002,2369.189,0.0003,0.0005
15.03.2017 07:32:34.090 GMT-0000,2370.1110000000003,2369.549,0.0003,0.0005
15.03.2017 07:33:02.836 GMT-0000,2369.981,2369.419,0.0003,0.0005
15.03.2017 07:35:31.460 GMT-0000,2369.8610000000003,2369.299,0.0003,0.0005
15.03.2017 07:36:02.088 GMT-0000,2369.981,2369.419,0.0003,0.0005
15.03.2017 07:36:34.187 GMT-0000,2370.11,2369.55,0.0003,0.0005
15.03.2017 07:36:51.358 GMT-0000,2369.98,2369.42,0.0003,0.0005
15.03.2017 07:37:46.215 GMT-0000,2369.86,2369.3,0.0003,0.0005
15.03.2017 07:37:56.848 GMT-0000,2369.98,2369.42,0.0003,0.0005
15.03.2017 07:38:10.273 GMT-0000,2369.8610000000003,2369.299,0.0003,0.0005
15.03.2017 07:38:31.136 GMT-0000,2369.98,2369.42,0.0003,0.0005
15.03.2017 07:39:08.654 GMT-0000,2370.2110000000002,2369.189,0.0003,0.0005
15.03.2017 07:39:16.309 GMT-0000,2370.201,2369.189,0.0003,0.0005
15.03.2017 07:39:16.787 GMT-0000,2369.86,2369.3,0.0003,0.0005
15.03.2017 07:39:41.245 GMT-0000,2370.11,2369.55,0.0003,0.0005
15.03.2017 07:39:56.105 GMT-0000,2370.3610000000003,2369.799,0.0003,0.0005
15.03.2017 07:40:16.187 GMT-0000,2370.61,2370.05,0.0003,0.0005
15.03.2017 07:40:59.744 GMT-0000,2370.32,2369.37,0.0003,0.0005
15.03.2017 07:41:00.196 GMT-0000,2370.36,2369.8,0.0003,0.0005
15.03.2017 07:41:03.458 GMT-0000,2370.481,2369.919,0.0003,0.0005
15.03.2017 07:41:03.604 GMT-0000,2370.3610000000003,2369.799,0.0003,0.0005
15.03.2017 07:41:33.036 GMT-0000,2370.321,2369.379,0.0003,0.0005
15.03.2017 07:41:33.987 GMT-0000,2370.321,2369.339,0.0003,0.0005
15.03.2017 07:41:42.792 GMT-0000,2370.481,2369.919,0.0003,0.0005
15.03.2017 07:42:52.333 GMT-0000,2370.3610000000003,2369.799,0.0003,0.0005
15.03.2017 07:43:03.661 GMT-0000,2370.231,2369.669,0.0003,0.0005
15.03.2017 07:43:03.711 GMT-0000,2370.241,2369.619,0.0003,0.0005
15.03.2017 07:43:53.578 GMT-0000,2370.36,2369.8,0.0003,0.0005
15.03.2017 07:44:34.635 GMT-0000,2370.29,2369.31,0.0003,0.0005
15.03.2017 07:44:34.807 GMT-0000,2370.29,2369.32,0.0003,0.0005
15.03.2017 07:44:37.140 GMT-0000,2370.36,2369.8,0.0003,0.0005
15.03.2017 07:45:04.951 GMT-0000,2370.6110000000003,2370.049,0.0003,0.0005
15.03.2017 07:45:30.530 GMT-0000,2370.311,2369.339,0.0003,0.0005
15.03.2017 07:45:32.513 GMT-0000,2370.31,2369.33,0.0003,0.0005
15.03.2017 07:45:33.959 GMT-0000,2370.6110000000003,2370.049,0.0003,0.0005
15.03.2017 07:46:04.294 GMT-0000,2370.301,2369.359,0.0003,0.0005
15.03.2017 07:46:28.438 GMT-0000,2370.61,2370.05,0.0003,0.0005
15.03.2017 07:47:23.036 GMT-0000,2370.331,2369.379,0.0003,0.0005
15.03.2017 07:47:27.316 GMT-0000,2370.61,2370.05,0.0003,0.0005
15.03.2017 07:48:06.884 GMT-0000,2370.301,2369.329,0.0003,0.0005
15.03.2017 07:48:07.598 GMT-0000,2370.6110000000003,2370.049,0.0003,0.0005
15.03.2017 07:48:09.748 GMT-0000,2370.73,2370.17,0.0003,0.0005
15.03.2017 07:48:09.799 GMT-0000,2370.8610000000003,2370.299,0.0003,0.0005
15.03.2017 07:49:09.649 GMT-0000,2370.729,2370.299,0,0.0005
15.03.2017 07:49:15.178 GMT-0000,2370.725,2370.299,0,0.0005
15.03.2017 07:49:29.378 GMT-0000,2370.722,2370.299,0,0.0005
15.03.2017 07:49:44.134 GMT-0000,2370.57,2370.061,0.0001,0.0008
15.03.2017 07:49:47.139 GMT-0000,2370.722,2370.299,0,0.0005
15.03.2017 07:49:50.504 GMT-0000,2370.722,2370.169,0,0.0005
15.03.2017 07:49:50.675 GMT-0000,2370.6110000000003,2370.061,0.0001,0.0008
15.03.2017 07:49:50.991 GMT-0000,2370.6110000000003,2370.055,0.0001,0.0008
15.03.2017 07:49:51.134 GMT-0000,2370.5820000000003,2370.049,0,0.0005
15.03.2017 07:49:51.223 GMT-0000,2370.5879999999997,2370.049,0,0.0005
15.03.2017 07:50:10.626 GMT-0000,2370.591,2370.049,0,0.0005
15.03.2017 07:50:22.163 GMT-0000,2370.5860000000002,2370.049,0,0.0005
15.03.2017 07:50:24.657 GMT-0000,2370.597,2370.049,0,0.0005
15.03.2017 07:50:25.349 GMT-0000,2370.593,2370.049,0,0.0005
15.03.2017 07:50:27.199 GMT-0000,2370.596,2370.049,0,0.0005
15.03.2017 07:50:31.105 GMT-0000,2370.5860000000002,2370.049,0,0.0005
15.03.2017 07:50:35.430 GMT-0000,2370.577,2370.049,0,0.0005
15.03.2017 07:50:38.788 GMT-0000,2370.3610000000003,2369.906,0.0001,0.0008
15.03.2017 07:50:39.337 GMT-0000,2370.4010000000003,2369.906,0.0001,0.0008
15.03.2017 07:50:39.477 GMT-0000,2370.4010000000003,2369.916,0.0001,0.0008
15.03.2017 07:50:40.671 GMT-0000,2370.589,2370.05,0,0.0005
15.03.2017 07:50:45.583 GMT-0000,2370.5750000000003,2370.05,0,0.0005
15.03.2017 07:50:45.844 GMT-0000,2370.5820000000003,2370.05,0,0.0005
15.03.2017 07:50:59.349 GMT-0000,2370.577,2370.05,0,0.0005
15.03.2017 07:51:06.134 GMT-0000,2370.5660000000003,2370.05,0,0.0005
15.03.2017 07:51:15.356 GMT-0000,2370.58,2370.05,0,0.0005
15.03.2017 07:51:15.871 GMT-0000,2370.585,2370.05,0,0.0005
15.03.2017 07:51:24.589 GMT-0000,2370.569,2370.05,0,0.0005
15.03.2017 07:51:25.004 GMT-0000,2370.565,2370.05,0,0.0005
15.03.2017 07:51:30.262 GMT-0000,2370.579,2370.05,0,0.0005
15.03.2017 07:51:45.410 GMT-0000,2370.581,2370.05,0,0.0005
15.03.2017 07:51:46.291 GMT-0000,2370.5860000000002,2370.05,0,0.0005
15.03.2017 07:51:49.762 GMT-0000,2370.576,2370.05,0,0.0005
15.03.2017 07:51:51.467 GMT-0000,2370.5879999999997,2370.05,0,0.0005
15.03.2017 07:51:52.384 GMT-0000,2370.59,2370.05,0,0.0005
15.03.2017 07:51:54.551 GMT-0000,2370.587,2370.05,0,0.0005
15.03.2017 07:51:55.825 GMT-0000,2370.578,2370.05,0,0.0005
15.03.2017 07:51:56.843 GMT-0000,2370.577,2370.169,0,0.0005
15.03.2017 07:51:56.894 GMT-0000,2370.577,2370.049,0,0.0005
15.03.2017 07:51:56.959 GMT-0000,2370.6110000000003,2370.049,0.0001,0.0005
15.03.2017 07:52:10.903 GMT-0000,2370.688,2370.17,0,0.0005
15.03.2017 07:52:10.954 GMT-0000,2370.724,2370.17,0,0.0005
15.03.2017 07:52:15.574 GMT-0000,2370.721,2370.17,0,0.0005
15.03.2017 07:52:20.675 GMT-0000,2370.73,2370.17,0.0001,0.0005
15.03.2017 07:52:44.868 GMT-0000,2370.7270000000003,2370.17,0,0.0005
15.03.2017 07:52:45.429 GMT-0000,2370.658,2370.17,0,0.0005
15.03.2017 07:52:45.910 GMT-0000,2370.714,2370.17,0,0.0005
15.03.2017 07:52:52.094 GMT-0000,2370.684,2370.17,0,0.0005
15.03.2017 07:52:52.431 GMT-0000,2370.6620000000003,2370.3,0,0.0005
15.03.2017 07:52:52.658 GMT-0000,2370.739,2370.3,0,0.0005
15.03.2017 07:52:55.336 GMT-0000,2370.732,2370.3,0,0.0005
15.03.2017 07:52:58.925 GMT-0000,2370.703,2370.3,0,0.0005
15.03.2017 07:53:04.590 GMT-0000,2370.659,2370.3,0,0.0005
15.03.2017 07:53:05.159 GMT-0000,2370.6470000000004,2370.3,0,0.0005
15.03.2017 07:53:09.950 GMT-0000,2370.665,2370.3,0,0.0005
15.03.2017 07:53:15.857 GMT-0000,2370.657,2370.3,0,0.0005
15.03.2017 07:53:15.986 GMT-0000,2370.696,2370.3,0,0.0005
15.03.2017 07:53:26.946 GMT-0000,2370.67,2370.3,0,0.0005
15.03.2017 07:53:29.972 GMT-0000,2370.669,2370.3,0,0.0005
15.03.2017 07:53:42.322 GMT-0000,2370.61,2370.05,0.0001,0.0005
15.03.2017 07:54:04.884 GMT-0000,2370.654,2370.169,0,0.0005
15.03.2017 07:54:05.290 GMT-0000,2370.679,2370.169,0,0.0005
15.03.2017 07:54:15.483 GMT-0000,2370.6820000000002,2370.169,0,0.0005
15.03.2017 07:54:39.950 GMT-0000,2370.688,2370.169,0,0.0005
15.03.2017 07:54:40.501 GMT-0000,2370.6870000000004,2370.169,0,0.0005
15.03.2017 07:54:56.307 GMT-0000,2370.69,2370.169,0,0.0005
15.03.2017 07:55:00.216 GMT-0000,2370.7070000000003,2370.169,0,0.0005
15.03.2017 07:55:04.871 GMT-0000,2370.717,2370.169,0,0.0005
15.03.2017 07:55:05.387 GMT-0000,2370.725,2370.169,0,0.0005
15.03.2017 07:55:39.382 GMT-0000,2370.6420000000003,2370.169,0,0.0005
15.03.2017 07:55:50.035 GMT-0000,2370.7129999999997,2370.169,0,0.0005
15.03.2017 07:55:55.847 GMT-0000,2370.65,2370.169,0,0.0005
15.03.2017 07:55:56.163 GMT-0000,2370.645,2370.169,0,0.0005
15.03.2017 07:55:56.685 GMT-0000,2370.56,2370.169,0,0.0005
15.03.2017 07:56:00.062 GMT-0000,2370.538,2370.169,0,0.0005
15.03.2017 07:56:05.309 GMT-0000,2370.5570000000002,2370.169,0,0.0005
15.03.2017 07:56:09.884 GMT-0000,2370.564,2370.169,0,0.0005
15.03.2017 07:56:11.647 GMT-0000,2370.55,2370.169,0,0.0005
15.03.2017 07:56:14.640 GMT-0000,2370.564,2370.169,0,0.0005
15.03.2017 07:56:16.536 GMT-0000,2370.4010000000003,2369.8810000000003,0.0001,0.0008
15.03.2017 07:56:16.814 GMT-0000,2370.4010000000003,2369.9010000000003,0.0001,0.0008
15.03.2017 07:56:20.394 GMT-0000,2370.4010000000003,2369.8970000000004,0.0001,0.0008
15.03.2017 07:56:32.035 GMT-0000,2370.4,2369.8970000000004,0.0001,0.0008
15.03.2017 07:56:34.584 GMT-0000,2370.4,2369.908,0.0001,0.0008
15.03.2017 07:56:41.087 GMT-0000,2370.4,2369.891,0.0001,0.0008
15.03.2017 07:56:47.307 GMT-0000,2370.574,2370.049,0,0.0005
15.03.2017 07:57:01.676 GMT-0000,2370.5679999999998,2370.049,0,0.0005
15.03.2017 07:57:17.035 GMT-0000,2370.559,2370.049,0,0.0005
15.03.2017 07:57:19.066 GMT-0000,2370.558,2370.049,0,0.0005
15.03.2017 07:57:20.286 GMT-0000,2370.573,2370.049,0,0.0005
15.03.2017 07:57:25.134 GMT-0000,2370.6110000000003,2370.049,0.0001,0.0005
15.03.2017 07:57:39.899 GMT-0000,2370.696,2370.169,0,0.0005
15.03.2017 07:57:40.070 GMT-0000,2370.703,2370.169,0,0.0005
15.03.2017 07:57:41.131 GMT-0000,2370.717,2370.169,0,0.0005
15.03.2017 07:57:41.430 GMT-0000,2370.728,2370.169,0,0.0005
15.03.2017 07:57:42.124 GMT-0000,2370.7200000000003,2370.169,0,0.0005
15.03.2017 07:57:43.873 GMT-0000,2370.714,2370.169,0,0.0005
15.03.2017 07:58:06.661 GMT-0000,2370.649,2370.169,0,0.0005
15.03.2017 07:58:06.920 GMT-0000,2370.703,2370.169,0,0.0005
15.03.2017 07:58:11.663 GMT-0000,2370.709,2370.169,0,0.0005
15.03.2017 07:58:12.037 GMT-0000,2370.724,2370.169,0,0.0005
15.03.2017 07:58:14.588 GMT-0000,2370.73,2370.169,0,0.0005
15.03.2017 07:58:21.889 GMT-0000,2370.731,2370.169,0.0001,0.0005
15.03.2017 07:58:27.272 GMT-0000,2370.7270000000003,2370.169,0,0.0005
15.03.2017 07:58:30.025 GMT-0000,2370.731,2370.169,0.0001,0.0005
15.03.2017 07:58:40.855 GMT-0000,2370.814,2370.3,0,0.0005
15.03.2017 07:58:41.289 GMT-0000,2370.81,2370.3,0,0.0005
15.03.2017 07:58:44.815 GMT-0000,2370.798,2370.3,0,0.0005
15.03.2017 07:58:55.409 GMT-0000,2370.788,2370.3,0,0.0005
15.03.2017 07:58:55.809 GMT-0000,2370.793,2370.3,0,0.0005
15.03.2017 07:59:01.624 GMT-0000,2370.7960000000003,2370.3,0,0.0005
15.03.2017 07:59:05.719 GMT-0000,2370.789,2370.3,0,0.0005
15.03.2017 07:59:07.329 GMT-0000,2370.803,2370.3,0,0.0005
15.03.2017 07:59:22.281 GMT-0000,2370.794,2370.3,0,0.0005
15.03.2017 07:59:25.340 GMT-0000,2370.799,2370.3,0,0.0005
15.03.2017 07:59:30.201 GMT-0000,2370.81,2370.3,0,0.0005
15.03.2017 07:59:30.496 GMT-0000,2370.802,2370.3,0,0.0005
15.03.2017 07:59:35.194 GMT-0000,2370.8,2370.3,0,0.0005
15.03.2017 07:59:39.761 GMT-0000,2370.794,2370.3,0,0.0005
15.03.2017 07:59:40.403 GMT-0000,2370.803,2370.3,0,0.0005
15.03.2017 07:59:46.300 GMT-0000,2370.8,2370.3,0,0.0005
15.03.2017 07:59:49.579 GMT-0000,2370.741,2370.3,0,0.0005
15.03.2017 07:59:49.679 GMT-0000,2370.73,2370.17,0.0001,0.0005
15.03.2017 07:59:50.205 GMT-0000,2370.7360000000003,2370.3,0,0.0005
15.03.2017 07:59:50.321 GMT-0000,2370.783,2370.3,0,0.0005
15.03.2017 07:59:50.594 GMT-0000,2370.793,2370.3,0,0.0005
15.03.2017 07:59:54.597 GMT-0000,2370.782,2370.3,0,0.0005
15.03.2017 07:59:55.202 GMT-0000,2370.745,2370.3,0,0.0005
15.03.2017 07:59:55.315 GMT-0000,2370.731,2370.169,0.0001,0.0005
15.03.2017 07:59:55.497 GMT-0000,2370.726,2370.169,0,0.0005
15.03.2017 07:59:56.927 GMT-0000,2370.731,2370.169,0.0001,0.0005
15.03.2017 07:59:57.201 GMT-0000,2370.712,2370.169,0,0.0005
15.03.2017 07:59:57.846 GMT-0000,2370.61,2370.051,0.0001,0.0008
15.03.2017 07:59:58.995 GMT-0000,2370.61,2370.05,0.0001,0.0005
15.03.2017 08:00:00.298 GMT-0000,2370.6620000000003,2370.17,0,0.0005
15.03.2017 08:00:00.438 GMT-0000,2370.699,2370.17,0,0.0005
15.03.2017 08:00:00.630 GMT-0000,2370.6510000000003,2370.0260000000003,0.0001,0.0008
15.03.2017 08:00:00.743 GMT-0000,2370.699,2370.119,0,0.0005
15.03.2017 08:00:00.859 GMT-0000,2370.721,2370.119,0.0001,0.0005
15.03.2017 08:00:01.188 GMT-0000,2370.73,2370.17,0.0001,0.0005
15.03.2017 08:00:02.287 GMT-0000,2370.828,2370.3,0,0.0005
15.03.2017 08:00:02.398 GMT-0000,2370.86,2370.3,0.0001,0.0005
15.03.2017 08:00:03.164 GMT-0000,2370.869,2370.549,0,0.0005
15.03.2017 08:00:04.595 GMT-0000,2370.86,2370.8,0,0.0005
15.03.2017 08:00:05.301 GMT-0000,2371.304,2370.8,0,0.0005
15.03.2017 08:00:05.713 GMT-0000,2371.31,2370.8,0,0.0005
15.03.2017 08:00:06.048 GMT-0000,2371.23,2370.67,0.0001,0.0005
15.03.2017 08:00:06.425 GMT-0000,2371.192,2370.67,0,0.0005
15.03.2017 08:00:06.543 GMT-0000,2371.1110000000003,2370.549,0.0001,0.0005
15.03.2017 08:00:06.951 GMT-0000,2371.091,2370.549,0,0.0005
15.03.2017 08:00:07.173 GMT-0000,2371.105,2370.549,0,0.0005
15.03.2017 08:00:08.999 GMT-0000,2371.107,2370.549,0,0.0005
15.03.2017 08:00:09.663 GMT-0000,2370.981,2370.436,0.0001,0.0008
15.03.2017 08:00:10.370 GMT-0000,2370.981,2370.419,0.0001,0.0005
15.03.2017 08:00:11.066 GMT-0000,2370.981,2370.425,0.0001,0.0008
15.03.2017 08:00:11.315 GMT-0000,2370.981,2370.4210000000003,0.0001,0.0008
15.03.2017 08:00:14.859 GMT-0000,2371.104,2370.55,0,0.0005
15.03.2017 08:00:15.675 GMT-0000,2371.11,2370.55,0.0001,0.0005
15.03.2017 08:00:15.972 GMT-0000,2370.98,2370.439,0.0001,0.0008
15.03.2017 08:00:16.023 GMT-0000,2370.98,2370.42,0.0001,0.0005
15.03.2017 08:00:16.178 GMT-0000,2370.981,2370.4,0.0001,0.0008
15.03.2017 08:00:16.229 GMT-0000,2370.9900000000002,2370.4,0.0001,0.0008
15.03.2017 08:00:16.282 GMT-0000,2370.9900000000002,2370.37,0.0001,0.0005
15.03.2017 08:00:17.052 GMT-0000,2370.9900000000002,2370.38,0.0001,0.0008
15.03.2017 08:00:19.017 GMT-0000,2370.9900000000002,2370.422,0.0001,0.0008
15.03.2017 08:00:20.207 GMT-0000,2371.1110000000003,2370.549,0.0001,0.0005
15.03.2017 08:00:24.649 GMT-0000,2371.0950000000003,2370.549,0,0.0005
15.03.2017 08:00:25.670 GMT-0000,2371.07,2370.549,0,0.0005
15.03.2017 08:00:25.931 GMT-0000,2371.105,2370.549,0,0.0005
15.03.2017 08:00:29.156 GMT-0000,2371.07,2370.549,0,0.0005
15.03.2017 08:00:30.313 GMT-0000,2371.098,2370.549,0,0.0005
15.03.2017 08:00:30.671 GMT-0000,2371.061,2370.549,0,0.0005
15.03.2017 08:00:30.797 GMT-0000,2370.98,2370.42,0.0001,0.0005
15.03.2017 08:00:30.847 GMT-0000,2370.8610000000003,2370.378,0.0001,0.0008
15.03.2017 08:00:30.954 GMT-0000,2370.8610000000003,2370.299,0.0001,0.0005
15.03.2017 08:00:31.508 GMT-0000,2370.848,2370.299,0,0.0005
15.03.2017 08:00:31.745 GMT-0000,2370.8610000000003,2370.299,0.0001,0.0005
15.03.2017 08:00:36.003 GMT-0000,2370.86,2370.299,0,0.0005
15.03.2017 08:00:36.547 GMT-0000,2370.8610000000003,2370.299,0.0001,0.0005
15.03.2017 08:00:55.137 GMT-0000,2370.826,2370.299,0,0.0005
15.03.2017 08:00:56.067 GMT-0000,2370.8379999999997,2370.299,0,0.0005
15.03.2017 08:00:56.304 GMT-0000,2370.847,2370.299,0,0.0005
15.03.2017 08:00:57.215 GMT-0000,2370.851,2370.299,0,0.0005
15.03.2017 08:00:58.912 GMT-0000,2370.835,2370.299,0,0.0005
15.03.2017 08:00:59.929 GMT-0000,2370.8379999999997,2370.299,0,0.0005
15.03.2017 08:01:01.668 GMT-0000,2370.84,2370.299,0,0.0005
15.03.2017 08:01:02.277 GMT-0000,2370.839,2370.299,0,0.0005
15.03.2017 08:01:02.765 GMT-0000,2370.833,2370.299,0,0.0005
15.03.2017 08:01:05.467 GMT-0000,2370.85,2370.549,0,0.0005
15.03.2017 08:01:05.916 GMT-0000,2371.099,2370.549,0,0.0005
15.03.2017 08:01:06.038 GMT-0000,2371.1110000000003,2370.549,0.0001,0.0005
15.03.2017 08:01:19.387 GMT-0000,2371.109,2370.549,0,0.0005
15.03.2017 08:01:20.207 GMT-0000,2371.0950000000003,2370.549,0,0.0005
15.03.2017 08:01:20.510 GMT-0000,2371.1079999999997,2370.549,0,0.0005
15.03.2017 08:01:21.859 GMT-0000,2371.105,2370.549,0,0.0005
15.03.2017 08:01:21.921 GMT-0000,2371.109,2370.549,0,0.0005
15.03.2017 08:01:22.337 GMT-0000,2371.104,2370.549,0,0.0005
15.03.2017 08:01:22.594 GMT-0000,2371.1110000000003,2370.549,0.0001,0.0005
15.03.2017 08:01:25.404 GMT-0000,2371.107,2370.549,0,0.0005
15.03.2017 08:01:25.840 GMT-0000,2370.98,2370.424,0.0001,0.0008
15.03.2017 08:01:26.263 GMT-0000,2370.86,2370.3,0.0001,0.0005
15.03.2017 08:01:27.247 GMT-0000,2370.851,2370.3,0,0.0005
15.03.2017 08:01:29.651 GMT-0000,2370.846,2370.3,0,0.0005
15.03.2017 08:01:30.725 GMT-0000,2370.86,2370.3,0.0001,0.0005
15.03.2017 08:01:35.423 GMT-0000,2370.8450000000003,2370.3,0,0.0005
15.03.2017 08:01:36.056 GMT-0000,2370.86,2370.3,0.0001,0.0005
15.03.2017 08:01:38.874 GMT-0000,2370.866,2370.55,0,0.0005
15.03.2017 08:01:38.924 GMT-0000,2370.8720000000003,2370.55,0,0.0005
15.03.2017 08:01:39.467 GMT-0000,2371.08,2370.55,0,0.0005
15.03.2017 08:01:39.560 GMT-0000,2370.98,2370.42,0.0001,0.0005
15.03.2017 08:01:39.794 GMT-0000,2371.08,2370.55,0,0.0005
15.03.2017 08:01:40.095 GMT-0000,2371.059,2370.55,0,0.0005
15.03.2017 08:01:40.380 GMT-0000,2371.0660000000003,2370.55,0,0.0005
15.03.2017 08:01:41.245 GMT-0000,2371.064,2370.55,0,0.0005
15.03.2017 08:01:41.532 GMT-0000,2371.0679999999998,2370.55,0,0.0005
15.03.2017 08:01:43.787 GMT-0000,2370.981,2370.419,0.0001,0.0005
15.03.2017 08:01:44.635 GMT-0000,2370.924,2370.419,0,0.0005
15.03.2017 08:01:46.150 GMT-0000,2370.888,2370.419,0,0.0005
15.03.2017 08:01:46.424 GMT-0000,2370.891,2370.419,0,0.0005
15.03.2017 08:01:46.833 GMT-0000,2370.891,2370.369,0,0.0005
15.03.2017 08:01:47.041 GMT-0000,2370.991,2370.402,0.0001,0.0008
15.03.2017 08:01:48.881 GMT-0000,2370.991,2370.396,0.0001,0.0008
15.03.2017 08:01:49.855 GMT-0000,2370.991,2370.411,0.0001,0.0008
15.03.2017 08:01:50.163 GMT-0000,2370.991,2370.404,0.0001,0.0008
15.03.2017 08:01:50.466 GMT-0000,2370.991,2370.413,0.0001,0.0008
15.03.2017 08:01:50.981 GMT-0000,2370.981,2370.419,0.0001,0.0005
15.03.2017 08:01:51.288 GMT-0000,2370.927,2370.55,0,0.0005
15.03.2017 08:01:51.553 GMT-0000,2371.0260000000003,2370.55,0,0.0005
15.03.2017 08:01:52.085 GMT-0000,2371.011,2370.55,0,0.0005
15.03.2017 08:01:52.135 GMT-0000,2370.86,2370.3379999999997,0.0001,0.0008
15.03.2017 08:01:52.322 GMT-0000,2370.86,2370.3,0.0001,0.0005
15.03.2017 08:01:55.428 GMT-0000,2370.849,2370.3,0,0.0005
15.03.2017 08:01:56.070 GMT-0000,2370.857,2370.3,0,0.0005
15.03.2017 08:01:56.447 GMT-0000,2370.86,2370.3,0.0001,0.0005
15.03.2017 08:01:57.238 GMT-0000,2370.849,2370.3,0,0.0005
15.03.2017 08:02:00.089 GMT-0000,2370.834,2370.3,0,0.0005
15.03.2017 08:02:00.212 GMT-0000,2370.73,2370.173,0.0001,0.0008
15.03.2017 08:02:00.392 GMT-0000,2370.73,2370.17,0.0001,0.0005
15.03.2017 08:02:10.402 GMT-0000,2370.73,2370.183,0.0001,0.0008
15.03.2017 08:02:11.419 GMT-0000,2370.73,2370.17,0.0001,0.0005
15.03.2017 08:02:12.708 GMT-0000,2370.834,2370.3,0,0.0005
15.03.2017 08:02:15.494 GMT-0000,2370.853,2370.3,0,0.0005
15.03.2017 08:02:20.101 GMT-0000,2370.714,2370.3,0,0.0005
15.03.2017 08:02:21.540 GMT-0000,2370.714,2370.17,0,0.0005
15.03.2017 08:02:21.838 GMT-0000,2370.698,2370.17,0,0.0005
15.03.2017 08:02:24.678 GMT-0000,2370.698,2370.0370000000003,0,0.0008
15.03.2017 08:02:24.728 GMT-0000,2370.698,2370.169,0,0.0005
15.03.2017 08:02:25.494 GMT-0000,2370.731,2370.169,0.0001,0.0005
15.03.2017 08:02:27.225 GMT-0000,2370.731,2370.17,0.0001,0.0008
15.03.2017 08:02:29.515 GMT-0000,2370.61,2370.17,0.0001,0.0008
15.03.2017 08:02:29.793 GMT-0000,2370.61,2370.05,0.0001,0.0005
15.03.2017 08:02:35.514 GMT-0000,2370.521,2370.05,0,0.0005
15.03.2017 08:02:36.329 GMT-0000,2370.519,2370.05,0,0.0005
15.03.2017 08:02:36.585 GMT-0000,2370.536,2370.05,0,0.0005
15.03.2017 08:02:36.636 GMT-0000,2370.3610000000003,2369.8650000000002,0.0001,0.0008
15.03.2017 08:02:36.862 GMT-0000,2370.3610000000003,2369.799,0.0001,0.0005
15.03.2017 08:02:37.482 GMT-0000,2370.44,2369.92,0,0.0005
15.03.2017 08:02:39.812 GMT-0000,2370.48,2369.92,0.0001,0.0005
15.03.2017 08:02:40.099 GMT-0000,2370.4429999999998,2369.92,0,0.0005
15.03.2017 08:02:41.148 GMT-0000,2370.4500000000003,2369.92,0,0.0005
15.03.2017 08:02:44.592 GMT-0000,2370.48,2369.92,0.0001,0.0005
15.03.2017 08:02:47.053 GMT-0000,2370.471,2369.92,0,0.0005
15.03.2017 08:02:54.621 GMT-0000,2370.474,2369.92,0,0.0005
15.03.2017 08:02:59.682 GMT-0000,2370.48,2369.92,0.0001,0.0005
15.03.2017 08:03:00.893 GMT-0000,2370.474,2369.92,0,0.0005
15.03.2017 08:03:05.538 GMT-0000,2370.48,2369.92,0.0001,0.0005
15.03.2017 08:03:06.429 GMT-0000,2370.4770000000003,2369.92,0,0.0005
15.03.2017 08:03:10.656 GMT-0000,2370.475,2369.92,0,0.0005
15.03.2017 08:03:15.696 GMT-0000,2370.48,2369.92,0.0001,0.0005
15.03.2017 08:03:15.747 GMT-0000,2370.36,2369.8,0.0001,0.0005
15.03.2017 08:03:24.489 GMT-0000,2370.423,2369.919,0,0.0005
15.03.2017 08:03:24.654 GMT-0000,2370.451,2369.919,0,0.0005
15.03.2017 08:03:24.910 GMT-0000,2370.414,2369.919,0,0.0005
15.03.2017 08:03:29.598 GMT-0000,2370.446,2369.919,0,0.0005
15.03.2017 08:03:31.182 GMT-0000,2370.4610000000002,2369.919,0,0.0005
15.03.2017 08:03:32.295 GMT-0000,2370.414,2369.919,0,0.0005
15.03.2017 08:03:35.200 GMT-0000,2370.41,2369.919,0,0.0005
15.03.2017 08:03:41.383 GMT-0000,2370.418,2369.919,0,0.0005
15.03.2017 08:03:42.231 GMT-0000,2370.395,2369.919,0,0.0005
15.03.2017 08:03:50.912 GMT-0000,2370.4,2369.919,0,0.0005
15.03.2017 08:03:51.958 GMT-0000,2370.42,2369.919,0,0.0005
15.03.2017 08:03:54.663 GMT-0000,2370.411,2369.919,0,0.0005
15.03.2017 08:03:56.660 GMT-0000,2370.3970000000004,2369.919,0,0.0005
15.03.2017 08:03:59.814 GMT-0000,2370.409,2369.919,0,0.0005
15.03.2017 08:04:01.697 GMT-0000,2370.351,2369.726,0.0001,0.0008
15.03.2017 08:04:01.838 GMT-0000,2370.351,2369.824,0.0001,0.0008
15.03.2017 08:04:01.906 GMT-0000,2370.3610000000003,2369.824,0.0001,0.0008
15.03.2017 08:04:02.088 GMT-0000,2370.3610000000003,2369.799,0.0001,0.0005
15.03.2017 08:04:07.605 GMT-0000,2370.231,2369.745,0.0001,0.0008
15.03.2017 08:04:09.500 GMT-0000,2370.216,2369.669,0,0.0005
15.03.2017 08:04:10.554 GMT-0000,2370.223,2369.669,0,0.0005
15.03.2017 08:04:12.258 GMT-0000,2370.2200000000003,2369.669,0,0.0005
15.03.2017 08:04:14.643 GMT-0000,2370.2129999999997,2369.669,0,0.0005
15.03.2017 08:04:16.277 GMT-0000,2370.2070000000003,2369.669,0,0.0005
15.03.2017 08:04:16.327 GMT-0000,2370.11,2369.55,0.0001,0.0005
15.03.2017 08:04:18.573 GMT-0000,2370.203,2369.67,0,0.0005
15.03.2017 08:04:20.231 GMT-0000,2370.143,2369.67,0,0.0005
15.03.2017 08:04:21.367 GMT-0000,2370.176,2369.67,0,0.0005
15.03.2017 08:04:21.697 GMT-0000,2370.165,2369.67,0,0.0005
15.03.2017 08:04:25.411 GMT-0000,2370.203,2369.67,0,0.0005
15.03.2017 08:04:29.918 GMT-0000,2370.209,2369.67,0,0.0005
15.03.2017 08:04:30.272 GMT-0000,2370.214,2369.67,0,0.0005
15.03.2017 08:04:30.537 GMT-0000,2370.198,2369.67,0,0.0005
15.03.2017 08:04:31.641 GMT-0000,2370.1910000000003,2369.67,0,0.0005
15.03.2017 08:04:34.588 GMT-0000,2370.044,2369.67,0,0.0005
15.03.2017 08:04:35.153 GMT-0000,2370.033,2369.67,0,0.0005
15.03.2017 08:04:36.042 GMT-0000,2370.038,2369.67,0,0.0005
15.03.2017 08:04:36.345 GMT-0000,2370.036,2369.67,0,0.0005
15.03.2017 08:04:36.973 GMT-0000,2370.035,2369.67,0,0.0005
15.03.2017 08:04:44.552 GMT-0000,2370.043,2369.67,0,0.0005
15.03.2017 08:04:45.045 GMT-0000,2370.203,2369.67,0,0.0005
15.03.2017 08:04:46.357 GMT-0000,2370.197,2369.67,0,0.0005
15.03.2017 08:04:47.034 GMT-0000,2370.203,2369.67,0,0.0005
15.03.2017 08:04:48.978 GMT-0000,2370.19,2369.67,0,0.0005
15.03.2017 08:04:50.240 GMT-0000,2370.051,2369.67,0,0.0005
15.03.2017 08:04:50.516 GMT-0000,2370.2129999999997,2369.67,0,0.0005
15.03.2017 08:04:54.696 GMT-0000,2370.208,2369.67,0,0.0005
15.03.2017 08:04:55.109 GMT-0000,2370.041,2369.67,0,0.0005
15.03.2017 08:04:59.846 GMT-0000,2370.024,2369.67,0,0.0005
15.03.2017 08:05:00.656 GMT-0000,2370.019,2369.67,0,0.0005
15.03.2017 08:05:00.956 GMT-0000,2370.041,2369.67,0,0.0005
15.03.2017 08:05:05.682 GMT-0000,2369.731,2369.37,0.0001,0.0008
15.03.2017 08:05:05.743 GMT-0000,2369.731,2369.3579999999997,0.0001,0.0008
15.03.2017 08:05:05.991 GMT-0000,2369.86,2369.3579999999997,0.0001,0.0008
15.03.2017 08:05:06.091 GMT-0000,2369.7129999999997,2369.12,0,0.0005
15.03.2017 08:05:06.372 GMT-0000,2369.7200000000003,2369.12,0.0001,0.0005
15.03.2017 08:05:06.984 GMT-0000,2369.761,2369.299,0,0.0005
15.03.2017 08:05:07.158 GMT-0000,2369.8610000000003,2369.299,0.0001,0.0005
15.03.2017 08:05:15.077 GMT-0000,2369.924,2369.42,0,0.0005
15.03.2017 08:05:15.218 GMT-0000,2369.821,2369.254,0.0001,0.0008
15.03.2017 08:05:15.268 GMT-0000,2369.924,2369.37,0,0.0005
15.03.2017 08:05:15.442 GMT-0000,2369.9700000000003,2369.37,0.0001,0.0005
15.03.2017 08:05:20.228 GMT-0000,2369.9700000000003,2369.388,0.0001,0.0008
15.03.2017 08:05:20.586 GMT-0000,2369.9700000000003,2369.456,0.0001,0.0008
15.03.2017 08:05:21.022 GMT-0000,2369.9700000000003,2369.492,0.0001,0.0008
15.03.2017 08:05:21.786 GMT-0000,2369.9700000000003,2369.44,0.0001,0.0008
15.03.2017 08:05:22.157 GMT-0000,2369.9700000000003,2369.4860000000003,0.0001,0.0008
15.03.2017 08:05:22.542 GMT-0000,2369.9700000000003,2369.475,0.0001,0.0008
15.03.2017 08:05:24.741 GMT-0000,2369.9700000000003,2369.482,0.0001,0.0008
15.03.2017 08:05:25.421 GMT-0000,2369.9700000000003,2369.4829999999997,0.0001,0.0008
15.03.2017 08:05:26.575 GMT-0000,2369.9700000000003,2369.492,0.0001,0.0008
15.03.2017 08:05:26.887 GMT-0000,2369.9700000000003,2369.501,0.0001,0.0008
15.03.2017 08:05:27.170 GMT-0000,2369.9700000000003,2369.491,0.0001,0.0008
15.03.2017 08:05:30.205 GMT-0000,2369.9700000000003,2369.4829999999997,0.0001,0.0008
15.03.2017 08:05:32.520 GMT-0000,2369.9700000000003,2369.502,0.0001,0.0008
15.03.2017 08:05:35.344 GMT-0000,2369.9700000000003,2369.549,0.0001,0.0008
15.03.2017 08:05:36.474 GMT-0000,2370.2200000000003,2369.669,0,0.0005
15.03.2017 08:05:36.771 GMT-0000,2370.14,2369.669,0,0.0005
15.03.2017 08:05:40.321 GMT-0000,2370.158,2369.669,0,0.0005
15.03.2017 08:05:41.986 GMT-0000,2370.158,2369.619,0,0.0005
15.03.2017 08:05:42.118 GMT-0000,2370.1910000000003,2369.619,0.0001,0.0005
15.03.2017 08:05:59.735 GMT-0000,2370.204,2369.67,0,0.0005
15.03.2017 08:06:00.121 GMT-0000,2370.184,2369.67,0,0.0005
15.03.2017 08:06:01.281 GMT-0000,2370.11,2369.55,0.0001,0.0005
15.03.2017 08:06:18.085 GMT-0000,2370.198,2369.67,0,0.0005
15.03.2017 08:06:20.362 GMT-0000,2370.23,2369.67,0.0001,0.0005
15.03.2017 08:06:20.601 GMT-0000,2370.23,2369.674,0.0001,0.0008
15.03.2017 08:06:20.894 GMT-0000,2370.23,2369.67,0.0001,0.0005
15.03.2017 08:06:21.209 GMT-0000,2370.23,2369.672,0.0001,0.0008
15.03.2017 08:06:21.722 GMT-0000,2370.23,2369.67,0.0001,0.0005
15.03.2017 08:06:24.657 GMT-0000,2370.192,2369.67,0,0.0005
15.03.2017 08:06:25.338 GMT-0000,2370.205,2369.67,0,0.0005
15.03.2017 08:06:25.629 GMT-0000,2370.23,2369.67,0.0001,0.0005
15.03.2017 08:06:26.026 GMT-0000,2370.165,2369.67,0,0.0005
15.03.2017 08:06:26.757 GMT-0000,2370.2129999999997,2369.67,0,0.0005
15.03.2017 08:06:30.607 GMT-0000,2370.18,2369.67,0,0.0005
15.03.2017 08:06:31.664 GMT-0000,2370.1929999999998,2369.67,0,0.0005
15.03.2017 08:06:35.415 GMT-0000,2370.188,2369.67,0,0.0005
15.03.2017 08:06:40.281 GMT-0000,2370.163,2369.67,0,0.0005
15.03.2017 08:06:40.347 GMT-0000,2370.217,2369.67,0,0.0005
15.03.2017 08:06:45.512 GMT-0000,2370.1620000000003,2369.67,0,0.0005
15.03.2017 08:06:46.116 GMT-0000,2370.176,2369.67,0,0.0005
15.03.2017 08:06:46.241 GMT-0000,2370.11,2369.55,0.0001,0.0005
15.03.2017 08:06:49.234 GMT-0000,2370.173,2369.67,0,0.0005
15.03.2017 08:06:50.272 GMT-0000,2370.1620000000003,2369.67,0,0.0005
15.03.2017 08:06:51.008 GMT-0000,2370.194,2369.67,0,0.0005
15.03.2017 08:06:52.303 GMT-0000,2370.208,2369.67,0,0.0005
15.03.2017 08:06:52.474 GMT-0000,2370.1620000000003,2369.67,0,0.0005
15.03.2017 08:06:54.171 GMT-0000,2370.1110000000003,2369.549,0.0001,0.0005
15.03.2017 08:07:00.759 GMT-0000,2370.093,2369.549,0,0.0005
15.03.2017 08:07:01.062 GMT-0000,2370.1110000000003,2369.549,0.0001,0.0005
15.03.2017 08:07:11.585 GMT-0000,2370.1910000000003,2369.67,0,0.0005
15.03.2017 08:07:12.001 GMT-0000,2370.3610000000003,2369.799,0.0001,0.0005
15.03.2017 08:07:15.913 GMT-0000,2370.23,2369.75,0.0001,0.0008
15.03.2017 08:07:15.963 GMT-0000,2370.3610000000003,2369.799,0.0001,0.0005
15.03.2017 08:07:16.347 GMT-0000,2370.329,2369.799,0,0.0005
15.03.2017 08:07:16.864 GMT-0000,2370.2720000000004,2369.799,0,0.0005
15.03.2017 08:07:17.117 GMT-0000,2370.285,2369.799,0,0.0005
15.03.2017 08:07:19.116 GMT-0000,2370.351,2369.799,0,0.0005
15.03.2017 08:07:20.228 GMT-0000,2370.3610000000003,2369.799,0.0001,0.0005
15.03.2017 08:07:21.953 GMT-0000,2370.2470000000003,2369.799,0,0.0005
15.03.2017 08:07:22.499 GMT-0000,2370.319,2369.799,0,0.0005
15.03.2017 08:07:24.781 GMT-0000,2370.3610000000003,2369.799,0.0001,0.0005
15.03.2017 08:07:27.277 GMT-0000,2370.3520000000003,2369.799,0,0.0005
15.03.2017 08:07:29.295 GMT-0000,2370.3610000000003,2369.799,0.0001,0.0005
15.03.2017 08:07:29.740 GMT-0000,2370.357,2369.799,0,0.0005
15.03.2017 08:07:30.055 GMT-0000,2370.23,2369.681,0.0001,0.0008
15.03.2017 08:07:30.241 GMT-0000,2370.23,2369.67,0.0001,0.0005
15.03.2017 08:07:34.657 GMT-0000,2370.23,2369.692,0.0001,0.0008
15.03.2017 08:07:35.161 GMT-0000,2370.23,2369.68,0.0001,0.0008
15.03.2017 08:07:36.516 GMT-0000,2370.23,2369.6929999999998,0.0001,0.0008
15.03.2017 08:07:47.484 GMT-0000,2370.36,2369.8,0.0001,0.0005
15.03.2017 08:07:50.086 GMT-0000,2370.34,2369.8,0,0.0005
15.03.2017 08:07:52.227 GMT-0000,2370.344,2369.8,0,0.0005
15.03.2017 08:07:55.284 GMT-0000,2370.342,2369.8,0,0.0005
15.03.2017 08:07:55.723 GMT-0000,2370.339,2369.8,0,0.0005
15.03.2017 08:08:00.048 GMT-0000,2370.334,2369.8,0,0.0005
15.03.2017 08:08:00.896 GMT-0000,2370.346,2369.8,0,0.0005
15.03.2017 08:08:01.076 GMT-0000,2370.36,2369.8,0.0001,0.0005
15.03.2017 08:08:01.606 GMT-0000,2370.349,2369.8,0,0.0005
15.03.2017 08:08:05.288 GMT-0000,2370.335,2369.8,0,0.0005
15.03.2017 08:08:11.094 GMT-0000,2370.337,2369.8,0,0.0005
15.03.2017 08:08:12.216 GMT-0000,2370.351,2369.8,0,0.0005
15.03.2017 08:08:15.286 GMT-0000,2370.342,2369.8,0,0.0005
15.03.2017 08:08:16.348 GMT-0000,2370.36,2369.8,0.0001,0.0005
15.03.2017 08:08:16.398 GMT-0000,2370.3520000000003,2369.8,0,0.0005
15.03.2017 08:08:21.261 GMT-0000,2370.341,2369.8,0,0.0005
15.03.2017 08:08:21.807 GMT-0000,2370.36,2369.8,0.0001,0.0005
15.03.2017 08:08:21.954 GMT-0000,2370.353,2369.8,0,0.0005
15.03.2017 08:08:22.459 GMT-0000,2370.357,2369.8,0,0.0005
15.03.2017 08:08:22.824 GMT-0000,2370.353,2369.8,0,0.0005
15.03.2017 08:08:26.354 GMT-0000,2370.351,2369.8,0,0.0005
15.03.2017 08:08:29.531 GMT-0000,2370.353,2369.8,0,0.0005
15.03.2017 08:08:35.134 GMT-0000,2370.353,2369.92,0,0.0005
15.03.2017 08:08:35.783 GMT-0000,2370.59,2370.049,0,0.0005
15.03.2017 08:08:36.049 GMT-0000,2370.583,2370.049,0,0.0005
15.03.2017 08:08:36.808 GMT-0000,2370.5950000000003,2370.049,0,0.0005
15.03.2017 08:08:39.271 GMT-0000,2370.48,2369.92,0.0001,0.0005
15.03.2017 08:08:40.160 GMT-0000,2370.478,2369.92,0,0.0005
15.03.2017 08:08:40.837 GMT-0000,2370.48,2369.92,0.0001,0.0005
15.03.2017 08:08:42.709 GMT-0000,2370.48,2369.925,0.0001,0.0008
15.03.2017 08:08:45.234 GMT-0000,2370.5860000000002,2370.049,0,0.0005
15.03.2017 08:08:45.639 GMT-0000,2370.607,2370.049,0,0.0005
15.03.2017 08:08:45.741 GMT-0000,2370.6110000000003,2370.049,0.001,0.0005
15.03.2017 08:08:50.704 GMT-0000,2370.592,2370.049,0,0.0005
15.03.2017 08:08:55.551 GMT-0000,2370.596,2370.049,0,0.0005
15.03.2017 08:08:55.931 GMT-0000,2370.6110000000003,2370.049,0.0001,0.0005
15.03.2017 08:08:59.704 GMT-0000,2370.6910000000003,2370.17,0,0.0005
15.03.2017 08:09:00.102 GMT-0000,2370.701,2370.17,0,0.0005
15.03.2017 08:09:03.713 GMT-0000,2370.701,2370.3,0,0.0005
15.03.2017 08:09:05.745 GMT-0000,2370.766,2370.3,0,0.0005
15.03.2017 08:09:05.968 GMT-0000,2370.839,2370.3,0,0.0005
15.03.2017 08:09:06.248 GMT-0000,2370.844,2370.3,0,0.0005
15.03.2017 08:09:06.498 GMT-0000,2370.844,2370.549,0,0.0005
15.03.2017 08:09:06.692 GMT-0000,2371.0260000000003,2370.549,0,0.0005
15.03.2017 08:09:06.765 GMT-0000,2370.981,2370.419,0.0001,0.0005
15.03.2017 08:09:07.240 GMT-0000,2370.98,2370.393,0.0001,0.0008
15.03.2017 08:09:07.537 GMT-0000,2370.9900000000002,2370.393,0.0001,0.0008
15.03.2017 08:09:09.208 GMT-0000,2370.9900000000002,2370.3920000000003,0.0001,0.0008
15.03.2017 08:09:10.081 GMT-0000,2370.9900000000002,2370.383,0.0001,0.0008
15.03.2017 08:09:10.336 GMT-0000,2370.9900000000002,2370.388,0.0001,0.0008
15.03.2017 08:09:10.870 GMT-0000,2370.9900000000002,2370.391,0.0001,0.0008
15.03.2017 08:09:11.382 GMT-0000,2370.9900000000002,2370.3810000000003,0.0001,0.0008
15.03.2017 08:09:11.794 GMT-0000,2370.9900000000002,2370.398,0.0001,0.0008
15.03.2017 08:09:14.659 GMT-0000,2370.9900000000002,2370.387,0.0001,0.0008
15.03.2017 08:09:16.028 GMT-0000,2370.9900000000002,2370.399,0.0001,0.0008
15.03.2017 08:09:19.759 GMT-0000,2370.9900000000002,2370.395,0.0001,0.0008
15.03.2017 08:09:20.323 GMT-0000,2370.9900000000002,2370.389,0.0001,0.0008
15.03.2017 08:09:20.390 GMT-0000,2370.9900000000002,2370.394,0.0001,0.0008
15.03.2017 08:09:20.870 GMT-0000,2370.9900000000002,2370.399,0.0001,0.0008
15.03.2017 08:09:24.958 GMT-0000,2370.9900000000002,2370.394,0.0001,0.0008
15.03.2017 08:09:26.374 GMT-0000,2370.9900000000002,2370.407,0.0001,0.0008
15.03.2017 08:09:27.855 GMT-0000,2370.981,2370.419,0.0001,0.0005
15.03.2017 08:09:29.603 GMT-0000,2371.07,2370.549,0,0.0005
15.03.2017 08:09:30.218 GMT-0000,2371.085,2370.549,0,0.0005
15.03.2017 08:09:30.518 GMT-0000,2371.078,2370.549,0,0.0005
15.03.2017 08:09:34.571 GMT-0000,2371.08,2370.549,0,0.0005
15.03.2017 08:09:45.150 GMT-0000,2371.079,2370.549,0,0.0005
15.03.2017 08:09:45.681 GMT-0000,2371.0570000000002,2370.549,0,0.0005
15.03.2017 08:09:45.964 GMT-0000,2371.084,2370.549,0,0.0005
15.03.2017 08:09:46.766 GMT-0000,2371.069,2370.549,0,0.0005
15.03.2017 08:09:47.751 GMT-0000,2370.98,2370.42,0.0001,0.0005
15.03.2017 08:09:51.347 GMT-0000,2370.981,2370.394,0.0001,0.0008
15.03.2017 08:09:51.397 GMT-0000,2370.981,2370.419,0.0001,0.0005
15.03.2017 08:09:51.699 GMT-0000,2370.8610000000003,2370.299,0.0001,0.0005
15.03.2017 08:10:02.037 GMT-0000,2370.925,2370.42,0,0.0005
15.03.2017 08:10:02.136 GMT-0000,2370.942,2370.42,0,0.0005
15.03.2017 08:10:02.413 GMT-0000,2370.98,2370.42,0.0001,0.0005
15.03.2017 08:10:06.658 GMT-0000,2370.98,2370.425,0.0001,0.0008
15.03.2017 08:10:10.038 GMT-0000,2370.98,2370.42,0.0001,0.0005
15.03.2017 08:10:21.135 GMT-0000,2371.048,2370.549,0,0.0005
15.03.2017 08:10:21.186 GMT-0000,2371.0660000000003,2370.549,0,0.0005
15.03.2017 08:10:21.415 GMT-0000,2371.094,2370.549,0,0.0005
15.03.2017 08:10:22.093 GMT-0000,2371.078,2370.549,0,0.0005
15.03.2017 08:10:30.079 GMT-0000,2371.096,2370.549,0,0.0005
15.03.2017 08:10:32.443 GMT-0000,2371.101,2370.549,0,0.0005
15.03.2017 08:10:34.615 GMT-0000,2371.101,2370.799,0,0.0005
15.03.2017 08:10:35.755 GMT-0000,2371.3450000000003,2370.799,0,0.0005
15.03.2017 08:10:35.988 GMT-0000,2371.35,2370.799,0,0.0005
15.03.2017 08:10:36.682 GMT-0000,2371.3520000000003,2370.799,0,0.0005
15.03.2017 08:10:39.557 GMT-0000,2371.3610000000003,2370.799,0.0001,0.0005
15.03.2017 08:10:47.343 GMT-0000,2371.3610000000003,2370.804,0.0001,0.0008
15.03.2017 08:10:48.336 GMT-0000,2371.475,2370.92,0,0.0005
15.03.2017 08:10:50.504 GMT-0000,2371.419,2370.92,0,0.0005
15.03.2017 08:10:56.219 GMT-0000,2371.456,2370.92,0,0.0005
15.03.2017 08:10:58.428 GMT-0000,2371.3610000000003,2370.799,0.0001,0.0005
15.03.2017 08:11:01.715 GMT-0000,2371.3450000000003,2370.799,0,0.0005
15.03.2017 08:11:05.885 GMT-0000,2371.359,2370.799,0,0.0005
15.03.2017 08:11:06.760 GMT-0000,2371.3610000000003,2370.799,0.0001,0.0005
15.03.2017 08:11:14.636 GMT-0000,2371.419,2371.05,0,0.0005
15.03.2017 08:11:15.464 GMT-0000,2371.609,2371.05,0,0.0005
15.03.2017 08:11:16.622 GMT-0000,2371.61,2371.05,0.0001,0.0005
15.03.2017 08:11:23.282 GMT-0000,2371.6310000000003,2371.299,0,0.0005
15.03.2017 08:11:24.749 GMT-0000,2371.842,2371.299,0,0.0005
15.03.2017 08:11:25.301 GMT-0000,2371.846,2371.299,0,0.0005
15.03.2017 08:11:26.807 GMT-0000,2371.834,2371.299,0,0.0005
15.03.2017 08:11:29.099 GMT-0000,2371.837,2371.299,0,0.0005
15.03.2017 08:11:29.680 GMT-0000,2371.8450000000003,2371.299,0,0.0005
15.03.2017 08:11:29.933 GMT-0000,2371.847,2371.299,0,0.0005
15.03.2017 08:11:30.501 GMT-0000,2371.8450000000003,2371.299,0,0.0005
15.03.2017 08:11:30.863 GMT-0000,2371.823,2371.299,0,0.0005
15.03.2017 08:11:31.249 GMT-0000,2371.73,2371.17,0.0001,0.0005
15.03.2017 08:11:31.615 GMT-0000,2371.61,2371.072,0.0001,0.0008
15.03.2017 08:11:31.727 GMT-0000,2371.61,2371.05,0.0001,0.0005
15.03.2017 08:11:33.585 GMT-0000,2371.655,2371.169,0,0.0005
15.03.2017 08:11:35.682 GMT-0000,2371.635,2371.169,0,0.0005
15.03.2017 08:11:35.845 GMT-0000,2371.731,2371.169,0.0001,0.0005
15.03.2017 08:11:39.991 GMT-0000,2371.6910000000003,2371.169,0,0.0005
15.03.2017 08:11:40.983 GMT-0000,2371.637,2371.169,0,0.0005
15.03.2017 08:11:41.034 GMT-0000,2371.646,2371.169,0,0.0005
15.03.2017 08:11:41.367 GMT-0000,2371.716,2371.169,0,0.0005
15.03.2017 08:11:43.955 GMT-0000,2371.61,2371.053,0.0001,0.0008
15.03.2017 08:11:44.569 GMT-0000,2371.61,2371.05,0.0001,0.0005
15.03.2017 08:11:50.613 GMT-0000,2371.48,2370.954,0.0001,0.0008
15.03.2017 08:11:55.020 GMT-0000,2371.4429999999998,2370.87,0,0.0005
15.03.2017 08:11:55.592 GMT-0000,2371.4900000000002,2370.905,0.0001,0.0008
15.03.2017 08:11:55.946 GMT-0000,2371.4900000000002,2370.928,0.0001,0.0008
15.03.2017 08:11:56.938 GMT-0000,2371.4900000000002,2370.923,0.0001,0.0008
15.03.2017 08:11:57.090 GMT-0000,2371.4900000000002,2370.925,0.0001,0.0008
15.03.2017 08:12:00.205 GMT-0000,2371.4900000000002,2370.935,0.0001,0.0008
15.03.2017 08:12:05.526 GMT-0000,2371.4900000000002,2370.9410000000003,0.0001,0.0008
15.03.2017 08:12:08.121 GMT-0000,2371.48,2370.9410000000003,0.0001,0.0008
15.03.2017 08:12:09.069 GMT-0000,2371.48,2370.9320000000002,0.0001,0.0008
15.03.2017 08:12:09.446 GMT-0000,2371.4770000000003,2370.92,0,0.0005
15.03.2017 08:12:10.993 GMT-0000,2371.4700000000003,2370.92,0,0.0005
15.03.2017 08:12:11.395 GMT-0000,2371.48,2370.92,0.0001,0.0005
15.03.2017 08:12:33.185 GMT-0000,2371.512,2371.049,0,0.0005
15.03.2017 08:12:35.445 GMT-0000,2371.6110000000003,2371.049,0.0001,0.0005
15.03.2017 08:12:39.819 GMT-0000,2371.481,2370.9570000000003,0.0001,0.0008
15.03.2017 08:12:39.994 GMT-0000,2371.481,2370.919,0.0001,0.0005
15.03.2017 08:12:40.235 GMT-0000,2371.467,2370.919,0,0.0005
15.03.2017 08:12:41.396 GMT-0000,2371.4770000000003,2370.919,0,0.0005
15.03.2017 08:12:42.025 GMT-0000,2371.481,2370.919,0.0001,0.0005
15.03.2017 08:12:44.597 GMT-0000,2371.481,2370.928,0.0001,0.0008
15.03.2017 08:12:46.217 GMT-0000,2371.481,2370.919,0.0001,0.0005
15.03.2017 08:12:47.013 GMT-0000,2371.481,2370.933,0.0001,0.0008
15.03.2017 08:12:47.064 GMT-0000,2371.481,2370.919,0.0001,0.0005
15.03.2017 08:12:55.707 GMT-0000,2371.481,2370.953,0.0001,0.0008
15.03.2017 08:12:59.906 GMT-0000,2371.481,2370.928,0.0001,0.0008
15.03.2017 08:13:00.068 GMT-0000,2371.481,2370.919,0.0001,0.0005
15.03.2017 08:13:00.329 GMT-0000,2371.481,2370.938,0.0001,0.0008
15.03.2017 08:13:00.750 GMT-0000,2371.481,2370.926,0.0001,0.0008
15.03.2017 08:13:01.765 GMT-0000,2371.607,2371.049,0,0.0005
15.03.2017 08:13:01.911 GMT-0000,2371.6110000000003,2371.049,0.0001,0.0005
15.03.2017 08:13:06.382 GMT-0000,2371.594,2371.049,0,0.0005
15.03.2017 08:13:07.160 GMT-0000,2371.581,2371.049,0,0.0005
15.03.2017 08:13:09.569 GMT-0000,2371.498,2371.049,0,0.0005
15.03.2017 08:13:10.027 GMT-0000,2371.473,2371.049,0,0.0005
15.03.2017 08:13:10.430 GMT-0000,2371.4700000000003,2371.049,0,0.0005
15.03.2017 08:13:10.769 GMT-0000,2371.4700000000003,2370.92,0,0.0005
15.03.2017 08:13:11.105 GMT-0000,2371.46,2370.92,0,0.0005
15.03.2017 08:13:11.494 GMT-0000,2371.426,2370.92,0,0.0005
15.03.2017 08:13:14.640 GMT-0000,2371.48,2370.92,0.0001,0.0005
15.03.2017 08:13:15.625 GMT-0000,2371.467,2370.92,0,0.0005
15.03.2017 08:13:21.097 GMT-0000,2371.431,2370.92,0,0.0005
15.03.2017 08:13:24.958 GMT-0000,2371.426,2370.92,0,0.0005
15.03.2017 08:13:25.412 GMT-0000,2371.4170000000004,2370.92,0,0.0005
15.03.2017 08:13:25.866 GMT-0000,2371.413,2370.92,0,0.0005
15.03.2017 08:13:26.900 GMT-0000,2371.3610000000003,2370.799,0.0001,0.0005
15.03.2017 08:13:40.662 GMT-0000,2371.3610000000003,2370.826,0.0001,0.0008
15.03.2017 08:13:40.876 GMT-0000,2371.3610000000003,2370.82,0.0001,0.0008
15.03.2017 08:13:41.219 GMT-0000,2371.3610000000003,2370.808,0.0001,0.0008
15.03.2017 08:13:42.031 GMT-0000,2371.3610000000003,2370.8120000000004,0.0001,0.0008
15.03.2017 08:13:42.209 GMT-0000,2371.473,2370.919,0,0.0005
15.03.2017 08:13:42.355 GMT-0000,2371.481,2370.919,0.0001,0.0005
15.03.2017 08:13:45.272 GMT-0000,2371.429,2370.919,0,0.0005
15.03.2017 08:13:49.829 GMT-0000,2371.471,2370.919,0,0.0005
15.03.2017 08:13:50.088 GMT-0000,2371.481,2370.919,0.0001,0.0005
15.03.2017 08:13:50.322 GMT-0000,2371.481,2370.928,0.0001,0.0008
15.03.2017 08:13:51.703 GMT-0000,2371.481,2370.93,0.0001,0.0008
15.03.2017 08:13:56.385 GMT-0000,2371.481,2370.923,0.0001,0.0008
15.03.2017 08:13:59.444 GMT-0000,2371.481,2370.931,0.0001,0.0008
15.03.2017 08:14:00.384 GMT-0000,2371.481,2370.935,0.0001,0.0008
15.03.2017 08:14:05.825 GMT-0000,2371.481,2370.931,0.0001,0.0008
15.03.2017 08:14:06.065 GMT-0000,2371.453,2370.919,0,0.0005
15.03.2017 08:14:06.857 GMT-0000,2371.438,2370.919,0,0.0005
15.03.2017 08:14:09.582 GMT-0000,2371.4500000000003,2370.919,0,0.0005
15.03.2017 08:14:10.206 GMT-0000,2371.419,2370.919,0,0.0005
15.03.2017 08:14:11.349 GMT-0000,2371.474,2370.919,0,0.0005
15.03.2017 08:14:11.584 GMT-0000,2371.481,2370.919,0.0001,0.0005
15.03.2017 08:14:12.590 GMT-0000,2371.481,2370.922,0.0001,0.0008
15.03.2017 08:14:15.640 GMT-0000,2371.481,2370.9570000000003,0.0001,0.0008
15.03.2017 08:14:16.161 GMT-0000,2371.481,2370.9320000000002,0.0001,0.0008
15.03.2017 08:14:16.933 GMT-0000,2371.481,2370.949,0.0001,0.0008
15.03.2017 08:14:17.009 GMT-0000,2371.481,2370.9320000000002,0.0001,0.0008
15.03.2017 08:14:19.025 GMT-0000,2371.481,2370.944,0.0001,0.0008
15.03.2017 08:14:21.251 GMT-0000,2371.481,2370.938,0.0001,0.0008
15.03.2017 08:14:21.539 GMT-0000,2371.481,2370.94,0.0001,0.0008
15.03.2017 08:14:25.641 GMT-0000,2371.481,2370.926,0.0001,0.0008
15.03.2017 08:14:25.874 GMT-0000,2371.481,2370.933,0.0001,0.0008
15.03.2017 08:14:26.808 GMT-0000,2371.481,2370.9570000000003,0.0001,0.0008
15.03.2017 08:14:27.289 GMT-0000,2371.481,2370.94,0.0001,0.0008
15.03.2017 08:14:28.975 GMT-0000,2371.481,2370.9429999999998,0.0001,0.0008
15.03.2017 08:14:30.043 GMT-0000,2371.481,2371.018,0.0001,0.0008
15.03.2017 08:14:30.549 GMT-0000,2371.699,2371.169,0,0.0005
15.03.2017 08:14:30.600 GMT-0000,2371.729,2371.169,0,0.0005
15.03.2017 08:14:30.801 GMT-0000,2371.701,2371.169,0,0.0005
15.03.2017 08:14:31.174 GMT-0000,2371.658,2371.169,0,0.0005
15.03.2017 08:14:35.993 GMT-0000,2371.613,2371.169,0,0.0005
15.03.2017 08:14:36.544 GMT-0000,2371.616,2371.169,0,0.0005
15.03.2017 08:14:40.164 GMT-0000,2371.57,2371.169,0,0.0005
15.03.2017 08:14:41.713 GMT-0000,2371.603,2371.169,0,0.0005
15.03.2017 08:14:42.345 GMT-0000,2371.596,2371.169,0,0.0005
15.03.2017 08:14:42.613 GMT-0000,2371.614,2371.169,0,0.0005
15.03.2017 08:14:43.986 GMT-0000,2371.61,2371.05,0.0001,0.0005
15.03.2017 08:14:45.768 GMT-0000,2371.594,2371.05,0,0.0005
15.03.2017 08:14:51.802 GMT-0000,2371.573,2371.05,0,0.0005
15.03.2017 08:14:51.925 GMT-0000,2371.592,2371.05,0,0.0005
15.03.2017 08:14:55.138 GMT-0000,2371.584,2371.05,0,0.0005
15.03.2017 08:14:55.940 GMT-0000,2371.534,2371.05,0,0.0005
15.03.2017 08:14:56.201 GMT-0000,2371.539,2371.05,0,0.0005
15.03.2017 08:14:56.486 GMT-0000,2371.605,2371.05,0,0.0005
15.03.2017 08:14:59.923 GMT-0000,2371.592,2371.05,0,0.0005
15.03.2017 08:14:59.987 GMT-0000,2371.6,2371.05,0,0.0005
15.03.2017 08:15:00.259 GMT-0000,2371.6079999999997,2371.05,0,0.0005
15.03.2017 08:15:01.139 GMT-0000,2371.599,2371.05,0,0.0005
15.03.2017 08:15:01.807 GMT-0000,2371.5950000000003,2371.05,0,0.0005
15.03.2017 08:15:02.062 GMT-0000,2371.597,2371.05,0,0.0005
15.03.2017 08:15:04.645 GMT-0000,2371.61,2371.05,0.0001,0.0005
15.03.2017 08:15:04.980 GMT-0000,2371.5750000000003,2371.05,0,0.0005
15.03.2017 08:15:05.364 GMT-0000,2371.581,2371.05,0,0.0005
15.03.2017 08:15:05.761 GMT-0000,2371.61,2371.05,0.0001,0.0005
15.03.2017 08:15:11.127 GMT-0000,2371.609,2371.05,0,0.0005
15.03.2017 08:15:16.952 GMT-0000,2371.465,2371.05,0,0.0005
15.03.2017 08:15:17.994 GMT-0000,2371.465,2370.92,0,0.0005
15.03.2017 08:15:19.463 GMT-0000,2371.447,2370.92,0,0.0005
15.03.2017 08:15:20.117 GMT-0000,2371.424,2370.92,0,0.0005
15.03.2017 08:15:21.113 GMT-0000,2371.431,2370.92,0,0.0005
15.03.2017 08:15:21.373 GMT-0000,2371.451,2370.92,0,0.0005
15.03.2017 08:15:22.341 GMT-0000,2371.3610000000003,2370.799,0.0001,0.0005
15.03.2017 08:15:36.079 GMT-0000,2371.3610000000003,2370.804,0.0001,0.0008
15.03.2017 08:15:36.654 GMT-0000,2371.3610000000003,2370.802,0.0001,0.0008
15.03.2017 08:15:36.991 GMT-0000,2371.3610000000003,2370.8,0.0001,0.0008
15.03.2017 08:15:37.233 GMT-0000,2371.3610000000003,2370.82,0.0001,0.0008
15.03.2017 08:15:38.855 GMT-0000,2371.3610000000003,2370.799,0.0001,0.0005
15.03.2017 08:15:39.164 GMT-0000,2371.469,2370.92,0,0.0005
15.03.2017 08:15:39.451 GMT-0000,2371.476,2370.92,0,0.0005
15.03.2017 08:15:40.011 GMT-0000,2371.442,2370.92,0,0.0005
15.03.2017 08:15:40.263 GMT-0000,2371.48,2370.92,0.0001,0.0005
15.03.2017 08:15:40.530 GMT-0000,2371.464,2370.92,0,0.0005
15.03.2017 08:15:42.154 GMT-0000,2371.3610000000003,2370.799,0.0001,0.0005
15.03.2017 08:15:58.789 GMT-0000,2371.414,2370.919,0,0.0005
15.03.2017 08:15:58.839 GMT-0000,2371.414,2370.869,0,0.0005
15.03.2017 08:16:00.340 GMT-0000,2371.481,2370.889,0.0001,0.0008
15.03.2017 08:16:00.591 GMT-0000,2371.481,2370.9210000000003,0.0001,0.0008
15.03.2017 08:16:00.856 GMT-0000,2371.481,2370.9170000000004,0.0001,0.0008
15.03.2017 08:16:01.205 GMT-0000,2371.481,2370.908,0.0001,0.0008
15.03.2017 08:16:01.758 GMT-0000,2371.481,2370.913,0.0001,0.0008
15.03.2017 08:16:02.204 GMT-0000,2371.36,2370.803,0.0001,0.0008
15.03.2017 08:16:02.259 GMT-0000,2371.36,2370.8,0.0001,0.0005
15.03.2017 08:16:03.309 GMT-0000,2371.464,2370.92,0,0.0005
15.03.2017 08:16:04.712 GMT-0000,2371.4320000000002,2370.92,0,0.0005
15.03.2017 08:16:06.593 GMT-0000,2371.445,2370.92,0,0.0005
15.03.2017 08:16:07.980 GMT-0000,2371.36,2370.8,0.0001,0.0005
15.03.2017 08:16:15.201 GMT-0000,2371.403,2370.919,0,0.0005
15.03.2017 08:16:15.486 GMT-0000,2371.42,2370.919,0,0.0005
15.03.2017 08:16:16.045 GMT-0000,2371.423,2370.919,0,0.0005
15.03.2017 08:16:16.177 GMT-0000,2371.423,2370.76,0,0.0008
15.03.2017 08:16:16.227 GMT-0000,2371.423,2370.869,0,0.0005
15.03.2017 08:16:16.293 GMT-0000,2371.491,2370.88,0.0001,0.0008
15.03.2017 08:16:16.567 GMT-0000,2371.481,2370.919,0.0001,0.0005
15.03.2017 08:16:17.100 GMT-0000,2371.4700000000003,2370.919,0,0.0005
15.03.2017 08:16:19.374 GMT-0000,2371.4500000000003,2370.919,0,0.0005
15.03.2017 08:16:20.095 GMT-0000,2371.4500000000003,2371.049,0,0.0005
15.03.2017 08:16:20.356 GMT-0000,2371.571,2371.049,0,0.0005
15.03.2017 08:16:20.919 GMT-0000,2371.577,2371.049,0,0.0005
15.03.2017 08:16:21.158 GMT-0000,2371.573,2371.049,0,0.0005
15.03.2017 08:16:21.657 GMT-0000,2371.565,2371.049,0,0.0005
15.03.2017 08:16:21.941 GMT-0000,2371.572,2371.049,0,0.0005
15.03.2017 08:16:22.209 GMT-0000,2371.585,2371.049,0,0.0005
15.03.2017 08:16:24.650 GMT-0000,2371.589,2371.049,0,0.0005
15.03.2017 08:16:26.325 GMT-0000,2371.605,2371.049,0,0.0005
15.03.2017 08:16:26.612 GMT-0000,2371.57,2371.049,0,0.0005
15.03.2017 08:16:26.722 GMT-0000,2371.48,2370.92,0.0001,0.0005
15.03.2017 08:16:27.107 GMT-0000,2371.48,2370.927,0.0001,0.0008
15.03.2017 08:16:29.710 GMT-0000,2371.48,2370.929,0.0001,0.0008
15.03.2017 08:16:30.117 GMT-0000,2371.48,2370.92,0.0001,0.0005
15.03.2017 08:16:30.572 GMT-0000,2371.48,2370.924,0.0001,0.0008
15.03.2017 08:16:31.412 GMT-0000,2371.473,2370.92,0,0.0005
15.03.2017 08:16:34.986 GMT-0000,2371.472,2370.92,0,0.0005
15.03.2017 08:16:36.667 GMT-0000,2371.48,2370.92,0.0001,0.0005
15.03.2017 08:16:40.457 GMT-0000,2371.464,2370.92,0,0.0005
15.03.2017 08:16:46.786 GMT-0000,2371.48,2370.92,0.001,0.0005
15.03.2017 08:16:48.427 GMT-0000,2371.36,2370.827,0.0001,0.0008
15.03.2017 08:16:49.653 GMT-0000,2371.36,2370.8,0.0001,0.0005
15.03.2017 08:17:00.856 GMT-0000,2371.23,2370.6910000000003,0.0001,0.0008
15.03.2017 08:17:01.251 GMT-0000,2371.174,2370.67,0,0.0005
15.03.2017 08:17:01.434 GMT-0000,2371.23,2370.67,0.0001,0.0005
15.03.2017 08:17:02.696 GMT-0000,2371.216,2370.67,0,0.0005
15.03.2017 08:17:05.793 GMT-0000,2371.23,2370.677,0.0001,0.0008
15.03.2017 08:17:07.227 GMT-0000,2371.23,2370.67,0.0001,0.0012
15.03.2017 08:17:08.600 GMT-0000,2371.11,2370.67,0.0001,0.0008
15.03.2017 08:17:08.932 GMT-0000,2371.11,2370.555,0.0001,0.0008
15.03.2017 08:17:10.220 GMT-0000,2371.11,2370.55,0.0001,0.0005
15.03.2017 08:17:15.724 GMT-0000,2371.0860000000002,2370.55,0,0.0005
15.03.2017 08:17:16.442 GMT-0000,2371.0950000000003,2370.55,0,0.0005
15.03.2017 08:17:17.000 GMT-0000,2371.08,2370.55,0,0.0005
15.03.2017 08:17:20.103 GMT-0000,2371.0879999999997,2370.55,0,0.0005
15.03.2017 08:17:20.724 GMT-0000,2371.085,2370.55,0,0.0005
15.03.2017 08:17:22.437 GMT-0000,2371.0879999999997,2370.55,0,0.0005
15.03.2017 08:17:22.730 GMT-0000,2371.11,2370.55,0.0001,0.0005
15.03.2017 08:17:35.343 GMT-0000,2371.169,2370.669,0,0.0005
15.03.2017 08:17:35.520 GMT-0000,2371.203,2370.669,0,0.0005
15.03.2017 08:17:35.898 GMT-0000,2371.231,2370.669,0.0001,0.0005
15.03.2017 08:17:39.586 GMT-0000,2371.2129999999997,2370.669,0,0.0005
15.03.2017 08:17:40.439 GMT-0000,2371.1110000000003,2370.549,0.0001,0.0005
15.03.2017 08:17:40.490 GMT-0000,2371.041,2370.549,0,0.0005
15.03.2017 08:17:41.538 GMT-0000,2370.979,2370.549,0,0.0005
15.03.2017 08:17:42.083 GMT-0000,2370.935,2370.549,0,0.0005
15.03.2017 08:17:42.391 GMT-0000,2370.942,2370.549,0,0.0005
15.03.2017 08:17:45.319 GMT-0000,2370.965,2370.549,0,0.0005
15.03.2017 08:17:46.361 GMT-0000,2371.001,2370.549,0,0.0005
15.03.2017 08:17:50.040 GMT-0000,2370.987,2370.549,0,0.0005
15.03.2017 08:17:54.640 GMT-0000,2370.994,2370.549,0,0.0005
15.03.2017 08:17:54.953 GMT-0000,2370.985,2370.549,0,0.0005
15.03.2017 08:17:57.765 GMT-0000,2370.8610000000003,2370.302,0.0001,0.0008
15.03.2017 08:17:58.385 GMT-0000,2370.981,2370.419,0.0001,0.0005
15.03.2017 08:18:00.000 GMT-0000,2370.906,2370.419,0,0.0005
15.03.2017 08:18:00.103 GMT-0000,2370.8610000000003,2370.299,0.0001,0.0005
15.03.2017 08:18:02.255 GMT-0000,2370.944,2370.42,0,0.0005
15.03.2017 08:18:02.305 GMT-0000,2370.958,2370.42,0,0.0005
15.03.2017 08:18:02.356 GMT-0000,2370.86,2370.277,0.0001,0.0008
15.03.2017 08:18:02.598 GMT-0000,2370.86,2370.323,0.0001,0.0008
15.03.2017 08:18:04.748 GMT-0000,2370.86,2370.329,0.0001,0.0008
15.03.2017 08:18:05.100 GMT-0000,2370.86,2370.339,0.0001,0.0008
15.03.2017 08:18:15.754 GMT-0000,2370.86,2370.367,0.0001,0.0008
15.03.2017 08:18:16.416 GMT-0000,2370.86,2370.364,0.0001,0.0008
15.03.2017 08:18:20.210 GMT-0000,2370.86,2370.366,0.0001,0.0008
15.03.2017 08:18:25.224 GMT-0000,2371.039,2370.549,0,0.0005
15.03.2017 08:18:25.410 GMT-0000,2371.0660000000003,2370.549,0,0.0005
15.03.2017 08:18:25.671 GMT-0000,2371.043,2370.549,0,0.0005
15.03.2017 08:18:26.286 GMT-0000,2371.035,2370.549,0,0.0005
15.03.2017 08:18:26.821 GMT-0000,2371.024,2370.549,0,0.0005
15.03.2017 08:18:31.139 GMT-0000,2371.03,2370.549,0,0.0005
15.03.2017 08:18:34.651 GMT-0000,2371.0220000000004,2370.549,0,0.0005
15.03.2017 08:18:35.086 GMT-0000,2371.03,2370.549,0,0.0005
15.03.2017 08:18:35.362 GMT-0000,2371.0950000000003,2370.549,0,0.0005
15.03.2017 08:18:35.635 GMT-0000,2371.039,2370.549,0,0.0005
15.03.2017 08:18:36.171 GMT-0000,2371.0170000000003,2370.549,0,0.0005
15.03.2017 08:18:36.625 GMT-0000,2371.023,2370.549,0,0.0005
15.03.2017 08:18:39.838 GMT-0000,2371.021,2370.549,0,0.0005
15.03.2017 08:18:40.618 GMT-0000,2371.035,2370.549,0,0.0005
15.03.2017 08:18:41.138 GMT-0000,2371.021,2370.549,0,0.0005
15.03.2017 08:18:42.310 GMT-0000,2371.01,2370.549,0,0.0005
15.03.2017 08:18:45.034 GMT-0000,2371.0260000000003,2370.549,0,0.0005
15.03.2017 08:18:45.445 GMT-0000,2371.031,2370.549,0,0.0005
15.03.2017 08:18:45.687 GMT-0000,2371.0370000000003,2370.549,0,0.0005
15.03.2017 08:18:49.690 GMT-0000,2371.0170000000003,2370.549,0,0.0005
15.03.2017 08:18:56.720 GMT-0000,2371.016,2370.549,0,0.0005
15.03.2017 08:19:00.061 GMT-0000,2370.984,2370.549,0,0.0005
15.03.2017 08:19:02.455 GMT-0000,2370.981,2370.419,0.0001,0.0005
15.03.2017 08:19:04.773 GMT-0000,2370.9700000000003,2370.419,0,0.0005
15.03.2017 08:19:05.601 GMT-0000,2370.972,2370.419,0,0.0005
15.03.2017 08:19:05.850 GMT-0000,2370.981,2370.419,0.0001,0.0005
15.03.2017 08:19:07.081 GMT-0000,2370.971,2370.419,0,0.0005
15.03.2017 08:19:10.597 GMT-0000,2370.86,2370.3,0.0001,0.0005
15.03.2017 08:19:16.284 GMT-0000,2370.9120000000003,2370.419,0,0.0005
15.03.2017 08:19:16.444 GMT-0000,2370.948,2370.419,0,0.0005
15.03.2017 08:19:16.635 GMT-0000,2370.9320000000002,2370.419,0,0.0005
15.03.2017 08:19:17.236 GMT-0000,2370.922,2370.419,0,0.0005
15.03.2017 08:19:20.731 GMT-0000,2370.88,2370.251,0.0001,0.0008
15.03.2017 08:19:20.786 GMT-0000,2370.88,2370.324,0.0001,0.0008
15.03.2017 08:19:21.750 GMT-0000,2370.88,2370.326,0.0001,0.0008
15.03.2017 08:19:22.216 GMT-0000,2370.88,2370.319,0.0001,0.0008
15.03.2017 08:19:22.440 GMT-0000,2371,2370.55,0,0.0005
15.03.2017 08:19:22.502 GMT-0000,2371.012,2370.55,0,0.0005
15.03.2017 08:19:22.742 GMT-0000,2370.981,2370.419,0.0001,0.0005
15.03.2017 08:19:22.793 GMT-0000,2370.86,2370.351,0.0001,0.0008
15.03.2017 08:19:25.352 GMT-0000,2370.86,2370.3379999999997,0.0001,0.0008
15.03.2017 08:19:25.685 GMT-0000,2370.981,2370.419,0.0001,0.0005
15.03.2017 08:19:25.838 GMT-0000,2370.911,2370.3379999999997,0.0001,0.0008
15.03.2017 08:19:26.001 GMT-0000,2370.911,2370.326,0.0001,0.0008
15.03.2017 08:19:26.230 GMT-0000,2370.911,2370.324,0.0001,0.0008
15.03.2017 08:19:26.825 GMT-0000,2370.911,2370.339,0.0001,0.0008
15.03.2017 08:19:27.734 GMT-0000,2371.109,2370.55,0,0.0005
15.03.2017 08:19:29.454 GMT-0000,2371.11,2370.55,0.0001,0.0005
15.03.2017 08:19:31.101 GMT-0000,2371.104,2370.55,0,0.0005
15.03.2017 08:19:31.405 GMT-0000,2371.11,2370.55,0.0001,0.0005
15.03.2017 08:19:41.498 GMT-0000,2371.1,2370.55,0,0.0005
15.03.2017 08:19:41.778 GMT-0000,2371.104,2370.55,0,0.0005
15.03.2017 08:19:42.260 GMT-0000,2371.11,2370.55,0.0001,0.0005
15.03.2017 08:19:53.765 GMT-0000,2371.1310000000003,2370.67,0,0.0005
15.03.2017 08:19:54.567 GMT-0000,2371.194,2370.67,0,0.0005
15.03.2017 08:19:55.189 GMT-0000,2371.194,2370.799,0,0.0005
15.03.2017 08:19:55.289 GMT-0000,2371.27,2370.799,0,0.0005
15.03.2017 08:20:00.106 GMT-0000,2371.257,2370.799,0,0.0005
15.03.2017 08:20:01.103 GMT-0000,2371.269,2370.799,0,0.0005
15.03.2017 08:20:02.501 GMT-0000,2371.271,2370.799,0,0.0005
15.03.2017 08:20:09.774 GMT-0000,2371.306,2370.799,0,0.0005
15.03.2017 08:20:11.904 GMT-0000,2371.286,2370.799,0,0.0005
15.03.2017 08:20:12.901 GMT-0000,2371.231,2370.669,0.0001,0.0005
15.03.2017 08:20:14.911 GMT-0000,2371.186,2370.669,0,0.0005
15.03.2017 08:20:24.675 GMT-0000,2371.231,2370.669,0.0001,0.0005
15.03.2017 08:20:25.251 GMT-0000,2371.176,2370.669,0,0.0005
15.03.2017 08:20:29.553 GMT-0000,2371.192,2370.669,0,0.0005
15.03.2017 08:20:35.285 GMT-0000,2371.176,2370.669,0,0.0005
15.03.2017 08:20:39.403 GMT-0000,2371.173,2370.669,0,0.0005
15.03.2017 08:20:39.946 GMT-0000,2371.1910000000003,2370.669,0,0.0005
15.03.2017 08:20:42.455 GMT-0000,2371.208,2370.669,0,0.0005
15.03.2017 08:20:42.666 GMT-0000,2371.1910000000003,2370.669,0,0.0005
15.03.2017 08:20:44.694 GMT-0000,2371.204,2370.669,0,0.0005
15.03.2017 08:20:49.814 GMT-0000,2371.2270000000003,2370.669,0,0.0005
15.03.2017 08:20:50.045 GMT-0000,2371.23,2370.669,0,0.0005
15.03.2017 08:20:51.077 GMT-0000,2371.231,2370.669,0.0001,0.0005
15.03.2017 08:20:59.915 GMT-0000,2371.231,2370.673,0.0001,0.0008
15.03.2017 08:21:00.445 GMT-0000,2371.231,2370.7560000000003,0.0001,0.0008
15.03.2017 08:21:00.843 GMT-0000,2371.419,2370.92,0,0.0005
15.03.2017 08:21:00.953 GMT-0000,2371.383,2370.92,0,0.0005
15.03.2017 08:21:01.185 GMT-0000,2371.387,2370.92,0,0.0005
15.03.2017 08:21:02.384 GMT-0000,2371.394,2370.92,0,0.0005
15.03.2017 08:21:05.066 GMT-0000,2371.411,2370.92,0,0.0005
15.03.2017 08:21:09.563 GMT-0000,2371.476,2370.92,0,0.0005
15.03.2017 08:21:09.965 GMT-0000,2371.423,2370.92,0,0.0005
15.03.2017 08:21:10.386 GMT-0000,2371.4210000000003,2370.92,0,0.0005
15.03.2017 08:21:11.542 GMT-0000,2371.43,2370.92,0,0.0005
15.03.2017 08:21:15.339 GMT-0000,2371.377,2370.92,0,0.0005
15.03.2017 08:21:20.116 GMT-0000,2371.387,2370.92,0,0.0005
15.03.2017 08:21:20.478 GMT-0000,2371.387,2371.05,0,0.0005
15.03.2017 08:21:20.643 GMT-0000,2371.564,2371.05,0,0.0005
15.03.2017 08:21:21.443 GMT-0000,2371.567,2371.05,0,0.0005
15.03.2017 08:21:21.698 GMT-0000,2371.576,2371.05,0,0.0005
15.03.2017 08:21:25.062 GMT-0000,2371.569,2371.05,0,0.0005
15.03.2017 08:21:30.040 GMT-0000,2371.4170000000004,2371.05,0,0.0005
15.03.2017 08:21:31.789 GMT-0000,2371.423,2371.05,0,0.0005
15.03.2017 08:21:33.870 GMT-0000,2371.423,2370.919,0,0.0005
15.03.2017 08:21:34.676 GMT-0000,2371.481,2370.919,0.0001,0.0005
15.03.2017 08:21:50.063 GMT-0000,2371.4770000000003,2370.919,0,0.0005
15.03.2017 08:21:50.314 GMT-0000,2371.481,2370.919,0.0001,0.0005
15.03.2017 08:21:54.093 GMT-0000,2371.487,2371.05,0,0.0005
15.03.2017 08:21:54.687 GMT-0000,2371.599,2371.05,0,0.0005
15.03.2017 08:21:55.075 GMT-0000,2371.593,2371.05,0,0.0005
15.03.2017 08:21:55.339 GMT-0000,2371.599,2371.05,0,0.0005
15.03.2017 08:21:56.280 GMT-0000,2371.592,2371.05,0,0.0005
15.03.2017 08:21:59.374 GMT-0000,2371.61,2371.05,0.001,0.0005
15.03.2017 08:22:00.561 GMT-0000,2371.6079999999997,2371.05,0,0.0005
15.03.2017 08:22:01.422 GMT-0000,2371.6079999999997,2371.17,0,0.0005
15.03.2017 08:22:01.619 GMT-0000,2371.7470000000003,2371.299,0,0.0005
15.03.2017 08:22:01.895 GMT-0000,2371.75,2371.299,0,0.0005
15.03.2017 08:22:07.771 GMT-0000,2371.731,2371.169,0.0001,0.0005
15.03.2017 08:22:09.562 GMT-0000,2371.728,2371.169,0,0.0005
15.03.2017 08:22:11.501 GMT-0000,2371.716,2371.169,0,0.0005
15.03.2017 08:22:14.673 GMT-0000,2371.697,2371.169,0,0.0005
15.03.2017 08:22:15.466 GMT-0000,2371.6150000000002,2371.169,0,0.0005
15.03.2017 08:22:15.516 GMT-0000,2371.624,2371.169,0,0.0005
15.03.2017 08:22:16.139 GMT-0000,2371.654,2371.169,0,0.0005
15.03.2017 08:22:16.385 GMT-0000,2371.623,2371.169,0,0.0005
15.03.2017 08:22:20.795 GMT-0000,2371.623,2370.96,0,0.0008
15.03.2017 08:22:20.845 GMT-0000,2371.623,2371.119,0,0.0005
15.03.2017 08:22:20.896 GMT-0000,2371.6910000000003,2371.119,0.0001,0.0005
15.03.2017 08:22:21.170 GMT-0000,2371.73,2371.169,0,0.0005
15.03.2017 08:22:21.522 GMT-0000,2371.679,2371.169,0,0.0005
15.03.2017 08:22:22.340 GMT-0000,2371.669,2371.169,0,0.0005
15.03.2017 08:22:24.627 GMT-0000,2371.666,2371.169,0,0.0005
15.03.2017 08:22:25.112 GMT-0000,2371.6620000000003,2371.169,0,0.0005
15.03.2017 08:22:29.336 GMT-0000,2371.638,2371.169,0,0.0005
15.03.2017 08:22:31.755 GMT-0000,2371.664,2371.169,0,0.0005
15.03.2017 08:22:31.950 GMT-0000,2371.643,2371.169,0,0.0005
15.03.2017 08:22:32.534 GMT-0000,2371.6110000000003,2371.049,0.0001,0.0005
15.03.2017 08:22:40.345 GMT-0000,2371.6110000000003,2371.132,0.0001,0.0008
15.03.2017 08:22:40.762 GMT-0000,2371.6110000000003,2371.128,0.0001,0.0008
15.03.2017 08:22:41.067 GMT-0000,2371.6110000000003,2371.138,0.0001,0.0008
15.03.2017 08:22:44.877 GMT-0000,2371.6110000000003,2371.14,0.0001,0.0008
15.03.2017 08:22:45.627 GMT-0000,2371.6110000000003,2371.13,0.0001,0.0008
15.03.2017 08:22:46.013 GMT-0000,2371.6110000000003,2371.132,0.0001,0.0008
15.03.2017 08:22:46.452 GMT-0000,2371.6110000000003,2371.139,0.0001,0.0008
15.03.2017 08:22:49.905 GMT-0000,2371.6110000000003,2371.137,0.0001,0.0008
15.03.2017 08:22:56.790 GMT-0000,2371.6110000000003,2371.123,0.0001,0.0008
15.03.2017 08:22:57.021 GMT-0000,2371.6110000000003,2371.137,0.0001,0.0008
15.03.2017 08:23:00.033 GMT-0000,2371.808,2371.3,0,0.0005
15.03.2017 08:23:00.278 GMT-0000,2371.82,2371.3,0,0.0005
15.03.2017 08:23:00.832 GMT-0000,2371.805,2371.3,0,0.0005
15.03.2017 08:23:00.985 GMT-0000,2371.813,2371.3,0,0.0005
15.03.2017 08:23:01.186 GMT-0000,2371.7920000000004,2371.3,0,0.0005
15.03.2017 08:23:01.884 GMT-0000,2371.7960000000003,2371.3,0,0.0005
15.03.2017 08:23:05.280 GMT-0000,2371.8120000000004,2371.3,0,0.0005
15.03.2017 08:23:05.847 GMT-0000,2371.815,2371.3,0,0.0005
15.03.2017 08:23:07.013 GMT-0000,2371.802,2371.3,0,0.0005
15.03.2017 08:23:07.267 GMT-0000,2371.805,2371.3,0,0.0005
15.03.2017 08:23:10.178 GMT-0000,2371.854,2371.3,0,0.0005
15.03.2017 08:23:10.675 GMT-0000,2371.857,2371.3,0,0.0005
15.03.2017 08:23:10.940 GMT-0000,2371.86,2371.3,0.0001,0.0005
15.03.2017 08:23:15.175 GMT-0000,2371.857,2371.3,0,0.0005
15.03.2017 08:23:16.161 GMT-0000,2371.86,2371.3,0.0001,0.0005
15.03.2017 08:23:20.293 GMT-0000,2371.8450000000003,2371.3,0,0.0005
15.03.2017 08:23:20.931 GMT-0000,2371.844,2371.3,0,0.0005
15.03.2017 08:23:21.382 GMT-0000,2371.805,2371.3,0,0.0005
15.03.2017 08:23:21.654 GMT-0000,2371.82,2371.3,0,0.0005
15.03.2017 08:23:25.254 GMT-0000,2371.834,2371.3,0,0.0005
15.03.2017 08:23:25.752 GMT-0000,2371.819,2371.3,0,0.0005
15.03.2017 08:23:30.213 GMT-0000,2371.86,2371.3,0.0001,0.0005
15.03.2017 08:23:30.748 GMT-0000,2371.731,2371.184,0.0001,0.0008
15.03.2017 08:23:30.799 GMT-0000,2371.86,2371.3,0.0001,0.0005
15.03.2017 08:23:30.851 GMT-0000,2371.73,2371.184,0.0001,0.0008
15.03.2017 08:23:30.902 GMT-0000,2371.73,2371.17,0.0001,0.0005
15.03.2017 08:23:34.076 GMT-0000,2371.738,2371.299,0,0.0005
15.03.2017 08:23:35.230 GMT-0000,2371.834,2371.299,0,0.0005
15.03.2017 08:23:37.211 GMT-0000,2371.8610000000003,2371.299,0.0001,0.0005
15.03.2017 08:23:39.651 GMT-0000,2371.857,2371.299,0,0.0005
15.03.2017 08:23:40.350 GMT-0000,2371.848,2371.299,0,0.0005
15.03.2017 08:23:41.747 GMT-0000,2371.8610000000003,2371.299,0.0001,0.0005
15.03.2017 08:23:46.724 GMT-0000,2371.856,2371.299,0,0.0005
15.03.2017 08:23:46.965 GMT-0000,2371.8610000000003,2371.299,0.001,0.0005
15.03.2017 08:23:55.461 GMT-0000,2371.843,2371.299,0,0.0005
15.03.2017 08:23:58.011 GMT-0000,2371.819,2371.299,0,0.0005
15.03.2017 08:23:58.839 GMT-0000,2371.834,2371.299,0,0.0005
15.03.2017 08:24:00.058 GMT-0000,2371.85,2371.299,0,0.0005
15.03.2017 08:24:00.370 GMT-0000,2371.844,2371.299,0,0.0005
15.03.2017 08:24:00.710 GMT-0000,2371.8610000000003,2371.299,0.0001,0.0005
15.03.2017 08:24:01.980 GMT-0000,2371.85,2371.299,0,0.0005
15.03.2017 08:24:04.231 GMT-0000,2371.849,2371.299,0,0.0005
15.03.2017 08:24:09.705 GMT-0000,2371.8610000000003,2371.299,0.001,0.0005
15.03.2017 08:24:21.857 GMT-0000,2371.883,2371.419,0,0.0005
15.03.2017 08:24:21.943 GMT-0000,2371.951,2371.419,0,0.0005
15.03.2017 08:24:26.492 GMT-0000,2371.9370000000004,2371.419,0,0.0005
15.03.2017 08:24:35.412 GMT-0000,2371.9629999999997,2371.419,0,0.0005
15.03.2017 08:24:35.696 GMT-0000,2371.9610000000002,2371.419,0,0.0005
15.03.2017 08:24:36.077 GMT-0000,2371.887,2371.419,0,0.0005
15.03.2017 08:24:37.277 GMT-0000,2371.975,2371.419,0,0.0005
15.03.2017 08:24:39.718 GMT-0000,2371.967,2371.419,0,0.0005
15.03.2017 08:24:40.168 GMT-0000,2371.975,2371.419,0,0.0005
15.03.2017 08:24:54.663 GMT-0000,2371.86,2371.3,0.0001,0.0005
15.03.2017 08:25:12.673 GMT-0000,2371.902,2371.549,0,0.0005
15.03.2017 08:25:15.485 GMT-0000,2372.081,2371.549,0,0.0005
15.03.2017 08:25:16.073 GMT-0000,2372.08,2371.549,0,0.0005
15.03.2017 08:25:16.995 GMT-0000,2371.981,2371.419,0.0001,0.0005
15.03.2017 08:25:17.046 GMT-0000,2371.86,2371.399,0.0001,0.0008
15.03.2017 08:25:17.096 GMT-0000,2371.86,2371.378,0.0001,0.0008
15.03.2017 08:25:19.501 GMT-0000,2371.843,2371.3,0,0.0005
15.03.2017 08:25:21.358 GMT-0000,2371.8579999999997,2371.3,0,0.0005
15.03.2017 08:25:24.696 GMT-0000,2371.86,2371.3,0.0001,0.0005
15.03.2017 08:25:35.550 GMT-0000,2371.827,2371.3,0,0.0005
15.03.2017 08:25:40.443 GMT-0000,2371.833,2371.3,0,0.0005
15.03.2017 08:25:41.242 GMT-0000,2371.78,2371.3,0,0.0005
15.03.2017 08:25:41.507 GMT-0000,2371.86,2371.3,0.0001,0.0005
15.03.2017 08:25:50.839 GMT-0000,2371.854,2371.3,0,0.0005
15.03.2017 08:25:52.077 GMT-0000,2371.842,2371.3,0,0.0005
15.03.2017 08:25:55.713 GMT-0000,2371.844,2371.3,0,0.0005
15.03.2017 08:25:55.953 GMT-0000,2371.857,2371.3,0,0.0005
15.03.2017 08:25:56.699 GMT-0000,2371.847,2371.3,0,0.0005
15.03.2017 08:26:00.050 GMT-0000,2371.834,2371.3,0,0.0005
15.03.2017 08:26:00.524 GMT-0000,2371.823,2371.3,0,0.0005
15.03.2017 08:26:01.037 GMT-0000,2371.731,2371.169,0.0001,0.0005
15.03.2017 08:26:01.399 GMT-0000,2371.7270000000003,2371.169,0,0.0005
15.03.2017 08:26:01.952 GMT-0000,2371.731,2371.169,0.0001,0.0005
15.03.2017 08:26:02.518 GMT-0000,2371.726,2371.169,0,0.0005
15.03.2017 08:26:04.639 GMT-0000,2371.6820000000002,2371.169,0,0.0005
15.03.2017 08:26:05.446 GMT-0000,2371.695,2371.169,0,0.0005
15.03.2017 08:26:06.416 GMT-0000,2371.6929999999998,2371.169,0,0.0005
15.03.2017 08:26:10.568 GMT-0000,2371.61,2371.05,0.0001,0.0005
15.03.2017 08:26:13.383 GMT-0000,2371.697,2371.17,0,0.0005
15.03.2017 08:26:14.643 GMT-0000,2371.658,2371.17,0,0.0005
15.03.2017 08:26:15.016 GMT-0000,2371.7920000000004,2371.299,0,0.0005
15.03.2017 08:26:15.296 GMT-0000,2371.795,2371.299,0,0.0005
15.03.2017 08:26:15.612 GMT-0000,2371.813,2371.299,0,0.0005
15.03.2017 08:26:15.941 GMT-0000,2371.731,2371.169,0.0001,0.0005
15.03.2017 08:26:16.334 GMT-0000,2371.712,2371.169,0,0.0005
15.03.2017 08:26:16.702 GMT-0000,2371.712,2371.299,0,0.0005
15.03.2017 08:26:16.933 GMT-0000,2371.794,2371.299,0,0.0005
15.03.2017 08:26:17.211 GMT-0000,2371.808,2371.299,0,0.0005
15.03.2017 08:26:20.274 GMT-0000,2371.827,2371.299,0,0.0005
15.03.2017 08:26:24.681 GMT-0000,2371.8179999999998,2371.299,0,0.0005
15.03.2017 08:26:25.583 GMT-0000,2371.831,2371.299,0,0.0005
15.03.2017 08:26:26.716 GMT-0000,2371.837,2371.299,0,0.0005
15.03.2017 08:26:27.474 GMT-0000,2371.831,2371.299,0,0.0005
15.03.2017 08:26:29.253 GMT-0000,2371.829,2371.299,0,0.0005
15.03.2017 08:26:32.024 GMT-0000,2371.821,2371.299,0,0.0005
15.03.2017 08:26:34.399 GMT-0000,2371.73,2371.17,0.0001,0.0005
15.03.2017 08:26:34.637 GMT-0000,2371.71,2371.17,0,0.0005
15.03.2017 08:26:45.247 GMT-0000,2371.672,2371.17,0,0.0005
15.03.2017 08:26:50.404 GMT-0000,2371.73,2371.17,0.0001,0.0005
15.03.2017 08:26:54.671 GMT-0000,2371.73,2371.204,0.0001,0.0008
15.03.2017 08:26:56.261 GMT-0000,2371.73,2371.195,0.0001,0.0008
15.03.2017 08:27:06.962 GMT-0000,2371.73,2371.222,0.0001,0.0008
15.03.2017 08:27:07.220 GMT-0000,2371.73,2371.204,0.0001,0.0008
15.03.2017 08:27:12.387 GMT-0000,2371.8610000000003,2371.299,0.0001,0.0005
15.03.2017 08:27:20.948 GMT-0000,2371.8579999999997,2371.299,0,0.0005
15.03.2017 08:27:30.624 GMT-0000,2371.731,2371.197,0.0001,0.0008
15.03.2017 08:27:30.762 GMT-0000,2371.731,2371.169,0.0001,0.0005
15.03.2017 08:27:31.051 GMT-0000,2371.668,2371.169,0,0.0005
15.03.2017 08:27:34.084 GMT-0000,2371.664,2371.169,0,0.0005
15.03.2017 08:27:35.474 GMT-0000,2371.6670000000004,2371.169,0,0.0005
15.03.2017 08:27:40.465 GMT-0000,2371.708,2371.169,0,0.0005
15.03.2017 08:27:40.788 GMT-0000,2371.69,2371.169,0,0.0005
15.03.2017 08:27:42.259 GMT-0000,2371.665,2371.169,0,0.0005
15.03.2017 08:27:45.595 GMT-0000,2371.705,2371.169,0,0.0005
15.03.2017 08:27:49.616 GMT-0000,2371.674,2371.169,0,0.0005
15.03.2017 08:28:01.096 GMT-0000,2371.61,2371.05,0.0001,0.0005
15.03.2017 08:28:01.511 GMT-0000,2371.598,2371.05,0,0.0005
15.03.2017 08:28:02.092 GMT-0000,2371.6020000000003,2371.05,0,0.0005
15.03.2017 08:28:05.204 GMT-0000,2371.61,2371.05,0.0001,0.0005
15.03.2017 08:28:06.382 GMT-0000,2371.648,2371.169,0,0.0005
15.03.2017 08:28:06.487 GMT-0000,2371.7200000000003,2371.169,0,0.0005
15.03.2017 08:28:06.755 GMT-0000,2371.646,2371.169,0,0.0005
15.03.2017 08:28:14.622 GMT-0000,2371.712,2371.169,0,0.0005
15.03.2017 08:28:18.826 GMT-0000,2371.729,2371.169,0,0.0005
15.03.2017 08:28:19.533 GMT-0000,2371.723,2371.169,0,0.0005
15.03.2017 08:28:21.840 GMT-0000,2371.716,2371.169,0,0.0005
15.03.2017 08:28:25.889 GMT-0000,2371.729,2371.169,0,0.0005
15.03.2017 08:28:30.069 GMT-0000,2371.724,2371.169,0,0.0005
15.03.2017 08:28:35.327 GMT-0000,2371.731,2371.169,0.0001,0.0005
15.03.2017 08:28:35.598 GMT-0000,2371.7270000000003,2371.169,0,0.0005
15.03.2017 08:28:39.816 GMT-0000,2371.723,2371.169,0,0.0005
15.03.2017 08:28:44.769 GMT-0000,2371.716,2371.169,0,0.0005
15.03.2017 08:28:45.230 GMT-0000,2371.731,2371.169,0.0001,0.0005
15.03.2017 08:28:47.044 GMT-0000,2371.723,2371.169,0,0.0005
15.03.2017 08:28:49.360 GMT-0000,2371.723,2371.3,0,0.0005
15.03.2017 08:28:50.334 GMT-0000,2371.757,2371.3,0,0.0005
15.03.2017 08:28:50.611 GMT-0000,2371.7760000000003,2371.3,0,0.0005
15.03.2017 08:28:51.782 GMT-0000,2371.78,2371.3,0,0.0005
15.03.2017 08:28:52.042 GMT-0000,2371.788,2371.3,0,0.0005
15.03.2017 08:28:54.679 GMT-0000,2371.86,2371.3,0.0001,0.0005
15.03.2017 08:29:40.982 GMT-0000,2371.851,2371.245,0.0001,0.0008
15.03.2017 08:29:41.416 GMT-0000,2371.851,2371.214,0.0001,0.0008
15.03.2017 08:29:42.024 GMT-0000,2371.851,2371.21,0.0001,0.0008
15.03.2017 08:29:44.134 GMT-0000,2371.86,2371.3,0.0001,0.0005
15.03.2017 08:29:51.165 GMT-0000,2371.8379999999997,2371.3,0,0.0005
15.03.2017 08:29:51.399 GMT-0000,2371.86,2371.3,0.0001,0.0005
15.03.2017 08:29:55.138 GMT-0000,2371.839,2371.3,0,0.0005
15.03.2017 08:29:55.650 GMT-0000,2371.8579999999997,2371.3,0,0.0005
15.03.2017 08:29:55.907 GMT-0000,2371.849,2371.3,0,0.0005
15.03.2017 08:29:57.218 GMT-0000,2371.8160000000003,2371.3,0,0.0005
15.03.2017 08:29:58.890 GMT-0000,2371.8360000000002,2371.3,0,0.0005
15.03.2017 08:29:59.849 GMT-0000,2371.8379999999997,2371.3,0,0.0005
15.03.2017 08:30:00.276 GMT-0000,2371.827,2371.3,0,0.0005
15.03.2017 08:30:02.178 GMT-0000,2371.828,2371.3,0,0.0005
15.03.2017 08:30:04.632 GMT-0000,2371.849,2371.3,0,0.0005
15.03.2017 08:30:09.785 GMT-0000,2371.86,2371.3,0.0001,0.0005
15.03.2017 08:30:10.606 GMT-0000,2371.846,2371.3,0,0.0005
15.03.2017 08:30:11.304 GMT-0000,2371.86,2371.3,0.0001,0.0005
15.03.2017 08:30:12.447 GMT-0000,2371.8579999999997,2371.3,0,0.0005
15.03.2017 08:30:14.685 GMT-0000,2371.859,2371.3,0,0.0005
15.03.2017 08:30:16.140 GMT-0000,2371.86,2371.3,0.0001,0.0005
15.03.2017 08:30:25.723 GMT-0000,2371.842,2371.3,0,0.0005
15.03.2017 08:30:26.258 GMT-0000,2371.831,2371.3,0,0.0005
15.03.2017 08:30:30.084 GMT-0000,2371.86,2371.3,0.0001,0.0005
15.03.2017 08:31:01.124 GMT-0000,2371.856,2371.3,0,0.0005
15.03.2017 08:31:03.905 GMT-0000,2371.841,2371.3,0,0.0005
15.03.2017 08:31:05.492 GMT-0000,2371.835,2371.3,0,0.0005
15.03.2017 08:31:05.909 GMT-0000,2371.851,2371.3,0,0.0005
15.03.2017 08:31:06.215 GMT-0000,2371.8579999999997,2371.3,0,0.0005
15.03.2017 08:31:06.488 GMT-0000,2371.86,2371.3,0.0001,0.0005
15.03.2017 08:31:13.449 GMT-0000,2371.935,2371.42,0,0.0005
15.03.2017 08:31:15.081 GMT-0000,2371.86,2371.3,0.0001,0.0005
15.03.2017 08:31:40.980 GMT-0000,2371.886,2371.42,0,0.0005
15.03.2017 08:31:41.201 GMT-0000,2371.98,2371.42,0.0001,0.0005
15.03.2017 08:31:41.571 GMT-0000,2371.9770000000003,2371.42,0,0.0005
15.03.2017 08:31:44.603 GMT-0000,2371.9320000000002,2371.42,0,0.0005
15.03.2017 08:31:49.985 GMT-0000,2371.9210000000003,2371.42,0,0.0005
15.03.2017 08:31:51.022 GMT-0000,2371.906,2371.42,0,0.0005
15.03.2017 08:31:51.824 GMT-0000,2371.925,2371.42,0,0.0005
15.03.2017 08:31:52.089 GMT-0000,2371.9210000000003,2371.42,0,0.0005
15.03.2017 08:32:00.056 GMT-0000,2371.952,2371.42,0,0.0005
15.03.2017 08:32:00.734 GMT-0000,2371.86,2371.3,0.0001,0.0005
15.03.2017 08:32:09.834 GMT-0000,2371.842,2371.3,0,0.0005
15.03.2017 08:32:15.664 GMT-0000,2371.86,2371.3,0.0001,0.0005
15.03.2017 08:32:24.839 GMT-0000,2371.9700000000003,2371.42,0,0.0005
15.03.2017 08:32:25.891 GMT-0000,2371.889,2371.42,0,0.0005
15.03.2017 08:32:26.305 GMT-0000,2371.882,2371.42,0,0.0005
15.03.2017 08:32:26.969 GMT-0000,2371.89,2371.42,0,0.0005
15.03.2017 08:32:30.604 GMT-0000,2371.898,2371.42,0,0.0005
15.03.2017 08:32:30.753 GMT-0000,2371.964,2371.42,0,0.0005
15.03.2017 08:32:35.425 GMT-0000,2371.96,2371.42,0,0.0005
15.03.2017 08:32:39.700 GMT-0000,2371.952,2371.42,0,0.0005
15.03.2017 08:32:41.279 GMT-0000,2371.929,2371.42,0,0.0005
15.03.2017 08:32:42.348 GMT-0000,2371.882,2371.42,0,0.0005
15.03.2017 08:32:46.910 GMT-0000,2371.96,2371.42,0,0.0005
15.03.2017 08:32:47.172 GMT-0000,2371.8810000000003,2371.42,0,0.0005
15.03.2017 08:32:58.885 GMT-0000,2371.952,2371.42,0,0.0005
15.03.2017 08:32:59.512 GMT-0000,2371.929,2371.42,0,0.0005
15.03.2017 08:32:59.980 GMT-0000,2371.942,2371.42,0,0.0005
15.03.2017 08:33:00.811 GMT-0000,2371.929,2371.42,0,0.0005
15.03.2017 08:33:01.883 GMT-0000,2371.945,2371.42,0,0.0005
15.03.2017 08:33:02.268 GMT-0000,2371.953,2371.42,0,0.0005
15.03.2017 08:33:05.494 GMT-0000,2371.926,2371.42,0,0.0005
15.03.2017 08:33:10.207 GMT-0000,2371.958,2371.42,0,0.0005
15.03.2017 08:33:11.152 GMT-0000,2371.9629999999997,2371.42,0,0.0005
15.03.2017 08:33:11.408 GMT-0000,2371.952,2371.42,0,0.0005
15.03.2017 08:33:16.540 GMT-0000,2371.952,2371.549,0,0.0005
15.03.2017 08:33:16.639 GMT-0000,2371.9860000000003,2371.549,0,0.0005
15.03.2017 08:33:18.248 GMT-0000,2371.981,2371.419,0.0001,0.0005
15.03.2017 08:33:19.996 GMT-0000,2371.948,2371.419,0,0.0005
15.03.2017 08:33:49.265 GMT-0000,2371.8610000000003,2371.299,0.0001,0.0005
15.03.2017 08:34:10.030 GMT-0000,2371.9410000000003,2371.42,0,0.0005
15.03.2017 08:34:10.203 GMT-0000,2371.966,2371.42,0,0.0005
15.03.2017 08:34:15.326 GMT-0000,2371.98,2371.42,0.0001,0.0005
15.03.2017 08:34:16.143 GMT-0000,2371.891,2371.42,0,0.0005
15.03.2017 08:34:19.315 GMT-0000,2371.899,2371.42,0,0.0005
15.03.2017 08:34:19.951 GMT-0000,2371.8920000000003,2371.42,0,0.0005
15.03.2017 08:34:21.313 GMT-0000,2371.947,2371.42,0,0.0005
15.03.2017 08:34:21.553 GMT-0000,2371.924,2371.42,0,0.0005
15.03.2017 08:34:24.641 GMT-0000,2371.927,2371.42,0,0.0005
15.03.2017 08:34:25.132 GMT-0000,2371.884,2371.42,0,0.0005
15.03.2017 08:34:26.370 GMT-0000,2371.887,2371.42,0,0.0005
15.03.2017 08:34:27.010 GMT-0000,2371.894,2371.42,0,0.0005
15.03.2017 08:34:28.849 GMT-0000,2371.889,2371.42,0,0.0005
15.03.2017 08:34:29.370 GMT-0000,2371.8920000000003,2371.42,0,0.0005
15.03.2017 08:34:29.946 GMT-0000,2371.899,2371.42,0,0.0005
15.03.2017 08:34:40.927 GMT-0000,2371.89,2371.216,0.0001,0.0008
15.03.2017 08:34:40.978 GMT-0000,2371.899,2371.369,0,0.0005
15.03.2017 08:34:41.028 GMT-0000,2371.9410000000003,2371.369,0.0001,0.0005
15.03.2017 08:34:47.435 GMT-0000,2372.014,2371.55,0,0.0005
15.03.2017 08:34:49.563 GMT-0000,2372.1079999999997,2371.55,0,0.0005
15.03.2017 08:34:49.842 GMT-0000,2372.11,2371.55,0.0001,0.0005
15.03.2017 08:34:50.857 GMT-0000,2372.097,2371.55,0,0.0005
15.03.2017 08:34:51.397 GMT-0000,2372.055,2371.55,0,0.0005
15.03.2017 08:34:55.955 GMT-0000,2372.0860000000002,2371.55,0,0.0005
15.03.2017 08:35:01.755 GMT-0000,2372.11,2371.55,0.0001,0.0005
15.03.2017 08:35:09.446 GMT-0000,2372.192,2371.67,0,0.0005
15.03.2017 08:35:09.816 GMT-0000,2372.143,2371.67,0,0.0005
15.03.2017 08:35:10.080 GMT-0000,2372.221,2371.67,0,0.0005
15.03.2017 08:35:12.025 GMT-0000,2372.223,2371.67,0,0.0005
15.03.2017 08:35:12.276 GMT-0000,2372.21,2371.67,0,0.0005
15.03.2017 08:35:14.636 GMT-0000,2372.216,2371.67,0,0.0005
15.03.2017 08:35:16.154 GMT-0000,2372.23,2371.67,0.0001,0.0005
15.03.2017 08:35:16.848 GMT-0000,2372.134,2371.67,0,0.0005
15.03.2017 08:35:17.197 GMT-0000,2372.1310000000003,2371.67,0,0.0005
15.03.2017 08:35:18.990 GMT-0000,2372.1110000000003,2371.549,0.0001,0.0005
15.03.2017 08:35:45.649 GMT-0000,2372.096,2371.549,0,0.0005
15.03.2017 08:35:46.059 GMT-0000,2372.099,2371.549,0,0.0005
15.03.2017 08:35:46.447 GMT-0000,2372.091,2371.549,0,0.0005
15.03.2017 08:35:46.883 GMT-0000,2372.1110000000003,2371.549,0.0001,0.0005
15.03.2017 08:35:47.153 GMT-0000,2372.092,2371.549,0,0.0005
15.03.2017 08:35:51.390 GMT-0000,2372.1110000000003,2371.549,0.0001,0.0005
15.03.2017 08:35:51.607 GMT-0000,2372.092,2371.549,0,0.0005
15.03.2017 08:35:55.477 GMT-0000,2371.981,2371.419,0.0001,0.0012
15.03.2017 08:35:56.111 GMT-0000,2371.981,2371.44,0.0001,0.0008
15.03.2017 08:35:56.438 GMT-0000,2371.981,2371.442,0.0001,0.0008
15.03.2017 08:35:56.784 GMT-0000,2372.1110000000003,2371.549,0.0001,0.0005
15.03.2017 08:36:10.032 GMT-0000,2372.11,2371.549,0,0.0005
15.03.2017 08:36:13.881 GMT-0000,2371.86,2371.429,0.0003,0.0008
15.03.2017 08:36:15.614 GMT-0000,2371.86,2371.3,0.0001,0.0005
15.03.2017 08:36:16.610 GMT-0000,2371.855,2371.3,0,0.0005
15.03.2017 08:36:19.470 GMT-0000,2371.819,2371.3,0,0.0005
15.03.2017 08:36:21.346 GMT-0000,2371.83,2371.3,0,0.0005
15.03.2017 08:36:24.867 GMT-0000,2371.786,2371.3,0,0.0005
15.03.2017 08:36:25.124 GMT-0000,2371.8070000000002,2371.3,0,0.0005
15.03.2017 08:36:25.382 GMT-0000,2371.827,2371.3,0,0.0005
15.03.2017 08:36:25.820 GMT-0000,2371.8379999999997,2371.3,0,0.0005
15.03.2017 08:36:27.644 GMT-0000,2371.8379999999997,2371.549,0,0.0005
15.03.2017 08:36:29.039 GMT-0000,2372.1110000000003,2371.549,0.0001,0.0005
15.03.2017 08:36:39.825 GMT-0000,2372.1110000000003,2371.626,0.0001,0.0008
15.03.2017 08:36:42.235 GMT-0000,2372.1110000000003,2371.639,0.0001,0.0008
15.03.2017 08:36:45.288 GMT-0000,2372.1110000000003,2371.627,0.0001,0.0008
15.03.2017 08:36:45.725 GMT-0000,2372.1110000000003,2371.549,0.0001,0.0005
15.03.2017 08:36:48.400 GMT-0000,2372.205,2371.669,0,0.0005
15.03.2017 08:36:49.988 GMT-0000,2372.275,2371.799,0,0.0005
15.03.2017 08:36:54.610 GMT-0000,2372.286,2371.799,0,0.0005
15.03.2017 08:36:55.093 GMT-0000,2372.306,2371.799,0,0.0005
15.03.2017 08:36:55.228 GMT-0000,2372.303,2371.799,0,0.0005
15.03.2017 08:36:57.108 GMT-0000,2372.28,2371.799,0,0.0005
15.03.2017 08:36:59.505 GMT-0000,2372.293,2371.799,0,0.0005
15.03.2017 08:37:00.458 GMT-0000,2372.288,2371.799,0,0.0005
15.03.2017 08:37:00.703 GMT-0000,2372.293,2371.799,0,0.0005
15.03.2017 08:37:01.574 GMT-0000,2372.285,2371.799,0,0.0005
15.03.2017 08:37:02.009 GMT-0000,2372.304,2371.799,0,0.0005
15.03.2017 08:37:04.583 GMT-0000,2372.275,2371.799,0,0.0005
15.03.2017 08:37:05.297 GMT-0000,2372.2720000000004,2371.799,0,0.0005
15.03.2017 08:37:09.735 GMT-0000,2372.2360000000003,2371.799,0,0.0005
15.03.2017 08:37:10.078 GMT-0000,2372.2400000000002,2371.799,0,0.0005
15.03.2017 08:37:10.317 GMT-0000,2372.228,2371.799,0,0.0005
15.03.2017 08:37:14.733 GMT-0000,2372.228,2371.669,0,0.0005
15.03.2017 08:37:14.838 GMT-0000,2372.2110000000002,2371.669,0,0.0005
15.03.2017 08:37:16.702 GMT-0000,2372.1110000000003,2371.549,0.0001,0.0005
15.03.2017 08:37:17.135 GMT-0000,2372.097,2371.549,0,0.0005
15.03.2017 08:37:19.322 GMT-0000,2372.109,2371.549,0,0.0005
15.03.2017 08:37:20.576 GMT-0000,2372.1110000000003,2371.549,0.0001,0.0005
15.03.2017 08:37:21.259 GMT-0000,2372.093,2371.549,0,0.0005
15.03.2017 08:37:25.373 GMT-0000,2372.107,2371.549,0,0.0005
15.03.2017 08:37:29.474 GMT-0000,2372.0820000000003,2371.549,0,0.0005
15.03.2017 08:37:30.376 GMT-0000,2372.0420000000004,2371.549,0,0.0005
15.03.2017 08:37:30.521 GMT-0000,2372.063,2371.549,0,0.0005
15.03.2017 08:37:32.048 GMT-0000,2372.044,2371.549,0,0.0005
15.03.2017 08:37:34.626 GMT-0000,2372.052,2371.549,0,0.0005
15.03.2017 08:37:34.894 GMT-0000,2372.074,2371.549,0,0.0005
15.03.2017 08:37:36.090 GMT-0000,2372.089,2371.549,0,0.0005
15.03.2017 08:37:39.631 GMT-0000,2372.09,2371.549,0,0.0005
15.03.2017 08:37:49.638 GMT-0000,2372.109,2371.549,0,0.0005
15.03.2017 08:37:56.659 GMT-0000,2372.109,2371.669,0,0.0005
15.03.2017 08:37:56.824 GMT-0000,2372.231,2371.669,0.0001,0.0005
15.03.2017 08:38:19.398 GMT-0000,2372.212,2371.669,0,0.0005
15.03.2017 08:38:21.762 GMT-0000,2372.231,2371.669,0.0001,0.0005
15.03.2017 08:38:22.022 GMT-0000,2372.204,2371.669,0,0.0005
15.03.2017 08:38:25.207 GMT-0000,2372.231,2371.669,0.0001,0.0005
15.03.2017 08:38:28.941 GMT-0000,2372.11,2371.579,0.0001,0.0008
15.03.2017 08:38:30.129 GMT-0000,2372.099,2371.55,0,0.0005
15.03.2017 08:38:30.392 GMT-0000,2372.1020000000003,2371.55,0,0.0005
15.03.2017 08:38:30.636 GMT-0000,2372.098,2371.55,0,0.0005
15.03.2017 08:38:31.216 GMT-0000,2372.089,2371.55,0,0.0005
15.03.2017 08:38:31.267 GMT-0000,2372.106,2371.55,0,0.0005
15.03.2017 08:38:32.183 GMT-0000,2372.107,2371.55,0,0.0005
15.03.2017 08:38:32.514 GMT-0000,2372.11,2371.55,0.0001,0.0005
15.03.2017 08:38:32.810 GMT-0000,2372.104,2371.55,0,0.0005
15.03.2017 08:38:36.334 GMT-0000,2372.11,2371.55,0.0001,0.0005
15.03.2017 08:38:39.028 GMT-0000,2372.11,2371.617,0.0001,0.0008
15.03.2017 08:38:39.418 GMT-0000,2372.11,2371.584,0.0001,0.0008
15.03.2017 08:38:40.023 GMT-0000,2372.11,2371.574,0.0001,0.0008
15.03.2017 08:38:45.255 GMT-0000,2372.11,2371.584,0.0001,0.0008
15.03.2017 08:38:46.071 GMT-0000,2372.11,2371.593,0.0001,0.0008
15.03.2017 08:38:47.071 GMT-0000,2372.11,2371.5860000000002,0.0001,0.0008
15.03.2017 08:38:49.535 GMT-0000,2372.11,2371.603,0.0001,0.0008
15.03.2017 08:38:50.069 GMT-0000,2372.11,2371.587,0.0001,0.0008
15.03.2017 08:38:55.476 GMT-0000,2372.11,2371.6079999999997,0.0001,0.0008
15.03.2017 08:38:58.851 GMT-0000,2372.11,2371.587,0.0001,0.0008
15.03.2017 08:39:00.171 GMT-0000,2372.268,2371.8,0,0.0005
15.03.2017 08:39:00.464 GMT-0000,2372.286,2371.8,0,0.0005
15.03.2017 08:39:04.778 GMT-0000,2372.271,2371.8,0,0.0005
15.03.2017 08:39:05.045 GMT-0000,2372.29,2371.8,0,0.0005
15.03.2017 08:39:06.176 GMT-0000,2372.298,2371.8,0,0.0005
15.03.2017 08:39:06.426 GMT-0000,2372.285,2371.8,0,0.0005
15.03.2017 08:39:06.808 GMT-0000,2372.278,2371.8,0,0.0005
15.03.2017 08:39:09.310 GMT-0000,2372.281,2371.8,0,0.0005
15.03.2017 08:39:09.757 GMT-0000,2372.2960000000003,2371.8,0,0.0005
15.03.2017 08:39:10.986 GMT-0000,2372.285,2371.8,0,0.0005
15.03.2017 08:39:14.889 GMT-0000,2372.286,2371.8,0,0.0005
15.03.2017 08:39:15.133 GMT-0000,2372.327,2371.8,0,0.0005
15.03.2017 08:39:15.432 GMT-0000,2372.305,2371.8,0,0.0005
15.03.2017 08:39:19.381 GMT-0000,2372.323,2371.8,0,0.0005
15.03.2017 08:39:22.411 GMT-0000,2372.339,2371.8,0,0.0005
15.03.2017 08:39:24.635 GMT-0000,2372.337,2371.8,0,0.0005
15.03.2017 08:39:29.140 GMT-0000,2372.23,2371.67,0.0001,0.0005
15.03.2017 08:39:30.107 GMT-0000,2372.252,2371.799,0,0.0005
15.03.2017 08:39:30.236 GMT-0000,2372.231,2371.669,0.0001,0.0005
15.03.2017 08:39:30.286 GMT-0000,2372.1110000000003,2371.589,0.0001,0.0008
15.03.2017 08:39:30.433 GMT-0000,2372.23,2371.67,0.0001,0.0005
15.03.2017 08:39:30.614 GMT-0000,2372.161,2371.8,0,0.0005
15.03.2017 08:39:30.686 GMT-0000,2372.161,2371.669,0,0.0005
15.03.2017 08:39:31.021 GMT-0000,2372.192,2371.669,0,0.0005
15.03.2017 08:39:31.113 GMT-0000,2372.192,2371.799,0,0.0005
15.03.2017 08:39:31.267 GMT-0000,2372.214,2371.799,0,0.0005
15.03.2017 08:39:31.524 GMT-0000,2372.248,2371.799,0,0.0005
15.03.2017 08:39:32.344 GMT-0000,2372.252,2371.799,0,0.0005
15.03.2017 08:39:34.823 GMT-0000,2372.245,2371.799,0,0.0005
15.03.2017 08:39:39.441 GMT-0000,2372.322,2371.799,0,0.0005
15.03.2017 08:39:44.973 GMT-0000,2372.3070000000002,2371.799,0,0.0005
15.03.2017 08:39:45.236 GMT-0000,2372.323,2371.799,0,0.0005
15.03.2017 08:39:56.045 GMT-0000,2372.317,2371.799,0,0.0005
15.03.2017 08:39:56.311 GMT-0000,2372.33,2371.799,0,0.0005
15.03.2017 08:40:00.524 GMT-0000,2372.283,2371.799,0,0.0005
15.03.2017 08:40:00.810 GMT-0000,2372.301,2371.799,0,0.0005
15.03.2017 08:40:05.440 GMT-0000,2372.309,2371.799,0,0.0005
15.03.2017 08:40:09.517 GMT-0000,2372.317,2371.799,0,0.0005
15.03.2017 08:40:15.541 GMT-0000,2372.32,2371.799,0,0.0005
15.03.2017 08:40:19.449 GMT-0000,2372.321,2371.799,0,0.0005
15.03.2017 08:40:22.362 GMT-0000,2372.329,2371.799,0,0.0005
15.03.2017 08:40:25.558 GMT-0000,2372.32,2371.799,0,0.0005
15.03.2017 08:40:26.781 GMT-0000,2372.331,2371.799,0,0.0005
15.03.2017 08:40:29.440 GMT-0000,2372.311,2371.799,0,0.0005
15.03.2017 08:40:31.543 GMT-0000,2372.315,2371.799,0,0.0005
15.03.2017 08:40:31.982 GMT-0000,2372.315,2371.644,0,0.0008
15.03.2017 08:40:32.033 GMT-0000,2372.315,2371.8,0,0.0005
15.03.2017 08:40:32.390 GMT-0000,2372.298,2371.8,0,0.0005
15.03.2017 08:40:32.665 GMT-0000,2372.306,2371.8,0,0.0005
15.03.2017 08:40:35.123 GMT-0000,2372.329,2371.8,0,0.0005
15.03.2017 08:40:42.166 GMT-0000,2372.327,2371.8,0,0.0005
15.03.2017 08:40:42.469 GMT-0000,2372.329,2371.8,0,0.0005
15.03.2017 08:40:44.978 GMT-0000,2372.341,2371.8,0,0.0005
15.03.2017 08:40:46.966 GMT-0000,2372.326,2371.8,0,0.0005
15.03.2017 08:40:54.515 GMT-0000,2372.346,2371.8,0,0.0005
15.03.2017 08:40:54.996 GMT-0000,2372.334,2371.8,0,0.0005
15.03.2017 08:41:00.144 GMT-0000,2372.348,2371.8,0,0.0005
15.03.2017 08:41:00.766 GMT-0000,2372.335,2371.8,0,0.0005
15.03.2017 08:41:04.672 GMT-0000,2372.344,2371.8,0,0.0005
15.03.2017 08:41:05.001 GMT-0000,2372.3360000000002,2371.8,0,0.0005
15.03.2017 08:41:05.274 GMT-0000,2372.354,2371.8,0,0.0005
15.03.2017 08:41:05.622 GMT-0000,2372.347,2371.8,0,0.0005
15.03.2017 08:41:06.465 GMT-0000,2372.357,2371.8,0,0.0005
15.03.2017 08:41:15.197 GMT-0000,2372.3579999999997,2371.8,0,0.0005
15.03.2017 08:41:16.102 GMT-0000,2372.355,2371.8,0,0.0005
15.03.2017 08:41:20.506 GMT-0000,2372.3379999999997,2371.8,0,0.0005
15.03.2017 08:41:21.887 GMT-0000,2372.3120000000004,2371.8,0,0.0005
15.03.2017 08:41:22.250 GMT-0000,2372.3379999999997,2371.8,0,0.0005
15.03.2017 08:41:25.416 GMT-0000,2372.3360000000002,2371.8,0,0.0005
15.03.2017 08:41:25.872 GMT-0000,2372.328,2371.8,0,0.0005
15.03.2017 08:41:35.469 GMT-0000,2372.326,2371.8,0,0.0005
15.03.2017 08:41:39.938 GMT-0000,2372.331,2371.8,0,0.0005
15.03.2017 08:41:41.045 GMT-0000,2372.322,2371.8,0,0.0005
15.03.2017 08:41:41.422 GMT-0000,2372.319,2371.8,0,0.0005
15.03.2017 08:41:45.731 GMT-0000,2372.3179999999998,2371.8,0,0.0005
15.03.2017 08:41:46.435 GMT-0000,2372.355,2371.8,0,0.0005
15.03.2017 08:41:46.670 GMT-0000,2372.337,2371.8,0,0.0005
15.03.2017 08:41:53.036 GMT-0000,2372.331,2371.8,0,0.0005
15.03.2017 08:41:55.160 GMT-0000,2372.317,2371.8,0,0.0005
15.03.2017 08:41:56.483 GMT-0000,2372.321,2371.8,0,0.0005
15.03.2017 08:41:59.955 GMT-0000,2372.3160000000003,2371.8,0,0.0005
15.03.2017 08:42:00.453 GMT-0000,2372.313,2371.8,0,0.0005
15.03.2017 08:42:00.704 GMT-0000,2372.32,2371.8,0,0.0005
15.03.2017 08:42:01.367 GMT-0000,2372.324,2371.8,0,0.0005
15.03.2017 08:42:06.862 GMT-0000,2372.304,2371.8,0,0.0005
15.03.2017 08:42:07.152 GMT-0000,2372.31,2371.8,0,0.0005
15.03.2017 08:42:08.807 GMT-0000,2372.313,2371.8,0,0.0005
15.03.2017 08:42:18.847 GMT-0000,2372.231,2371.669,0.0001,0.0005
15.03.2017 08:42:18.948 GMT-0000,2372.313,2371.8,0,0.0005
15.03.2017 08:42:20.173 GMT-0000,2372.311,2371.8,0,0.0005
15.03.2017 08:42:20.551 GMT-0000,2372.303,2371.8,0,0.0005
15.03.2017 08:42:21.188 GMT-0000,2372.304,2371.8,0,0.0005
15.03.2017 08:42:21.948 GMT-0000,2372.313,2371.8,0,0.0005
15.03.2017 08:42:22.236 GMT-0000,2372.281,2371.8,0,0.0005
15.03.2017 08:42:25.610 GMT-0000,2372.265,2371.8,0,0.0005
15.03.2017 08:42:26.052 GMT-0000,2372.2920000000004,2371.8,0,0.0005
15.03.2017 08:42:26.554 GMT-0000,2372.297,2371.8,0,0.0005
15.03.2017 08:42:27.016 GMT-0000,2372.286,2371.8,0,0.0005
15.03.2017 08:42:30.015 GMT-0000,2372.309,2371.8,0,0.0005
15.03.2017 08:42:30.338 GMT-0000,2372.302,2371.8,0,0.0005
15.03.2017 08:42:35.471 GMT-0000,2372.308,2371.8,0,0.0005
15.03.2017 08:42:40.470 GMT-0000,2372.326,2371.8,0,0.0005
15.03.2017 08:42:45.518 GMT-0000,2372.282,2371.8,0,0.0005
15.03.2017 08:42:49.198 GMT-0000,2372.286,2371.8,0,0.0005
15.03.2017 08:42:49.915 GMT-0000,2372.2920000000004,2371.8,0,0.0005
15.03.2017 08:42:50.369 GMT-0000,2372.314,2371.8,0,0.0005
15.03.2017 08:42:54.612 GMT-0000,2372.304,2371.8,0,0.0005
15.03.2017 08:42:55.315 GMT-0000,2372.286,2371.8,0,0.0005
15.03.2017 08:42:55.622 GMT-0000,2372.303,2371.8,0,0.0005
15.03.2017 08:42:55.897 GMT-0000,2372.291,2371.8,0,0.0005
15.03.2017 08:42:56.272 GMT-0000,2372.288,2371.8,0,0.0005
15.03.2017 08:42:59.466 GMT-0000,2372.293,2371.8,0,0.0005
15.03.2017 08:43:00.482 GMT-0000,2372.2960000000003,2371.8,0,0.0005
15.03.2017 08:43:01.415 GMT-0000,2372.313,2371.8,0,0.0005
15.03.2017 08:43:01.700 GMT-0000,2372.315,2371.8,0,0.0005
15.03.2017 08:43:02.045 GMT-0000,2372.311,2371.8,0,0.0005
15.03.2017 08:43:05.456 GMT-0000,2372.286,2371.8,0,0.0005
15.03.2017 08:43:06.235 GMT-0000,2372.302,2371.8,0,0.0005
15.03.2017 08:43:09.382 GMT-0000,2372.323,2371.8,0,0.0005
15.03.2017 08:43:11.164 GMT-0000,2372.321,2371.8,0,0.0005
15.03.2017 08:43:11.518 GMT-0000,2372.314,2371.8,0,0.0005
15.03.2017 08:43:21.260 GMT-0000,2372.319,2371.8,0,0.0005
15.03.2017 08:43:25.554 GMT-0000,2372.324,2371.8,0,0.0005
15.03.2017 08:43:30.401 GMT-0000,2372.321,2371.8,0,0.0005
15.03.2017 08:43:35.371 GMT-0000,2372.23,2371.67,0.0001,0.0005
15.03.2017 08:43:35.422 GMT-0000,2372.321,2371.799,0,0.0005
15.03.2017 08:43:35.741 GMT-0000,2372.3160000000003,2371.799,0,0.0005
15.03.2017 08:43:35.847 GMT-0000,2372.334,2371.799,0,0.0005
15.03.2017 08:43:36.951 GMT-0000,2372.34,2371.799,0,0.0005
15.03.2017 08:43:39.351 GMT-0000,2372.3320000000003,2371.799,0,0.0005
15.03.2017 08:43:40.299 GMT-0000,2372.344,2371.799,0,0.0005
15.03.2017 08:43:41.270 GMT-0000,2372.3379999999997,2371.799,0,0.0005
15.03.2017 08:43:45.540 GMT-0000,2372.351,2371.799,0,0.0005
15.03.2017 08:43:46.297 GMT-0000,2372.357,2371.799,0,0.0005
15.03.2017 08:43:50.072 GMT-0000,2372.335,2371.799,0,0.0005
15.03.2017 08:43:54.951 GMT-0000,2372.35,2371.799,0,0.0005
15.03.2017 08:43:56.742 GMT-0000,2372.355,2371.799,0,0.0005
15.03.2017 08:43:58.057 GMT-0000,2372.355,2371.92,0,0.0005
15.03.2017 08:43:59.871 GMT-0000,2372.48,2371.92,0.0001,0.0005
15.03.2017 08:44:01.786 GMT-0000,2372.464,2371.92,0,0.0005
15.03.2017 08:44:05.418 GMT-0000,2372.48,2371.92,0.0001,0.0005
15.03.2017 08:44:10.000 GMT-0000,2372.4610000000002,2371.92,0,0.0005
15.03.2017 08:44:11.835 GMT-0000,2372.48,2371.92,0.0001,0.0005
