Local time,Ask,Bid,AskVolume,BidVolume
29.07.2020 00:00:09.225 GMT+0200,3224.757,3224.3,0.0008,0.0022
29.07.2020 00:00:09.558 GMT+0200,3224.966,3224.3,0.003,0.0022
29.07.2020 00:00:10.713 GMT+0200,3225.245,3224.3,0.003,0.0026
29.07.2020 00:00:10.764 GMT+0200,3225.245,3224.543,0.0008,0.0026
29.07.2020 00:00:13.433 GMT+0200,3224.966,3224.543,0.0008,0.0022
29.07.2020 00:00:13.483 GMT+0200,3224.966,3224.2520000000004,0.003,0.0026
29.07.2020 00:00:13.972 GMT+0200,3224.757,3224.2520000000004,0.0008,0.0022
29.07.2020 00:00:14.023 GMT+0200,3224.757,3224.034,0.0008,0.0026
29.07.2020 00:00:14.437 GMT+0200,3224.8540000000003,3224.034,0.003,0.0026
29.07.2020 00:00:14.487 GMT+0200,3224.8540000000003,3224.2000000000003,0.0008,0.0022
29.07.2020 00:00:14.921 GMT+0200,3224.7540000000004,3224.2000000000003,0.0008,0.0022
29.07.2020 00:00:14.971 GMT+0200,3224.7540000000004,3224.1,0.003,0.0022
29.07.2020 00:00:15.085 GMT+0200,3224.657,3223.934,0.003,0.0026
29.07.2020 00:00:15.799 GMT+0200,3224.454,3223.934,0.0008,0.0022
29.07.2020 00:00:15.849 GMT+0200,3224.454,3223.7490000000003,0.003,0.0026
29.07.2020 00:00:15.959 GMT+0200,3224.454,3223.952,0.0008,0.0022
29.07.2020 00:00:16.010 GMT+0200,3224.657,3223.952,0.003,0.0026
29.07.2020 00:00:16.870 GMT+0200,3224.7540000000004,3224.043,0.0008,0.0026
29.07.2020 00:00:22.410 GMT+0200,3224.7540000000004,3224.255,0.0008,0.0022
29.07.2020 00:00:22.460 GMT+0200,3224.966,3224.255,0.003,0.0022
29.07.2020 00:00:24.133 GMT+0200,3224.757,3224.0370000000003,0.003,0.0026
29.07.2020 00:00:24.627 GMT+0200,3224.757,3224.1459999999997,0.0008,0.0022
29.07.2020 00:00:24.678 GMT+0200,3224.8540000000003,3224.1459999999997,0.0008,0.0026
29.07.2020 00:00:25.015 GMT+0200,3224.763,3224.1459999999997,0.0008,0.0022
29.07.2020 00:00:25.065 GMT+0200,3224.763,3224.0550000000003,0.0008,0.0022
29.07.2020 00:00:26.308 GMT+0200,3224.763,3223.7459999999996,0.003,0.0026
29.07.2020 00:00:26.358 GMT+0200,3224.451,3223.7459999999996,0.0008,0.0022
29.07.2020 00:00:29.415 GMT+0200,3224.66,3223.955,0.003,0.0022
29.07.2020 00:00:29.568 GMT+0200,3224.4570000000003,3223.955,0.0008,0.0022
29.07.2020 00:00:29.618 GMT+0200,3224.4570000000003,3223.8,0.003,0.0022
29.07.2020 00:00:32.716 GMT+0200,3224.66,3223.9429999999998,0.0008,0.0022
29.07.2020 00:00:33.221 GMT+0200,3224.66,3224.052,0.0008,0.0022
29.07.2020 00:00:33.271 GMT+0200,3224.7509999999997,3224.052,0.003,0.0022
29.07.2020 00:00:35.763 GMT+0200,3224.7509999999997,3224.2340000000004,0.0008,0.0022
29.07.2020 00:00:35.813 GMT+0200,3224.9570000000003,3224.2340000000004,0.003,0.0026
29.07.2020 00:00:39.194 GMT+0200,3224.9570000000003,3224.7340000000004,0.0008,0.0022
29.07.2020 00:00:39.244 GMT+0200,3225.4629999999997,3224.7340000000004,0.003,0.0026
29.07.2020 00:00:42.195 GMT+0200,3225.9570000000003,3224.7340000000004,0.003,0.0026
29.07.2020 00:00:42.245 GMT+0200,3225.9570000000003,3225.237,0.003,0.0026
29.07.2020 00:00:44.610 GMT+0200,3225.9570000000003,3225.5370000000003,0.0008,0.0022
29.07.2020 00:00:44.661 GMT+0200,3226.245,3225.5370000000003,0.0008,0.0026
29.07.2020 00:00:45.847 GMT+0200,3226.245,3225.255,0.003,0.0026
29.07.2020 00:00:45.897 GMT+0200,3225.954,3225.255,0.0008,0.0022
29.07.2020 00:00:46.168 GMT+0200,3226.257,3225.255,0.003,0.0026
29.07.2020 00:00:46.219 GMT+0200,3226.257,3225.6,0.003,0.0022
29.07.2020 00:00:47.076 GMT+0200,3226.257,3225.2490000000003,0.003,0.0026
29.07.2020 00:00:47.126 GMT+0200,3225.948,3225.2490000000003,0.003,0.0026
29.07.2020 00:00:52.230 GMT+0200,3225.948,3225.0490000000004,0.003,0.0026
29.07.2020 00:00:52.280 GMT+0200,3225.76,3225.0490000000004,0.003,0.0026
29.07.2020 00:00:53.439 GMT+0200,3225.76,3225.2340000000004,0.0008,0.0022
29.07.2020 00:00:53.490 GMT+0200,3225.966,3225.2340000000004,0.003,0.0026
29.07.2020 00:00:56.682 GMT+0200,3225.76,3225.2340000000004,0.0008,0.0022
29.07.2020 00:00:56.733 GMT+0200,3225.76,3225.046,0.003,0.0026
29.07.2020 00:01:00.584 GMT+0200,3225.857,3225.046,0.003,0.0026
29.07.2020 00:01:00.634 GMT+0200,3225.857,3225.155,0.003,0.0022
29.07.2020 00:01:00.778 GMT+0200,3225.7659999999996,3225.034,0.003,0.0026
29.07.2020 00:01:02.758 GMT+0200,3225.9629999999997,3225.2400000000002,0.003,0.0022
29.07.2020 00:01:11.615 GMT+0200,3225.745,3225.2400000000002,0.0008,0.0022
29.07.2020 00:01:11.665 GMT+0200,3225.745,3225.0490000000004,0.0008,0.0026
29.07.2020 00:01:12.054 GMT+0200,3225.745,3224.7459999999996,0.003,0.0026
29.07.2020 00:01:12.104 GMT+0200,3225.46,3224.7459999999996,0.003,0.0022
29.07.2020 00:01:26.291 GMT+0200,3225.46,3224.534,0.003,0.0026
29.07.2020 00:01:26.341 GMT+0200,3225.245,3224.534,0.0008,0.0026
29.07.2020 00:01:30.880 GMT+0200,3225.245,3224.7459999999996,0.0008,0.0022
29.07.2020 00:01:30.930 GMT+0200,3225.448,3224.7459999999996,0.0008,0.0026
29.07.2020 00:01:35.528 GMT+0200,3225.448,3224.54,0.003,0.0026
29.07.2020 00:01:35.578 GMT+0200,3225.263,3224.54,0.003,0.0026
29.07.2020 00:01:36.039 GMT+0200,3225.263,3224.643,0.0008,0.0022
29.07.2020 00:01:36.089 GMT+0200,3225.36,3224.643,0.0008,0.0026
29.07.2020 00:01:36.427 GMT+0200,3225.26,3224.552,0.003,0.0026
29.07.2020 00:01:37.087 GMT+0200,3225.363,3224.637,0.003,0.0026
29.07.2020 00:01:37.202 GMT+0200,3225.363,3224.5550000000003,0.003,0.0026
29.07.2020 00:01:37.253 GMT+0200,3225.248,3224.5550000000003,0.0008,0.0022
29.07.2020 00:01:40.904 GMT+0200,3225.248,3224.4370000000004,0.003,0.0026
29.07.2020 00:01:40.954 GMT+0200,3225.151,3224.4370000000004,0.003,0.0026
29.07.2020 00:01:42.038 GMT+0200,3225.26,3224.552,0.003,0.0026
29.07.2020 00:01:42.161 GMT+0200,3225.26,3224.44,0.003,0.0026
29.07.2020 00:01:42.211 GMT+0200,3225.151,3224.44,0.0008,0.0026
29.07.2020 00:01:43.285 GMT+0200,3225.151,3224.2340000000004,0.003,0.0026
29.07.2020 00:01:43.336 GMT+0200,3224.951,3224.2340000000004,0.0008,0.0026
29.07.2020 00:01:43.929 GMT+0200,3224.951,3224.1459999999997,0.003,0.0026
29.07.2020 00:01:43.979 GMT+0200,3224.8509999999997,3224.1459999999997,0.0008,0.0026
29.07.2020 00:01:44.091 GMT+0200,3224.8509999999997,3224.046,0.003,0.0026
29.07.2020 00:01:44.141 GMT+0200,3224.7659999999996,3224.046,0.003,0.0022
29.07.2020 00:01:45.505 GMT+0200,3224.454,3224.046,0.0008,0.0022
29.07.2020 00:01:45.556 GMT+0200,3224.454,3223.743,0.0008,0.0022
29.07.2020 00:01:50.141 GMT+0200,3224.454,3224.04,0.0008,0.0022
29.07.2020 00:01:50.191 GMT+0200,3224.7659999999996,3224.04,0.003,0.0026
29.07.2020 00:01:50.950 GMT+0200,3224.6659999999997,3223.955,0.003,0.0022
29.07.2020 00:01:51.470 GMT+0200,3224.6659999999997,3224.052,0.0008,0.0022
29.07.2020 00:01:51.520 GMT+0200,3224.745,3224.052,0.003,0.0022
29.07.2020 00:01:52.437 GMT+0200,3224.745,3223.7400000000002,0.003,0.0026
29.07.2020 00:01:52.487 GMT+0200,3224.445,3223.7400000000002,0.0008,0.0022
29.07.2020 00:01:52.760 GMT+0200,3224.445,3224.046,0.0008,0.0022
29.07.2020 00:01:52.810 GMT+0200,3224.76,3224.046,0.0008,0.0022
29.07.2020 00:01:53.286 GMT+0200,3224.76,3223.946,0.003,0.0026
29.07.2020 00:01:53.336 GMT+0200,3224.657,3223.946,0.003,0.0026
29.07.2020 00:01:53.446 GMT+0200,3224.657,3224.052,0.0008,0.0022
29.07.2020 00:01:53.497 GMT+0200,3224.745,3224.052,0.0008,0.0022
29.07.2020 00:01:53.988 GMT+0200,3224.745,3224.2340000000004,0.0008,0.0022
29.07.2020 00:01:54.039 GMT+0200,3224.96,3224.2340000000004,0.003,0.0026
29.07.2020 00:01:56.381 GMT+0200,3225.2509999999997,3224.2340000000004,0.003,0.0026
29.07.2020 00:01:56.431 GMT+0200,3225.2509999999997,3224.54,0.003,0.0026
29.07.2020 00:01:56.995 GMT+0200,3225.357,3224.54,0.003,0.0026
29.07.2020 00:01:57.045 GMT+0200,3225.357,3224.6459999999997,0.003,0.0022
29.07.2020 00:01:57.156 GMT+0200,3225.2000000000003,3224.6459999999997,0.0008,0.0022
29.07.2020 00:01:57.207 GMT+0200,3225.2000000000003,3224.546,0.003,0.0022
29.07.2020 00:01:59.057 GMT+0200,3225.2000000000003,3224.8,0.0008,0.0022
29.07.2020 00:01:59.107 GMT+0200,3225.466,3224.8,0.003,0.0022
29.07.2020 00:01:59.219 GMT+0200,3225.36,3224.8,0.0008,0.0022
29.07.2020 00:01:59.269 GMT+0200,3225.36,3224.64,0.003,0.0022
29.07.2020 00:01:59.379 GMT+0200,3225.36,3224.5490000000004,0.003,0.0026
29.07.2020 00:01:59.429 GMT+0200,3225.2659999999996,3224.5490000000004,0.003,0.0026
29.07.2020 00:01:59.939 GMT+0200,3225.2659999999996,3224.655,0.0008,0.0022
29.07.2020 00:01:59.990 GMT+0200,3225.3509999999997,3224.655,0.003,0.0026
29.07.2020 00:02:00.525 GMT+0200,3225.26,3224.54,0.003,0.0022
29.07.2020 00:02:11.455 GMT+0200,3225.26,3224.455,0.003,0.0026
29.07.2020 00:02:11.505 GMT+0200,3225.157,3224.455,0.0008,0.0022
29.07.2020 00:02:11.918 GMT+0200,3225.157,3224.6,0.0008,0.0022
29.07.2020 00:02:11.968 GMT+0200,3225.245,3224.6,0.0008,0.0022
29.07.2020 00:02:22.310 GMT+0200,3224.9570000000003,3224.2340000000004,0.0008,0.0026
29.07.2020 00:02:23.578 GMT+0200,3224.9570000000003,3224.552,0.0008,0.0022
29.07.2020 00:02:23.629 GMT+0200,3225.26,3224.552,0.003,0.0022
29.07.2020 00:02:26.446 GMT+0200,3225.26,3224.4429999999998,0.003,0.0026
29.07.2020 00:02:26.496 GMT+0200,3225.163,3224.4429999999998,0.003,0.0026
29.07.2020 00:02:26.865 GMT+0200,3225.163,3224.3,0.003,0.0026
29.07.2020 00:02:26.915 GMT+0200,3224.9,3224.3,0.0008,0.0022
29.07.2020 00:02:29.608 GMT+0200,3225.151,3224.3,0.003,0.0026
29.07.2020 00:02:29.658 GMT+0200,3225.151,3224.452,0.0008,0.0022
29.07.2020 00:02:30.285 GMT+0200,3225.151,3224.2459999999996,0.003,0.0026
29.07.2020 00:02:30.335 GMT+0200,3224.9629999999997,3224.2459999999996,0.003,0.0022
29.07.2020 00:02:30.605 GMT+0200,3224.9629999999997,3224.455,0.0008,0.0022
29.07.2020 00:02:30.656 GMT+0200,3225.1540000000005,3224.455,0.0008,0.0022
29.07.2020 00:02:31.276 GMT+0200,3225.1540000000005,3224.255,0.003,0.0026
29.07.2020 00:02:31.327 GMT+0200,3224.948,3224.255,0.0008,0.0026
29.07.2020 00:02:37.164 GMT+0200,3225.2509999999997,3224.6,0.003,0.0022
29.07.2020 00:02:37.680 GMT+0200,3225.163,3224.6,0.0008,0.0022
29.07.2020 00:02:37.730 GMT+0200,3225.163,3224.4490000000005,0.003,0.0022
29.07.2020 00:02:38.484 GMT+0200,3224.945,3224.2400000000002,0.0008,0.0026
29.07.2020 00:02:38.626 GMT+0200,3224.945,3224.434,0.0008,0.0022
29.07.2020 00:02:38.677 GMT+0200,3225.16,3224.434,0.003,0.0026
29.07.2020 00:02:39.293 GMT+0200,3225.16,3224.2459999999996,0.003,0.0026
29.07.2020 00:02:39.343 GMT+0200,3224.945,3224.2459999999996,0.0008,0.0022
29.07.2020 00:02:39.473 GMT+0200,3225.2000000000003,3224.6,0.0008,0.0026
29.07.2020 00:02:40.463 GMT+0200,3225.145,3224.44,0.003,0.0022
29.07.2020 00:02:42.550 GMT+0200,3225.145,3224.546,0.0008,0.0022
29.07.2020 00:02:42.600 GMT+0200,3225.2540000000004,3224.546,0.0008,0.0026
29.07.2020 00:02:44.224 GMT+0200,3224.966,3224.546,0.0008,0.0022
29.07.2020 00:02:44.275 GMT+0200,3224.966,3224.243,0.003,0.0022
29.07.2020 00:02:44.426 GMT+0200,3225.148,3224.434,0.0008,0.0026
29.07.2020 00:02:46.678 GMT+0200,3225.148,3224.6,0.0008,0.0022
29.07.2020 00:02:46.728 GMT+0200,3225.2000000000003,3224.6,0.0008,0.0022
29.07.2020 00:02:49.642 GMT+0200,3225.2000000000003,3224.4429999999998,0.003,0.0026
29.07.2020 00:02:49.693 GMT+0200,3225.1,3224.4429999999998,0.0008,0.0026
29.07.2020 00:02:49.804 GMT+0200,3225.1,3224.5550000000003,0.0008,0.0022
29.07.2020 00:02:49.854 GMT+0200,3225.245,3224.5550000000003,0.0008,0.0022
29.07.2020 00:02:50.140 GMT+0200,3224.966,3224.5550000000003,0.0008,0.0022
29.07.2020 00:02:50.190 GMT+0200,3224.966,3224.255,0.003,0.0022
29.07.2020 00:02:53.460 GMT+0200,3225.257,3224.255,0.003,0.0026
29.07.2020 00:02:53.510 GMT+0200,3225.257,3224.54,0.003,0.0026
29.07.2020 00:02:54.841 GMT+0200,3224.966,3224.54,0.0008,0.0022
29.07.2020 00:02:54.892 GMT+0200,3224.966,3224.2490000000003,0.003,0.0022
29.07.2020 00:02:55.003 GMT+0200,3225.151,3224.2490000000003,0.003,0.0026
29.07.2020 00:02:55.054 GMT+0200,3225.151,3224.44,0.003,0.0022
29.07.2020 00:02:55.166 GMT+0200,3225.151,3224.5490000000004,0.0008,0.0022
29.07.2020 00:02:55.217 GMT+0200,3225.263,3224.5490000000004,0.003,0.0022
29.07.2020 00:03:05.423 GMT+0200,3225.263,3224.6340000000005,0.0008,0.0022
29.07.2020 00:03:05.474 GMT+0200,3225.363,3224.6340000000005,0.003,0.0026
29.07.2020 00:03:05.964 GMT+0200,3225.363,3224.5490000000004,0.003,0.0026
29.07.2020 00:03:06.014 GMT+0200,3225.26,3224.5490000000004,0.003,0.0026
29.07.2020 00:03:22.725 GMT+0200,3225.46,3224.7400000000002,0.003,0.0026
29.07.2020 00:03:23.642 GMT+0200,3225.46,3225.0490000000004,0.0008,0.0022
29.07.2020 00:03:23.692 GMT+0200,3225.76,3225.0490000000004,0.003,0.0022
29.07.2020 00:03:27.487 GMT+0200,3225.76,3225.137,0.0008,0.0022
29.07.2020 00:03:27.537 GMT+0200,3225.866,3225.137,0.003,0.0026
29.07.2020 00:03:27.677 GMT+0200,3225.7000000000003,3225.034,0.003,0.0026
29.07.2020 00:03:28.159 GMT+0200,3225.7000000000003,3224.94,0.003,0.0026
29.07.2020 00:03:28.210 GMT+0200,3225.651,3224.94,0.0008,0.0026
29.07.2020 00:03:28.338 GMT+0200,3225.451,3224.7340000000004,0.0008,0.0026
29.07.2020 00:03:31.653 GMT+0200,3225.451,3224.6,0.003,0.0026
29.07.2020 00:03:31.704 GMT+0200,3225.263,3224.6,0.003,0.0022
29.07.2020 00:03:34.855 GMT+0200,3225.263,3224.7400000000002,0.0008,0.0022
29.07.2020 00:03:34.905 GMT+0200,3225.4629999999997,3224.7400000000002,0.003,0.0026
29.07.2020 00:03:35.339 GMT+0200,3225.4629999999997,3224.6459999999997,0.003,0.0026
29.07.2020 00:03:35.389 GMT+0200,3225.366,3224.6459999999997,0.003,0.0026
29.07.2020 00:03:35.495 GMT+0200,3225.366,3224.7490000000003,0.0008,0.0022
29.07.2020 00:03:35.546 GMT+0200,3225.445,3224.7490000000003,0.003,0.0026
29.07.2020 00:03:39.235 GMT+0200,3225.357,3224.7000000000003,0.003,0.0022
29.07.2020 00:03:39.385 GMT+0200,3225.357,3224.737,0.0008,0.0022
29.07.2020 00:03:39.436 GMT+0200,3225.4,3224.737,0.0008,0.0026
29.07.2020 00:03:42.813 GMT+0200,3225.4,3224.652,0.003,0.0026
29.07.2020 00:03:42.864 GMT+0200,3225.357,3224.652,0.0008,0.0022
29.07.2020 00:03:42.975 GMT+0200,3225.357,3224.7520000000004,0.0008,0.0022
29.07.2020 00:03:43.026 GMT+0200,3225.4629999999997,3224.7520000000004,0.0008,0.0022
29.07.2020 00:03:59.698 GMT+0200,3225.757,3225.0490000000004,0.003,0.0026
29.07.2020 00:04:03.068 GMT+0200,3225.757,3224.934,0.003,0.0026
29.07.2020 00:04:03.119 GMT+0200,3225.66,3224.934,0.003,0.0026
29.07.2020 00:04:03.710 GMT+0200,3225.66,3225.04,0.0008,0.0022
29.07.2020 00:04:03.761 GMT+0200,3225.76,3225.04,0.003,0.0022
29.07.2020 00:04:08.452 GMT+0200,3225.6,3225.04,0.0008,0.0022
29.07.2020 00:04:08.503 GMT+0200,3225.6,3224.94,0.0008,0.0026
29.07.2020 00:04:08.860 GMT+0200,3225.6,3225.0370000000003,0.0008,0.0022
29.07.2020 00:04:08.911 GMT+0200,3225.763,3225.0370000000003,0.003,0.0026
29.07.2020 00:04:09.551 GMT+0200,3225.763,3225,0.003,0.0026
29.07.2020 00:04:09.602 GMT+0200,3225.645,3225,0.0008,0.0022
29.07.2020 00:04:09.872 GMT+0200,3225.645,3224.8,0.003,0.0026
29.07.2020 00:04:09.923 GMT+0200,3225.448,3224.8,0.0008,0.0022
29.07.2020 00:04:14.582 GMT+0200,3225.448,3224.543,0.003,0.0026
29.07.2020 00:04:14.632 GMT+0200,3225.2659999999996,3224.543,0.003,0.0022
29.07.2020 00:04:15.214 GMT+0200,3225.3540000000003,3224.652,0.0008,0.0026
29.07.2020 00:04:15.348 GMT+0200,3225.3540000000003,3224.755,0.0008,0.0022
29.07.2020 00:04:15.398 GMT+0200,3225.454,3224.755,0.003,0.0022
29.07.2020 00:04:15.755 GMT+0200,3225.454,3224.6490000000003,0.003,0.0026
29.07.2020 00:04:15.805 GMT+0200,3225.348,3224.6490000000003,0.0008,0.0026
29.07.2020 00:04:16.706 GMT+0200,3225.348,3224.755,0.0008,0.0022
29.07.2020 00:04:16.757 GMT+0200,3225.454,3224.755,0.0008,0.0022
29.07.2020 00:04:25.780 GMT+0200,3225.36,3224.637,0.003,0.0026
29.07.2020 00:04:25.923 GMT+0200,3225.36,3224.54,0.003,0.0026
29.07.2020 00:04:25.973 GMT+0200,3225.248,3224.54,0.0008,0.0026
29.07.2020 00:04:33.733 GMT+0200,3225.4629999999997,3224.54,0.003,0.0026
29.07.2020 00:04:33.783 GMT+0200,3225.4629999999997,3224.743,0.003,0.0026
29.07.2020 00:04:36.720 GMT+0200,3225.4629999999997,3225.0370000000003,0.0008,0.0022
29.07.2020 00:04:36.771 GMT+0200,3225.745,3225.0370000000003,0.0008,0.0026
29.07.2020 00:04:40.689 GMT+0200,3225.951,3225.0370000000003,0.003,0.0026
29.07.2020 00:04:40.740 GMT+0200,3225.951,3225.255,0.003,0.0026
29.07.2020 00:04:47.648 GMT+0200,3225.951,3225.04,0.003,0.0026
29.07.2020 00:04:47.698 GMT+0200,3225.763,3225.04,0.003,0.0026
29.07.2020 00:04:53.570 GMT+0200,3225.763,3224.7490000000003,0.003,0.0026
29.07.2020 00:04:53.621 GMT+0200,3225.445,3224.7490000000003,0.0008,0.0026
29.07.2020 00:04:56.809 GMT+0200,3225.757,3225.1,0.003,0.0022
29.07.2020 00:05:00.781 GMT+0200,3225.657,3225.1,0.0008,0.0022
29.07.2020 00:05:00.831 GMT+0200,3225.657,3224.952,0.003,0.0022
29.07.2020 00:05:00.943 GMT+0200,3225.948,3224.952,0.003,0.0026
29.07.2020 00:05:00.993 GMT+0200,3225.948,3225.2490000000003,0.0008,0.0026
29.07.2020 00:05:01.975 GMT+0200,3225.7000000000003,3225.2490000000003,0.0008,0.0022
29.07.2020 00:05:02.025 GMT+0200,3225.7000000000003,3225.0490000000004,0.0008,0.0026
29.07.2020 00:05:18.923 GMT+0200,3225.945,3225.237,0.0008,0.0026
29.07.2020 00:05:19.982 GMT+0200,3225.745,3225.237,0.0008,0.0022
29.07.2020 00:05:20.033 GMT+0200,3225.745,3225.052,0.0008,0.0022
29.07.2020 00:05:48.200 GMT+0200,3225.745,3225.54,0.0008,0.0022
29.07.2020 00:05:48.251 GMT+0200,3226.245,3225.54,0.0008,0.0026
29.07.2020 00:05:50.191 GMT+0200,3226.245,3225.737,0.0008,0.0022
29.07.2020 00:05:50.241 GMT+0200,3226.445,3225.737,0.0008,0.0026
29.07.2020 00:05:53.502 GMT+0200,3226.954,3225.737,0.003,0.0026
29.07.2020 00:05:53.553 GMT+0200,3226.954,3226.2520000000004,0.003,0.0022
29.07.2020 00:06:02.624 GMT+0200,3226.954,3226.2340000000004,0.0008,0.0004
29.07.2020 00:06:02.675 GMT+0200,3225.763,3225.0550000000003,0.003,0.0022
29.07.2020 00:06:02.794 GMT+0200,3226.2000000000003,3225.552,0.0008,0.0026
29.07.2020 00:06:02.845 GMT+0200,3225.954,3225.2340000000004,0.003,0.0026
29.07.2020 00:06:08.061 GMT+0200,3225.954,3225.6,0.0008,0.0022
29.07.2020 00:06:08.111 GMT+0200,3226.26,3225.6,0.003,0.0022
29.07.2020 00:06:11.103 GMT+0200,3225.951,3225.6,0.0008,0.0022
29.07.2020 00:06:11.153 GMT+0200,3225.951,3225.255,0.0008,0.0022
29.07.2020 00:06:41.306 GMT+0200,3225.748,3225.255,0.0008,0.0022
29.07.2020 00:06:41.357 GMT+0200,3225.748,3225.0370000000003,0.0008,0.0022
29.07.2020 00:06:49.560 GMT+0200,3225.448,3225.0370000000003,0.0008,0.0022
29.07.2020 00:06:49.610 GMT+0200,3225.448,3224.7340000000004,0.0008,0.0026
29.07.2020 00:07:01.019 GMT+0200,3225.448,3225.0550000000003,0.0008,0.0022
29.07.2020 00:07:01.069 GMT+0200,3225.7000000000003,3225.0550000000003,0.003,0.0022
29.07.2020 00:07:01.926 GMT+0200,3225.451,3224.743,0.003,0.0026
29.07.2020 00:07:08.198 GMT+0200,3225.2659999999996,3224.6,0.003,0.0022
29.07.2020 00:07:10.666 GMT+0200,3225.2659999999996,3224.2400000000002,0.003,0.0026
29.07.2020 00:07:10.717 GMT+0200,3224.954,3224.2400000000002,0.003,0.0022
29.07.2020 00:07:25.795 GMT+0200,3224.954,3224.0490000000004,0.003,0.0026
29.07.2020 00:07:25.845 GMT+0200,3224.745,3224.0490000000004,0.0008,0.0026
29.07.2020 00:07:27.885 GMT+0200,3224.945,3224.0490000000004,0.003,0.0026
29.07.2020 00:07:27.936 GMT+0200,3224.945,3224.2490000000003,0.0008,0.0022
29.07.2020 00:07:40.933 GMT+0200,3224.945,3224.5490000000004,0.0008,0.0022
29.07.2020 00:07:40.984 GMT+0200,3225.2540000000004,3224.5490000000004,0.003,0.0022
29.07.2020 00:08:26.189 GMT+0200,3225.157,3224.5490000000004,0.0008,0.0022
29.07.2020 00:08:26.239 GMT+0200,3225.157,3224.44,0.003,0.0026
29.07.2020 00:08:26.847 GMT+0200,3225.157,3224.5550000000003,0.0008,0.0022
29.07.2020 00:08:26.897 GMT+0200,3225.248,3224.5550000000003,0.0008,0.0022
29.07.2020 00:08:27.327 GMT+0200,3225.248,3224.434,0.003,0.0026
29.07.2020 00:08:27.377 GMT+0200,3225.163,3224.434,0.003,0.0026
29.07.2020 00:08:29.118 GMT+0200,3225.163,3224.2520000000004,0.003,0.0026
29.07.2020 00:08:29.169 GMT+0200,3224.954,3224.2520000000004,0.003,0.0022
29.07.2020 00:09:01.976 GMT+0200,3224.7000000000003,3224.2520000000004,0.0008,0.0022
29.07.2020 00:09:02.027 GMT+0200,3224.7000000000003,3224.052,0.0008,0.0022
29.07.2020 00:09:29.413 GMT+0200,3224.7000000000003,3224.3,0.0008,0.0022
29.07.2020 00:09:29.463 GMT+0200,3224.966,3224.3,0.003,0.0022
29.07.2020 00:09:35.228 GMT+0200,3224.966,3224.046,0.003,0.0026
29.07.2020 00:09:35.278 GMT+0200,3224.76,3224.046,0.003,0.0022
29.07.2020 00:10:38.822 GMT+0200,3224.96,3224.046,0.003,0.0026
29.07.2020 00:10:38.872 GMT+0200,3224.96,3224.2340000000004,0.003,0.0026
29.07.2020 00:10:53.457 GMT+0200,3224.7540000000004,3224.2340000000004,0.0008,0.0022
29.07.2020 00:10:53.508 GMT+0200,3224.7540000000004,3224.052,0.0008,0.0026
29.07.2020 00:11:13.088 GMT+0200,3224.454,3224.052,0.0008,0.0022
29.07.2020 00:11:13.151 GMT+0200,3224.454,3223.7520000000004,0.0008,0.0022
29.07.2020 00:11:51.879 GMT+0200,3224.2540000000004,3223.7520000000004,0.0008,0.0022
29.07.2020 00:11:51.930 GMT+0200,3224.2540000000004,3223.5370000000003,0.003,0.0026
29.07.2020 00:12:05.643 GMT+0200,3224.4,3223.7520000000004,0.0008,0.0022
29.07.2020 00:12:17.012 GMT+0200,3224.4,3223.534,0.003,0.0026
29.07.2020 00:12:17.062 GMT+0200,3224.248,3223.534,0.003,0.0026
29.07.2020 00:12:42.991 GMT+0200,3224.4570000000003,3223.534,0.003,0.0026
29.07.2020 00:12:43.041 GMT+0200,3224.4570000000003,3223.755,0.003,0.0026
29.07.2020 00:12:48.109 GMT+0200,3224.3540000000003,3223.755,0.0008,0.0022
29.07.2020 00:12:48.159 GMT+0200,3224.3540000000003,3223.6459999999997,0.0008,0.0022
29.07.2020 00:12:48.424 GMT+0200,3224.2509999999997,3223.6459999999997,0.0008,0.0022
29.07.2020 00:12:48.474 GMT+0200,3224.2509999999997,3223.5550000000003,0.003,0.0022
29.07.2020 00:13:18.771 GMT+0200,3224.451,3223.5550000000003,0.003,0.0026
29.07.2020 00:13:18.822 GMT+0200,3224.451,3223.7340000000004,0.0008,0.0026
29.07.2020 00:13:22.652 GMT+0200,3224.451,3223.534,0.003,0.0026
29.07.2020 00:13:22.703 GMT+0200,3224.2000000000003,3223.534,0.0008,0.0026
29.07.2020 00:13:24.122 GMT+0200,3224.2000000000003,3223.6490000000003,0.0008,0.0022
29.07.2020 00:13:24.173 GMT+0200,3224.3540000000003,3223.6490000000003,0.0008,0.0026
29.07.2020 00:13:25.725 GMT+0200,3224.4570000000003,3223.6490000000003,0.003,0.0026
29.07.2020 00:13:25.776 GMT+0200,3224.4570000000003,3223.7400000000002,0.0008,0.0026
29.07.2020 00:13:27.045 GMT+0200,3224.2509999999997,3223.7400000000002,0.0008,0.0022
29.07.2020 00:13:27.096 GMT+0200,3224.2509999999997,3223.6,0.0008,0.0022
29.07.2020 00:14:04.168 GMT+0200,3224.448,3223.6,0.003,0.0026
29.07.2020 00:14:04.218 GMT+0200,3224.448,3223.7520000000004,0.003,0.0022
29.07.2020 00:14:17.360 GMT+0200,3224.763,3224.0490000000004,0.003,0.0026
29.07.2020 00:14:19.911 GMT+0200,3224.954,3224.0490000000004,0.003,0.0026
29.07.2020 00:14:19.961 GMT+0200,3224.954,3224.2520000000004,0.0008,0.0022
29.07.2020 00:14:23.068 GMT+0200,3224.7540000000004,3224.2520000000004,0.0008,0.0022
29.07.2020 00:14:23.119 GMT+0200,3224.7540000000004,3224.046,0.003,0.0026
29.07.2020 00:15:02.798 GMT+0200,3224.945,3224.046,0.003,0.0026
29.07.2020 00:15:02.848 GMT+0200,3224.945,3224.2520000000004,0.0008,0.0022
29.07.2020 00:15:03.355 GMT+0200,3225.248,3224.2520000000004,0.003,0.0026
29.07.2020 00:15:03.405 GMT+0200,3225.248,3224.6,0.0008,0.0022
29.07.2020 00:15:04.146 GMT+0200,3225.4,3224.7400000000002,0.0008,0.0022
29.07.2020 00:15:24.060 GMT+0200,3225.2540000000004,3224.7400000000002,0.0008,0.0022
29.07.2020 00:15:24.110 GMT+0200,3225.2540000000004,3224.5550000000003,0.0008,0.0022
29.07.2020 00:16:10.154 GMT+0200,3225.46,3224.5550000000003,0.003,0.0026
29.07.2020 00:16:10.205 GMT+0200,3225.46,3224.737,0.003,0.0026
29.07.2020 00:16:31.113 GMT+0200,3225.26,3224.737,0.0008,0.0022
29.07.2020 00:16:31.164 GMT+0200,3225.26,3224.552,0.003,0.0022
29.07.2020 00:16:44.678 GMT+0200,3225.26,3224.6340000000005,0.0008,0.0022
29.07.2020 00:16:44.728 GMT+0200,3225.36,3224.6340000000005,0.003,0.0026
29.07.2020 00:16:44.987 GMT+0200,3225.4570000000003,3224.6340000000005,0.003,0.0026
29.07.2020 00:16:45.037 GMT+0200,3225.4570000000003,3224.8,0.003,0.0022
29.07.2020 00:16:45.569 GMT+0200,3225.2509999999997,3224.54,0.003,0.0026
29.07.2020 00:18:14.044 GMT+0200,3225.466,3224.755,0.003,0.0022
29.07.2020 00:19:56.288 GMT+0200,3225.76,3224.755,0.003,0.0026
29.07.2020 00:19:56.338 GMT+0200,3225.76,3225.04,0.003,0.0026
29.07.2020 00:20:27.921 GMT+0200,3225.76,3225.1340000000005,0.0008,0.0022
29.07.2020 00:20:27.971 GMT+0200,3225.866,3225.1340000000005,0.003,0.0026
29.07.2020 00:20:28.293 GMT+0200,3225.866,3225.0490000000004,0.003,0.0026
29.07.2020 00:20:28.343 GMT+0200,3225.7540000000004,3225.0490000000004,0.0008,0.0022
29.07.2020 00:21:01.833 GMT+0200,3225.454,3225.0490000000004,0.0008,0.0022
29.07.2020 00:21:01.883 GMT+0200,3225.454,3224.755,0.0008,0.0022
29.07.2020 00:21:04.502 GMT+0200,3225.454,3225.04,0.0008,0.0022
29.07.2020 00:21:04.552 GMT+0200,3225.7000000000003,3225.04,0.0008,0.0026
29.07.2020 00:21:10.318 GMT+0200,3225.448,3225.04,0.0008,0.0022
29.07.2020 00:21:10.368 GMT+0200,3225.448,3224.8,0.0008,0.0022
29.07.2020 00:21:25.002 GMT+0200,3225.2000000000003,3224.8,0.0008,0.0022
29.07.2020 00:21:25.052 GMT+0200,3225.2000000000003,3224.5550000000003,0.0008,0.0022
29.07.2020 00:21:40.267 GMT+0200,3225.2000000000003,3224.243,0.003,0.0026
29.07.2020 00:21:40.317 GMT+0200,3224.9570000000003,3224.243,0.003,0.0026
29.07.2020 00:21:42.085 GMT+0200,3225.245,3224.243,0.003,0.0026
29.07.2020 00:21:42.136 GMT+0200,3225.245,3224.6,0.0008,0.0022
29.07.2020 00:22:51.537 GMT+0200,3224.9629999999997,3224.6,0.0008,0.0022
29.07.2020 00:22:51.587 GMT+0200,3224.9629999999997,3224.237,0.003,0.0026
29.07.2020 00:24:48.303 GMT+0200,3224.76,3224.237,0.0008,0.0022
29.07.2020 00:24:48.353 GMT+0200,3224.76,3224.04,0.003,0.0022
29.07.2020 00:24:50.658 GMT+0200,3224.9629999999997,3224.04,0.003,0.0026
29.07.2020 00:24:50.709 GMT+0200,3224.9629999999997,3224.255,0.003,0.0026
29.07.2020 00:25:13.426 GMT+0200,3224.745,3224.255,0.0008,0.0022
29.07.2020 00:25:13.476 GMT+0200,3224.745,3224.052,0.0008,0.0022
29.07.2020 00:26:37.278 GMT+0200,3224.745,3223.7340000000004,0.003,0.0026
29.07.2020 00:26:37.329 GMT+0200,3224.4629999999997,3223.7340000000004,0.003,0.0026
29.07.2020 00:27:20.156 GMT+0200,3224.4629999999997,3223.5550000000003,0.003,0.0026
29.07.2020 00:27:20.206 GMT+0200,3224.2659999999996,3223.5550000000003,0.003,0.0022
29.07.2020 00:28:22.823 GMT+0200,3223.966,3223.5550000000003,0.0008,0.0022
29.07.2020 00:28:22.873 GMT+0200,3223.966,3223.243,0.003,0.0022
29.07.2020 00:29:01.314 GMT+0200,3223.7659999999996,3223.243,0.0008,0.0022
29.07.2020 00:29:01.364 GMT+0200,3223.7659999999996,3223.043,0.003,0.0022
29.07.2020 00:29:16.571 GMT+0200,3223.7659999999996,3222.5490000000004,0.003,0.0026
29.07.2020 00:29:16.621 GMT+0200,3223.2659999999996,3222.5490000000004,0.003,0.0022
29.07.2020 00:29:21.900 GMT+0200,3222.951,3222.5490000000004,0.0008,0.0022
29.07.2020 00:29:21.950 GMT+0200,3222.951,3222.2400000000002,0.0008,0.0026
29.07.2020 00:29:32.301 GMT+0200,3222.763,3222.2400000000002,0.0008,0.0022
29.07.2020 00:29:32.351 GMT+0200,3222.763,3222.043,0.003,0.0026
29.07.2020 00:29:32.623 GMT+0200,3222.966,3222.043,0.003,0.0026
29.07.2020 00:29:32.673 GMT+0200,3222.966,3222.2459999999996,0.003,0.0026
29.07.2020 00:29:41.168 GMT+0200,3223.2509999999997,3222.2459999999996,0.003,0.0026
29.07.2020 00:29:41.219 GMT+0200,3223.2509999999997,3222.546,0.003,0.0022
29.07.2020 00:29:55.068 GMT+0200,3223.448,3222.546,0.003,0.0026
29.07.2020 00:29:55.118 GMT+0200,3223.448,3222.8,0.0008,0.0022
29.07.2020 00:29:59.664 GMT+0200,3223.263,3222.8,0.0008,0.0022
29.07.2020 00:29:59.714 GMT+0200,3223.263,3222.5490000000004,0.003,0.0022
29.07.2020 00:30:00.786 GMT+0200,3223.451,3222.7400000000002,0.0008,0.0026
29.07.2020 00:30:30.240 GMT+0200,3223.451,3223.034,0.0008,0.0022
29.07.2020 00:30:30.291 GMT+0200,3223.7000000000003,3223.034,0.0008,0.0026
29.07.2020 00:30:38.092 GMT+0200,3223.448,3222.7490000000003,0.0008,0.0026
29.07.2020 00:31:37.587 GMT+0200,3223.745,3222.7490000000003,0.003,0.0026
29.07.2020 00:31:37.638 GMT+0200,3223.745,3223.034,0.0008,0.0026
29.07.2020 00:31:47.545 GMT+0200,3223.4,3223.034,0.0008,0.0022
29.07.2020 00:31:47.595 GMT+0200,3223.4,3222.8,0.0008,0.0022
29.07.2020 00:31:52.579 GMT+0200,3223.2659999999996,3222.8,0.0008,0.0022
29.07.2020 00:31:52.629 GMT+0200,3223.2659999999996,3222.5550000000003,0.003,0.0022
29.07.2020 00:31:55.879 GMT+0200,3222.9629999999997,3222.5550000000003,0.0008,0.0022
29.07.2020 00:31:55.929 GMT+0200,3222.9629999999997,3222.2340000000004,0.003,0.0026
29.07.2020 00:31:58.405 GMT+0200,3222.748,3222.2340000000004,0.0008,0.0022
29.07.2020 00:31:58.455 GMT+0200,3222.748,3222.04,0.003,0.0026
29.07.2020 00:31:58.886 GMT+0200,3222.46,3222.04,0.0008,0.0022
29.07.2020 00:31:58.936 GMT+0200,3222.46,3221.737,0.003,0.0026
29.07.2020 00:31:59.710 GMT+0200,3222.46,3222.0370000000003,0.0008,0.0022
29.07.2020 00:31:59.761 GMT+0200,3222.745,3222.0370000000003,0.003,0.0026
29.07.2020 00:32:13.991 GMT+0200,3222.445,3222.0370000000003,0.0008,0.0022
29.07.2020 00:32:14.042 GMT+0200,3222.445,3221.7490000000003,0.0008,0.0026
29.07.2020 00:32:35.558 GMT+0200,3222.7000000000003,3221.7490000000003,0.003,0.0026
29.07.2020 00:32:35.609 GMT+0200,3222.7000000000003,3222.1,0.003,0.0022
29.07.2020 00:32:47.079 GMT+0200,3222.4570000000003,3222.1,0.0008,0.0022
29.07.2020 00:32:47.130 GMT+0200,3222.4570000000003,3221.7520000000004,0.003,0.0026
29.07.2020 00:33:00.861 GMT+0200,3222.763,3221.7520000000004,0.003,0.0026
29.07.2020 00:33:00.911 GMT+0200,3222.763,3222.0490000000004,0.003,0.0022
29.07.2020 00:33:10.309 GMT+0200,3222.9570000000003,3222.0490000000004,0.003,0.0026
29.07.2020 00:33:10.359 GMT+0200,3222.9570000000003,3222.2459999999996,0.0008,0.0026
29.07.2020 00:33:31.986 GMT+0200,3223.263,3222.2459999999996,0.003,0.0026
29.07.2020 00:33:32.037 GMT+0200,3223.263,3222.54,0.003,0.0026
29.07.2020 00:33:35.359 GMT+0200,3222.948,3222.2459999999996,0.0008,0.0026
29.07.2020 00:33:57.747 GMT+0200,3223.2659999999996,3222.2459999999996,0.003,0.0026
29.07.2020 00:33:57.798 GMT+0200,3223.2659999999996,3222.546,0.003,0.0022
29.07.2020 00:33:58.538 GMT+0200,3223.2659999999996,3222.243,0.003,0.0026
29.07.2020 00:33:58.588 GMT+0200,3222.9629999999997,3222.243,0.003,0.0026
29.07.2020 00:34:01.484 GMT+0200,3223.2509999999997,3222.243,0.003,0.0026
29.07.2020 00:34:01.534 GMT+0200,3223.2509999999997,3222.5370000000003,0.0008,0.0022
29.07.2020 00:34:10.236 GMT+0200,3223.2509999999997,3222.7520000000004,0.0008,0.0022
29.07.2020 00:34:10.287 GMT+0200,3223.4570000000003,3222.7520000000004,0.0008,0.0022
29.07.2020 00:34:21.027 GMT+0200,3223.4570000000003,3223.0550000000003,0.0008,0.0022
29.07.2020 00:34:21.078 GMT+0200,3223.7509999999997,3223.0550000000003,0.0008,0.0022
29.07.2020 00:34:23.092 GMT+0200,3223.951,3223.0550000000003,0.003,0.0026
29.07.2020 00:34:23.142 GMT+0200,3223.951,3223.237,0.0008,0.0026
29.07.2020 00:34:52.995 GMT+0200,3223.763,3223.237,0.0008,0.0022
29.07.2020 00:34:53.046 GMT+0200,3223.763,3223.0370000000003,0.003,0.0022
29.07.2020 00:35:55.472 GMT+0200,3223.763,3223.2490000000003,0.0008,0.0022
29.07.2020 00:35:55.522 GMT+0200,3223.954,3223.2490000000003,0.003,0.0026
29.07.2020 00:36:31.804 GMT+0200,3224.257,3223.2490000000003,0.003,0.0026
29.07.2020 00:36:31.855 GMT+0200,3224.257,3223.552,0.0008,0.0022
29.07.2020 00:36:33.271 GMT+0200,3224.357,3223.64,0.003,0.0022
29.07.2020 00:36:33.784 GMT+0200,3224.2000000000003,3223.64,0.0008,0.0022
29.07.2020 00:36:33.834 GMT+0200,3224.2000000000003,3223.543,0.0008,0.0026
29.07.2020 00:37:27.406 GMT+0200,3224.448,3223.7459999999996,0.003,0.0026
29.07.2020 00:37:35.660 GMT+0200,3224.257,3223.7459999999996,0.0008,0.0022
29.07.2020 00:37:35.710 GMT+0200,3224.257,3223.552,0.003,0.0022
29.07.2020 00:37:37.761 GMT+0200,3224.257,3223.737,0.0008,0.0022
29.07.2020 00:37:37.811 GMT+0200,3224.4570000000003,3223.737,0.0008,0.0026
29.07.2020 00:38:05.370 GMT+0200,3224.7540000000004,3224.0370000000003,0.003,0.0026
29.07.2020 00:38:16.098 GMT+0200,3224.454,3224.0370000000003,0.0008,0.0022
29.07.2020 00:38:16.149 GMT+0200,3224.454,3223.7340000000004,0.0008,0.0026
29.07.2020 00:38:16.263 GMT+0200,3224.6540000000005,3223.7340000000004,0.003,0.0026
29.07.2020 00:38:16.313 GMT+0200,3224.6540000000005,3223.9429999999998,0.003,0.0026
29.07.2020 00:38:16.440 GMT+0200,3224.757,3223.9429999999998,0.003,0.0026
29.07.2020 00:38:16.491 GMT+0200,3224.757,3224.1,0.003,0.0022
29.07.2020 00:38:17.099 GMT+0200,3224.757,3223.9490000000005,0.003,0.0026
29.07.2020 00:38:17.149 GMT+0200,3224.66,3223.9490000000005,0.003,0.0022
29.07.2020 00:38:17.442 GMT+0200,3224.66,3224.034,0.0008,0.0022
29.07.2020 00:38:17.493 GMT+0200,3224.7509999999997,3224.034,0.003,0.0026
29.07.2020 00:38:17.762 GMT+0200,3224.7509999999997,3223.7459999999996,0.003,0.0026
29.07.2020 00:38:17.813 GMT+0200,3224.4,3223.7459999999996,0.0008,0.0026
29.07.2020 00:38:21.575 GMT+0200,3224.4,3224.0490000000004,0.0008,0.0022
29.07.2020 00:38:21.626 GMT+0200,3224.745,3224.0490000000004,0.0008,0.0026
29.07.2020 00:38:25.034 GMT+0200,3224.663,3224.0490000000004,0.0008,0.0022
29.07.2020 00:38:25.085 GMT+0200,3224.663,3223.946,0.003,0.0026
29.07.2020 00:38:26.234 GMT+0200,3224.663,3223.7400000000002,0.003,0.0026
29.07.2020 00:38:26.285 GMT+0200,3224.4570000000003,3223.7400000000002,0.003,0.0022
29.07.2020 00:38:26.556 GMT+0200,3224.4570000000003,3224.0550000000003,0.0008,0.0022
29.07.2020 00:38:26.606 GMT+0200,3224.748,3224.0550000000003,0.003,0.0026
29.07.2020 00:38:34.149 GMT+0200,3224.4629999999997,3224.0550000000003,0.0008,0.0022
29.07.2020 00:38:34.200 GMT+0200,3224.4629999999997,3223.7340000000004,0.003,0.0026
29.07.2020 00:39:02.892 GMT+0200,3224.4629999999997,3224.043,0.0008,0.0022
29.07.2020 00:39:02.943 GMT+0200,3224.757,3224.043,0.003,0.0026
29.07.2020 00:39:16.591 GMT+0200,3224.451,3224.043,0.0008,0.0022
29.07.2020 00:39:16.641 GMT+0200,3224.451,3223.7459999999996,0.0008,0.0026
29.07.2020 00:39:26.724 GMT+0200,3224.757,3223.7459999999996,0.003,0.0026
29.07.2020 00:39:26.774 GMT+0200,3224.757,3224.0550000000003,0.0008,0.0022
29.07.2020 00:39:44.453 GMT+0200,3224.757,3224.5490000000004,0.0008,0.0022
29.07.2020 00:39:44.504 GMT+0200,3225.245,3224.5490000000004,0.0008,0.0026
29.07.2020 00:39:44.613 GMT+0200,3225.245,3224.2400000000002,0.003,0.0026
29.07.2020 00:39:44.663 GMT+0200,3224.9629999999997,3224.2400000000002,0.003,0.0026
29.07.2020 00:39:52.008 GMT+0200,3225.157,3224.2400000000002,0.003,0.0026
29.07.2020 00:39:52.058 GMT+0200,3225.157,3224.5,0.003,0.0022
29.07.2020 00:39:52.170 GMT+0200,3224.954,3224.5,0.0008,0.0022
29.07.2020 00:39:52.220 GMT+0200,3224.954,3224.255,0.003,0.0022
29.07.2020 00:40:13.042 GMT+0200,3225.26,3224.255,0.003,0.0026
29.07.2020 00:40:13.092 GMT+0200,3225.26,3224.5550000000003,0.0008,0.0022
29.07.2020 00:40:23.076 GMT+0200,3224.945,3224.5550000000003,0.0008,0.0022
29.07.2020 00:40:23.127 GMT+0200,3224.945,3224.255,0.0008,0.0022
29.07.2020 00:40:23.237 GMT+0200,3225.157,3224.255,0.003,0.0026
29.07.2020 00:40:23.287 GMT+0200,3225.157,3224.4370000000004,0.003,0.0026
29.07.2020 00:40:23.398 GMT+0200,3225.257,3224.4370000000004,0.003,0.0026
29.07.2020 00:40:23.449 GMT+0200,3225.257,3224.5370000000003,0.003,0.0026
29.07.2020 00:40:38.226 GMT+0200,3225.4629999999997,3224.5370000000003,0.003,0.0026
29.07.2020 00:40:38.277 GMT+0200,3225.4629999999997,3224.737,0.003,0.0026
29.07.2020 00:40:40.241 GMT+0200,3225.2000000000003,3224.737,0.0008,0.0022
29.07.2020 00:40:40.291 GMT+0200,3225.2000000000003,3224.546,0.0008,0.0022
29.07.2020 00:40:45.139 GMT+0200,3224.9570000000003,3224.2520000000004,0.0008,0.0026
29.07.2020 00:41:50.167 GMT+0200,3224.745,3224.04,0.0008,0.0026
29.07.2020 00:42:02.582 GMT+0200,3224.745,3224.152,0.0008,0.0022
29.07.2020 00:42:02.632 GMT+0200,3224.8450000000003,3224.152,0.0008,0.0022
29.07.2020 00:42:03.488 GMT+0200,3224.8450000000003,3224.1,0.003,0.0026
29.07.2020 00:42:03.539 GMT+0200,3224.7509999999997,3224.1,0.003,0.0026
29.07.2020 00:42:06.549 GMT+0200,3224.966,3224.1,0.003,0.0026
29.07.2020 00:42:06.600 GMT+0200,3224.966,3224.2490000000003,0.003,0.0026
29.07.2020 00:42:48.281 GMT+0200,3224.966,3224.2000000000003,0.003,0.0026
29.07.2020 00:42:48.332 GMT+0200,3224.8540000000003,3224.2000000000003,0.0008,0.0022
29.07.2020 00:42:49.051 GMT+0200,3224.7000000000003,3224.2000000000003,0.0008,0.0022
29.07.2020 00:42:49.102 GMT+0200,3224.7000000000003,3224.043,0.0008,0.0022
29.07.2020 00:42:49.915 GMT+0200,3224.86,3224.2000000000003,0.003,0.0026
29.07.2020 00:42:52.300 GMT+0200,3224.9,3224.2000000000003,0.003,0.0026
29.07.2020 00:42:52.350 GMT+0200,3224.9,3224.255,0.0008,0.0026
29.07.2020 00:43:02.826 GMT+0200,3224.9,3224.143,0.003,0.0026
29.07.2020 00:43:02.877 GMT+0200,3224.8509999999997,3224.143,0.0008,0.0022
29.07.2020 00:43:04.122 GMT+0200,3224.8509999999997,3224.034,0.003,0.0026
29.07.2020 00:43:04.172 GMT+0200,3224.7659999999996,3224.034,0.003,0.0026
29.07.2020 00:43:26.590 GMT+0200,3224.9629999999997,3224.034,0.003,0.0026
29.07.2020 00:43:26.640 GMT+0200,3224.9629999999997,3224.2400000000002,0.003,0.0026
29.07.2020 00:43:45.970 GMT+0200,3224.7509999999997,3224.2400000000002,0.0008,0.0022
29.07.2020 00:43:46.021 GMT+0200,3224.7509999999997,3224.04,0.0008,0.0026
29.07.2020 00:44:00.138 GMT+0200,3224.451,3224.04,0.0008,0.0022
29.07.2020 00:44:00.189 GMT+0200,3224.451,3223.7459999999996,0.0008,0.0026
29.07.2020 00:44:01.219 GMT+0200,3224.36,3223.652,0.003,0.0022
29.07.2020 00:44:05.011 GMT+0200,3224.26,3223.652,0.0008,0.0022
29.07.2020 00:44:05.062 GMT+0200,3224.26,3223.543,0.003,0.0026
29.07.2020 00:44:05.179 GMT+0200,3224.348,3223.643,0.0008,0.0026
29.07.2020 00:44:07.348 GMT+0200,3224.4570000000003,3223.643,0.003,0.0026
29.07.2020 00:44:07.399 GMT+0200,3224.4570000000003,3223.8,0.003,0.0022
29.07.2020 00:44:07.668 GMT+0200,3224.4570000000003,3223.946,0.0008,0.0022
29.07.2020 00:44:07.719 GMT+0200,3224.6659999999997,3223.946,0.003,0.0022
29.07.2020 00:44:08.085 GMT+0200,3224.6659999999997,3223.7340000000004,0.003,0.0026
29.07.2020 00:44:08.136 GMT+0200,3224.4,3223.7340000000004,0.0008,0.0026
29.07.2020 00:44:12.112 GMT+0200,3224.26,3223.7340000000004,0.0008,0.0022
29.07.2020 00:44:12.163 GMT+0200,3224.26,3223.6,0.003,0.0022
29.07.2020 00:44:12.270 GMT+0200,3224.26,3223.743,0.0008,0.0022
29.07.2020 00:44:12.321 GMT+0200,3224.454,3223.743,0.0008,0.0026
29.07.2020 00:44:50.760 GMT+0200,3224.454,3223.9429999999998,0.0008,0.0022
29.07.2020 00:44:50.810 GMT+0200,3224.657,3223.9429999999998,0.003,0.0022
29.07.2020 00:44:50.921 GMT+0200,3224.657,3223.7340000000004,0.003,0.0026
29.07.2020 00:44:50.972 GMT+0200,3224.448,3223.7340000000004,0.0008,0.0026
29.07.2020 00:45:46.388 GMT+0200,3224.748,3223.7340000000004,0.003,0.0026
29.07.2020 00:45:46.439 GMT+0200,3224.748,3224.1,0.003,0.0022
29.07.2020 00:46:42.451 GMT+0200,3224.748,3224.2340000000004,0.0008,0.0022
29.07.2020 00:46:42.501 GMT+0200,3224.948,3224.2340000000004,0.0008,0.0026
29.07.2020 00:46:55.042 GMT+0200,3224.7000000000003,3224.2340000000004,0.0008,0.0022
29.07.2020 00:46:55.092 GMT+0200,3224.7000000000003,3224.04,0.0008,0.0026
29.07.2020 00:46:58.562 GMT+0200,3224.86,3224.04,0.003,0.0026
29.07.2020 00:46:58.613 GMT+0200,3224.86,3224.1340000000005,0.003,0.0026
29.07.2020 00:47:01.044 GMT+0200,3224.7509999999997,3224.1340000000005,0.0008,0.0022
29.07.2020 00:47:01.094 GMT+0200,3224.7509999999997,3224.043,0.0008,0.0022
29.07.2020 00:47:08.970 GMT+0200,3224.866,3224.043,0.003,0.0026
29.07.2020 00:47:09.020 GMT+0200,3224.866,3224.155,0.003,0.0022
29.07.2020 00:47:11.769 GMT+0200,3224.9570000000003,3224.155,0.003,0.0026
29.07.2020 00:47:11.820 GMT+0200,3224.9570000000003,3224.243,0.0008,0.0022
29.07.2020 00:47:16.166 GMT+0200,3224.9570000000003,3224.446,0.0008,0.0022
29.07.2020 00:47:16.216 GMT+0200,3225.157,3224.446,0.003,0.0022
29.07.2020 00:47:16.709 GMT+0200,3224.948,3224.446,0.0008,0.0022
29.07.2020 00:47:16.760 GMT+0200,3224.948,3224.255,0.0008,0.0022
29.07.2020 00:47:38.217 GMT+0200,3224.8,3224.255,0.0008,0.0022
29.07.2020 00:47:38.268 GMT+0200,3224.8,3224.14,0.0008,0.0026
29.07.2020 00:47:39.793 GMT+0200,3224.757,3224.14,0.0008,0.0022
29.07.2020 00:47:39.843 GMT+0200,3224.757,3224.034,0.0008,0.0026
29.07.2020 00:48:00.476 GMT+0200,3224.757,3224.3,0.0008,0.0022
29.07.2020 00:48:00.526 GMT+0200,3224.9,3224.3,0.0008,0.0022
29.07.2020 00:48:00.901 GMT+0200,3224.857,3224.3,0.0008,0.0022
29.07.2020 00:48:00.952 GMT+0200,3224.857,3224.1459999999997,0.003,0.0026
29.07.2020 00:48:01.060 GMT+0200,3224.7659999999996,3224.1459999999997,0.0008,0.0022
29.07.2020 00:48:01.111 GMT+0200,3224.7659999999996,3224.1,0.003,0.0022
29.07.2020 00:48:03.302 GMT+0200,3224.86,3224.1,0.003,0.0026
29.07.2020 00:48:03.352 GMT+0200,3224.86,3224.1490000000003,0.003,0.0026
29.07.2020 00:48:05.832 GMT+0200,3224.7509999999997,3224.034,0.0008,0.0026
29.07.2020 00:48:33.558 GMT+0200,3224.945,3224.243,0.0008,0.0026
29.07.2020 00:49:28.627 GMT+0200,3225.257,3224.243,0.003,0.0026
29.07.2020 00:49:28.677 GMT+0200,3225.257,3224.534,0.0008,0.0026
29.07.2020 00:50:01.450 GMT+0200,3225.466,3224.534,0.003,0.0026
29.07.2020 00:50:01.500 GMT+0200,3225.466,3224.755,0.003,0.0022
29.07.2020 00:51:06.465 GMT+0200,3225.466,3225.0550000000003,0.0008,0.0022
29.07.2020 00:51:06.515 GMT+0200,3225.7540000000004,3225.0550000000003,0.003,0.0026
29.07.2020 00:51:14.452 GMT+0200,3225.4629999999997,3225.0550000000003,0.0008,0.0022
29.07.2020 00:51:14.502 GMT+0200,3225.4629999999997,3224.7340000000004,0.003,0.0026
29.07.2020 00:52:04.589 GMT+0200,3225.245,3224.7340000000004,0.0008,0.0022
29.07.2020 00:52:04.640 GMT+0200,3225.245,3224.5490000000004,0.003,0.0022
29.07.2020 00:52:40.544 GMT+0200,3225.448,3224.5490000000004,0.003,0.0026
29.07.2020 00:52:40.594 GMT+0200,3225.448,3224.8,0.003,0.0022
29.07.2020 00:53:06.142 GMT+0200,3225.76,3224.8,0.003,0.0026
29.07.2020 00:53:06.192 GMT+0200,3225.76,3225.034,0.0008,0.0026
29.07.2020 00:53:20.236 GMT+0200,3225.76,3224.7340000000004,0.003,0.0026
29.07.2020 00:53:20.286 GMT+0200,3225.4570000000003,3224.7340000000004,0.0008,0.0026
29.07.2020 00:53:44.609 GMT+0200,3225.263,3224.7340000000004,0.0008,0.0022
29.07.2020 00:53:44.660 GMT+0200,3225.263,3224.534,0.003,0.0026
29.07.2020 00:54:08.110 GMT+0200,3225.4,3224.534,0.003,0.0026
29.07.2020 00:54:08.161 GMT+0200,3225.4,3224.7490000000003,0.0008,0.0022
29.07.2020 00:54:12.475 GMT+0200,3225.76,3224.7490000000003,0.003,0.0026
29.07.2020 00:54:12.526 GMT+0200,3225.76,3225.0370000000003,0.003,0.0026
29.07.2020 00:54:13.558 GMT+0200,3225.454,3224.743,0.003,0.0026
29.07.2020 00:54:25.451 GMT+0200,3225.454,3224.543,0.003,0.0026
29.07.2020 00:54:25.501 GMT+0200,3225.26,3224.543,0.003,0.0022
29.07.2020 00:54:28.006 GMT+0200,3225.3450000000003,3224.543,0.003,0.0026
29.07.2020 00:54:28.056 GMT+0200,3225.3450000000003,3224.652,0.0008,0.0022
29.07.2020 00:54:37.180 GMT+0200,3225.2659999999996,3224.652,0.0008,0.0022
29.07.2020 00:54:37.230 GMT+0200,3225.2659999999996,3224.546,0.003,0.0026
29.07.2020 00:54:37.342 GMT+0200,3225.2659999999996,3224.7000000000003,0.0008,0.0022
29.07.2020 00:54:37.393 GMT+0200,3225.3509999999997,3224.7000000000003,0.003,0.0026
29.07.2020 00:54:41.009 GMT+0200,3225.2659999999996,3224.7000000000003,0.0008,0.0022
29.07.2020 00:54:41.060 GMT+0200,3225.2659999999996,3224.546,0.003,0.0022
29.07.2020 00:55:01.293 GMT+0200,3225.4,3224.546,0.003,0.0026
29.07.2020 00:55:01.343 GMT+0200,3225.4,3224.7400000000002,0.0008,0.0026
29.07.2020 00:55:41.069 GMT+0200,3225.76,3224.7400000000002,0.003,0.0026
29.07.2020 00:55:41.119 GMT+0200,3225.76,3225.043,0.0008,0.0026
29.07.2020 00:56:03.282 GMT+0200,3225.948,3225.043,0.003,0.0026
29.07.2020 00:56:03.332 GMT+0200,3225.948,3225.243,0.0008,0.0022
29.07.2020 00:56:17.734 GMT+0200,3225.745,3225.243,0.0008,0.0022
29.07.2020 00:56:17.785 GMT+0200,3225.745,3225.0550000000003,0.0008,0.0022
29.07.2020 00:56:17.895 GMT+0200,3225.745,3224.8,0.003,0.0026
29.07.2020 00:56:17.945 GMT+0200,3225.466,3224.8,0.003,0.0022
29.07.2020 00:56:29.127 GMT+0200,3225.245,3224.8,0.0008,0.0022
29.07.2020 00:56:29.178 GMT+0200,3225.245,3224.54,0.003,0.0026
29.07.2020 00:56:29.687 GMT+0200,3225.357,3224.54,0.003,0.0026
29.07.2020 00:56:29.737 GMT+0200,3225.357,3224.7000000000003,0.003,0.0022
29.07.2020 00:56:32.815 GMT+0200,3225.2540000000004,3224.7000000000003,0.0008,0.0022
29.07.2020 00:56:32.865 GMT+0200,3225.2540000000004,3224.546,0.0008,0.0022
29.07.2020 00:57:00.500 GMT+0200,3224.9629999999997,3224.546,0.0008,0.0022
29.07.2020 00:57:00.550 GMT+0200,3224.9629999999997,3224.2490000000003,0.003,0.0022
29.07.2020 00:58:02.195 GMT+0200,3225.248,3224.2490000000003,0.003,0.0026
29.07.2020 00:58:02.245 GMT+0200,3225.248,3224.534,0.003,0.0026
29.07.2020 00:58:49.198 GMT+0200,3225.466,3224.534,0.003,0.0026
29.07.2020 00:58:49.249 GMT+0200,3225.466,3224.7400000000002,0.003,0.0022
29.07.2020 00:58:51.078 GMT+0200,3225.2000000000003,3224.7400000000002,0.0008,0.0022
29.07.2020 00:58:51.128 GMT+0200,3225.2000000000003,3224.5370000000003,0.0008,0.0026
29.07.2020 00:59:44.652 GMT+0200,3225.451,3224.737,0.0008,0.0022
29.07.2020 00:59:47.624 GMT+0200,3225.2509999999997,3224.737,0.0008,0.0022
29.07.2020 00:59:47.674 GMT+0200,3225.2509999999997,3224.552,0.0008,0.0022
29.07.2020 01:00:00.255 GMT+0200,3225.46,3224.552,0.003,0.0026
29.07.2020 01:00:00.306 GMT+0200,3225.46,3224.755,0.003,0.0026
29.07.2020 01:00:00.738 GMT+0200,3225.76,3224.755,0.003,0.0026
29.07.2020 01:00:00.788 GMT+0200,3225.76,3225.1,0.003,0.0022
29.07.2020 01:00:03.346 GMT+0200,3225.951,3225.1,0.003,0.0026
29.07.2020 01:00:03.396 GMT+0200,3225.951,3225.237,0.0008,0.0026
29.07.2020 01:00:03.507 GMT+0200,3225.8509999999997,3225.237,0.0008,0.0022
29.07.2020 01:00:03.558 GMT+0200,3225.8509999999997,3225.143,0.0008,0.0026
29.07.2020 01:00:04.683 GMT+0200,3225.9,3225.143,0.003,0.0026
29.07.2020 01:00:04.784 GMT+0200,3225.9,3225.3,0.003,0.0022
29.07.2020 01:00:06.517 GMT+0200,3225.748,3225.3,0.0008,0.0022
29.07.2020 01:00:06.567 GMT+0200,3225.748,3225.04,0.0008,0.0022
29.07.2020 01:00:16.467 GMT+0200,3225.451,3225.04,0.0008,0.0022
29.07.2020 01:00:16.517 GMT+0200,3225.451,3224.7490000000003,0.0008,0.0022
29.07.2020 01:00:18.673 GMT+0200,3225.248,3224.7490000000003,0.0008,0.0022
29.07.2020 01:00:18.723 GMT+0200,3225.248,3224.5550000000003,0.003,0.0022
29.07.2020 01:00:20.384 GMT+0200,3225.454,3224.5550000000003,0.003,0.0026
29.07.2020 01:00:20.435 GMT+0200,3225.454,3224.755,0.003,0.0022
29.07.2020 01:01:34.410 GMT+0200,3225.2540000000004,3224.755,0.0008,0.0022
29.07.2020 01:01:34.461 GMT+0200,3225.2540000000004,3224.5370000000003,0.003,0.0022
29.07.2020 01:01:42.365 GMT+0200,3225.3450000000003,3224.5370000000003,0.003,0.0026
29.07.2020 01:01:42.416 GMT+0200,3225.3450000000003,3224.643,0.0008,0.0026
29.07.2020 01:01:42.768 GMT+0200,3225.3450000000003,3224.543,0.003,0.0026
29.07.2020 01:01:42.819 GMT+0200,3225.245,3224.543,0.0008,0.0026
29.07.2020 01:01:42.931 GMT+0200,3225.3,3224.543,0.003,0.0026
29.07.2020 01:01:42.981 GMT+0200,3225.3,3224.655,0.0008,0.0022
29.07.2020 01:01:43.590 GMT+0200,3225.26,3224.655,0.0008,0.0022
29.07.2020 01:01:43.641 GMT+0200,3225.26,3224.5490000000004,0.003,0.0026
29.07.2020 01:01:45.076 GMT+0200,3225.26,3224.7000000000003,0.0008,0.0022
29.07.2020 01:01:45.127 GMT+0200,3225.3509999999997,3224.7000000000003,0.0008,0.0026
29.07.2020 01:01:45.237 GMT+0200,3225.3509999999997,3224.54,0.003,0.0026
29.07.2020 01:01:45.288 GMT+0200,3225.248,3224.54,0.0008,0.0026
29.07.2020 01:01:51.043 GMT+0200,3225.4629999999997,3224.54,0.003,0.0026
29.07.2020 01:01:51.093 GMT+0200,3225.4629999999997,3224.7490000000003,0.003,0.0026
29.07.2020 01:01:54.839 GMT+0200,3225.3540000000003,3224.7490000000003,0.0008,0.0022
29.07.2020 01:01:54.889 GMT+0200,3225.3540000000003,3224.655,0.0008,0.0026
29.07.2020 01:01:54.999 GMT+0200,3225.2509999999997,3224.655,0.0008,0.0022
29.07.2020 01:01:55.049 GMT+0200,3225.2509999999997,3224.5490000000004,0.003,0.0026
29.07.2020 01:03:10.210 GMT+0200,3225.2509999999997,3224.0370000000003,0.003,0.0026
29.07.2020 01:03:10.261 GMT+0200,3224.7000000000003,3224.0370000000003,0.0008,0.0022
29.07.2020 01:03:12.974 GMT+0200,3224.657,3224.0370000000003,0.0008,0.0022
29.07.2020 01:03:13.024 GMT+0200,3224.657,3223.9370000000004,0.0008,0.0026
29.07.2020 01:03:14.744 GMT+0200,3224.657,3223.8,0.003,0.0026
29.07.2020 01:03:14.794 GMT+0200,3224.4570000000003,3223.8,0.0008,0.0022
29.07.2020 01:03:37.785 GMT+0200,3224.3450000000003,3223.8,0.0008,0.0022
29.07.2020 01:03:37.835 GMT+0200,3224.3450000000003,3223.64,0.003,0.0026
29.07.2020 01:03:38.407 GMT+0200,3224.451,3223.64,0.003,0.0026
29.07.2020 01:03:38.457 GMT+0200,3224.451,3223.7400000000002,0.003,0.0026
29.07.2020 01:03:57.236 GMT+0200,3224.2540000000004,3223.7400000000002,0.0008,0.0022
29.07.2020 01:03:57.286 GMT+0200,3224.2540000000004,3223.54,0.003,0.0022
29.07.2020 01:04:00.209 GMT+0200,3224.2540000000004,3223.7490000000003,0.0008,0.0022
29.07.2020 01:04:00.260 GMT+0200,3224.4570000000003,3223.7490000000003,0.003,0.0026
29.07.2020 01:04:01.190 GMT+0200,3224.36,3223.7490000000003,0.0008,0.0022
29.07.2020 01:04:01.241 GMT+0200,3224.36,3223.64,0.003,0.0026
29.07.2020 01:04:01.570 GMT+0200,3224.454,3223.64,0.003,0.0026
29.07.2020 01:04:01.620 GMT+0200,3224.454,3223.7340000000004,0.0008,0.0026
29.07.2020 01:04:03.180 GMT+0200,3224.454,3224.0550000000003,0.0008,0.0022
29.07.2020 01:04:03.230 GMT+0200,3224.757,3224.0550000000003,0.003,0.0026
29.07.2020 01:04:05.185 GMT+0200,3224.757,3224.237,0.0008,0.0022
29.07.2020 01:04:05.236 GMT+0200,3224.951,3224.237,0.0008,0.0026
29.07.2020 01:04:07.208 GMT+0200,3225.26,3224.237,0.003,0.0026
29.07.2020 01:04:07.259 GMT+0200,3225.26,3224.54,0.003,0.0026
29.07.2020 01:04:08.788 GMT+0200,3225.3509999999997,3224.54,0.003,0.0026
29.07.2020 01:04:08.838 GMT+0200,3225.3509999999997,3224.637,0.003,0.0026
29.07.2020 01:04:09.112 GMT+0200,3225.448,3224.637,0.003,0.0026
29.07.2020 01:04:09.162 GMT+0200,3225.448,3224.755,0.003,0.0026
29.07.2020 01:04:13.313 GMT+0200,3225.7000000000003,3224.755,0.003,0.0026
29.07.2020 01:04:13.363 GMT+0200,3225.7000000000003,3225.0370000000003,0.0008,0.0026
29.07.2020 01:04:15.863 GMT+0200,3225.7000000000003,3225.2000000000003,0.0008,0.0022
29.07.2020 01:04:15.913 GMT+0200,3225.848,3225.2000000000003,0.0008,0.0022
29.07.2020 01:04:16.341 GMT+0200,3225.76,3225.0490000000004,0.003,0.0022
29.07.2020 01:04:17.121 GMT+0200,3225.866,3225.0490000000004,0.003,0.0026
29.07.2020 01:04:17.171 GMT+0200,3225.866,3225.137,0.003,0.0026
29.07.2020 01:04:17.662 GMT+0200,3225.9570000000003,3225.3,0.003,0.0022
29.07.2020 01:04:17.776 GMT+0200,3225.9570000000003,3225.0490000000004,0.003,0.0026
29.07.2020 01:04:17.827 GMT+0200,3225.7000000000003,3225.0490000000004,0.0008,0.0026
29.07.2020 01:04:20.303 GMT+0200,3225.951,3225.2459999999996,0.003,0.0026
29.07.2020 01:04:20.420 GMT+0200,3225.7659999999996,3225.052,0.003,0.0022
29.07.2020 01:04:30.376 GMT+0200,3225.451,3225.052,0.0008,0.0022
29.07.2020 01:04:30.427 GMT+0200,3225.451,3224.7490000000003,0.0008,0.0022
29.07.2020 01:04:31.322 GMT+0200,3225.451,3224.6459999999997,0.003,0.0026
29.07.2020 01:04:31.372 GMT+0200,3225.357,3224.6459999999997,0.003,0.0022
29.07.2020 01:04:31.647 GMT+0200,3225.4,3224.6459999999997,0.003,0.0026
29.07.2020 01:04:31.698 GMT+0200,3225.4,3224.7520000000004,0.0008,0.0026
29.07.2020 01:04:31.854 GMT+0200,3225.2659999999996,3224.5370000000003,0.003,0.0026
29.07.2020 01:04:31.975 GMT+0200,3224.951,3224.5370000000003,0.0008,0.0022
29.07.2020 01:04:32.026 GMT+0200,3224.951,3224.255,0.0008,0.0022
29.07.2020 01:04:32.702 GMT+0200,3224.7000000000003,3224.255,0.0008,0.0022
29.07.2020 01:04:32.752 GMT+0200,3224.7000000000003,3224.0490000000004,0.0008,0.0022
29.07.2020 01:04:33.677 GMT+0200,3224.945,3224.0490000000004,0.003,0.0026
29.07.2020 01:04:33.727 GMT+0200,3224.945,3224.3,0.0008,0.0022
29.07.2020 01:04:34.722 GMT+0200,3224.7659999999996,3224.3,0.0008,0.0022
29.07.2020 01:04:34.772 GMT+0200,3224.7659999999996,3224.052,0.003,0.0026
29.07.2020 01:04:36.476 GMT+0200,3224.848,3224.1340000000005,0.0008,0.0026
29.07.2020 01:04:38.787 GMT+0200,3224.763,3224.1340000000005,0.0008,0.0022
29.07.2020 01:04:38.837 GMT+0200,3224.763,3224.034,0.003,0.0026
29.07.2020 01:04:41.169 GMT+0200,3224.763,3223.552,0.003,0.0026
29.07.2020 01:04:41.219 GMT+0200,3224.245,3223.552,0.0008,0.0022
29.07.2020 01:04:41.330 GMT+0200,3224.245,3223.755,0.0008,0.0022
29.07.2020 01:04:41.381 GMT+0200,3224.46,3223.755,0.003,0.0026
29.07.2020 01:04:44.214 GMT+0200,3224.3,3223.755,0.0008,0.0022
29.07.2020 01:04:44.265 GMT+0200,3224.3,3223.643,0.0008,0.0022
29.07.2020 01:04:44.885 GMT+0200,3224.445,3223.643,0.003,0.0026
29.07.2020 01:04:44.935 GMT+0200,3224.445,3223.737,0.003,0.0026
29.07.2020 01:04:46.050 GMT+0200,3224.26,3223.737,0.0008,0.0022
29.07.2020 01:04:46.101 GMT+0200,3224.26,3223.5490000000004,0.003,0.0022
29.07.2020 01:04:49.582 GMT+0200,3224.451,3223.5490000000004,0.003,0.0026
29.07.2020 01:04:49.633 GMT+0200,3224.451,3223.7490000000003,0.003,0.0026
29.07.2020 01:05:10.388 GMT+0200,3224.2000000000003,3223.7490000000003,0.0008,0.0022
29.07.2020 01:05:10.439 GMT+0200,3224.2000000000003,3223.54,0.0008,0.0026
29.07.2020 01:05:41.302 GMT+0200,3224.4,3223.54,0.003,0.0026
29.07.2020 01:05:41.353 GMT+0200,3224.4,3223.7340000000004,0.003,0.0026
29.07.2020 01:06:02.797 GMT+0200,3224.4,3223.94,0.0008,0.0022
29.07.2020 01:06:02.848 GMT+0200,3224.657,3223.94,0.003,0.0022
29.07.2020 01:06:02.963 GMT+0200,3224.451,3223.7340000000004,0.003,0.0026
29.07.2020 01:06:03.338 GMT+0200,3224.263,3223.7340000000004,0.0008,0.0022
29.07.2020 01:06:03.389 GMT+0200,3224.263,3223.546,0.0008,0.0026
29.07.2020 01:07:18.992 GMT+0200,3224.263,3223.0370000000003,0.003,0.0026
29.07.2020 01:07:19.042 GMT+0200,3223.745,3223.0370000000003,0.0008,0.0026
29.07.2020 01:07:19.886 GMT+0200,3223.857,3223.152,0.003,0.0022
29.07.2020 01:07:21.207 GMT+0200,3223.945,3223.2520000000004,0.003,0.0022
29.07.2020 01:07:21.537 GMT+0200,3223.863,3223.2000000000003,0.003,0.0022
29.07.2020 01:07:24.178 GMT+0200,3223.9629999999997,3223.2490000000003,0.003,0.0022
29.07.2020 01:07:28.415 GMT+0200,3223.9629999999997,3223.2000000000003,0.003,0.0026
29.07.2020 01:07:28.465 GMT+0200,3223.857,3223.2000000000003,0.003,0.0022
29.07.2020 01:07:30.139 GMT+0200,3223.857,3223.052,0.003,0.0026
29.07.2020 01:07:30.190 GMT+0200,3223.757,3223.052,0.003,0.0026
29.07.2020 01:07:31.202 GMT+0200,3223.757,3223.2520000000004,0.0008,0.0022
29.07.2020 01:07:31.252 GMT+0200,3223.96,3223.2520000000004,0.003,0.0026
29.07.2020 01:07:33.635 GMT+0200,3223.96,3223.0550000000003,0.003,0.0026
29.07.2020 01:07:33.686 GMT+0200,3223.7659999999996,3223.0550000000003,0.003,0.0022
29.07.2020 01:08:10.728 GMT+0200,3224.257,3223.534,0.0008,0.0026
29.07.2020 01:08:11.490 GMT+0200,3223.96,3223.534,0.0008,0.0022
29.07.2020 01:08:11.540 GMT+0200,3223.96,3223.2400000000002,0.003,0.0022
29.07.2020 01:08:23.643 GMT+0200,3224.145,3223.2400000000002,0.003,0.0026
29.07.2020 01:08:23.693 GMT+0200,3224.145,3223.452,0.0008,0.0022
29.07.2020 01:08:25.479 GMT+0200,3223.9,3223.452,0.0008,0.0022
29.07.2020 01:08:25.529 GMT+0200,3223.9,3223.3,0.0008,0.0022
29.07.2020 01:09:40.955 GMT+0200,3223.7540000000004,3223.3,0.0008,0.0022
29.07.2020 01:09:41.005 GMT+0200,3223.7540000000004,3223.043,0.003,0.0026
29.07.2020 01:09:51.454 GMT+0200,3223.7540000000004,3223.2459999999996,0.0008,0.0022
29.07.2020 01:09:51.504 GMT+0200,3223.9,3223.2459999999996,0.0008,0.0026
29.07.2020 01:10:16.335 GMT+0200,3223.848,3223.2459999999996,0.0008,0.0022
29.07.2020 01:10:16.386 GMT+0200,3223.848,3223.137,0.0008,0.0022
29.07.2020 01:10:20.849 GMT+0200,3223.966,3223.137,0.003,0.0026
29.07.2020 01:10:20.899 GMT+0200,3223.966,3223.2400000000002,0.003,0.0026
29.07.2020 01:10:31.363 GMT+0200,3223.7659999999996,3223.034,0.003,0.0026
29.07.2020 01:10:45.766 GMT+0200,3223.9570000000003,3223.034,0.003,0.0026
29.07.2020 01:10:45.817 GMT+0200,3223.9570000000003,3223.2520000000004,0.003,0.0022
29.07.2020 01:11:03.572 GMT+0200,3223.9570000000003,3223.0370000000003,0.003,0.0026
29.07.2020 01:11:03.623 GMT+0200,3223.748,3223.0370000000003,0.0008,0.0026
29.07.2020 01:11:16.370 GMT+0200,3223.863,3223.0370000000003,0.003,0.0026
29.07.2020 01:11:16.420 GMT+0200,3223.863,3223.137,0.003,0.0026
29.07.2020 01:11:16.587 GMT+0200,3223.945,3223.2490000000003,0.0008,0.0022
29.07.2020 01:11:17.160 GMT+0200,3223.945,3223.152,0.003,0.0026
29.07.2020 01:11:17.211 GMT+0200,3223.863,3223.152,0.0008,0.0026
29.07.2020 01:11:20.075 GMT+0200,3223.945,3223.152,0.003,0.0026
29.07.2020 01:11:20.125 GMT+0200,3223.945,3223.2400000000002,0.0008,0.0026
29.07.2020 01:11:20.429 GMT+0200,3223.945,3223.1459999999997,0.003,0.0026
29.07.2020 01:11:20.480 GMT+0200,3223.8450000000003,3223.1459999999997,0.0008,0.0022
29.07.2020 01:11:20.588 GMT+0200,3223.8450000000003,3223.237,0.0008,0.0022
29.07.2020 01:11:20.638 GMT+0200,3223.966,3223.237,0.003,0.0026
29.07.2020 01:11:20.929 GMT+0200,3223.8,3223.237,0.0008,0.0022
29.07.2020 01:11:20.979 GMT+0200,3223.8,3223.14,0.0008,0.0026
29.07.2020 01:11:21.090 GMT+0200,3223.96,3223.14,0.003,0.0026
29.07.2020 01:11:21.140 GMT+0200,3223.96,3223.2400000000002,0.003,0.0026
29.07.2020 01:11:34.417 GMT+0200,3223.748,3223.2400000000002,0.0008,0.0022
29.07.2020 01:11:34.468 GMT+0200,3223.748,3223.034,0.003,0.0026
29.07.2020 01:12:00.392 GMT+0200,3223.9,3223.034,0.003,0.0026
29.07.2020 01:12:00.443 GMT+0200,3223.9,3223.2340000000004,0.0008,0.0026
29.07.2020 01:12:25.071 GMT+0200,3224.2659999999996,3223.2340000000004,0.003,0.0026
29.07.2020 01:12:25.121 GMT+0200,3224.2659999999996,3223.546,0.003,0.0022
29.07.2020 01:13:08.423 GMT+0200,3223.966,3223.546,0.0008,0.0022
29.07.2020 01:13:08.473 GMT+0200,3223.966,3223.237,0.003,0.0026
29.07.2020 01:13:15.666 GMT+0200,3223.7659999999996,3223.237,0.0008,0.0022
29.07.2020 01:13:15.716 GMT+0200,3223.7659999999996,3223.0550000000003,0.003,0.0026
29.07.2020 01:13:22.783 GMT+0200,3223.954,3223.0550000000003,0.003,0.0026
29.07.2020 01:13:22.833 GMT+0200,3223.954,3223.2340000000004,0.003,0.0026
29.07.2020 01:14:27.125 GMT+0200,3223.76,3223.2340000000004,0.0008,0.0022
29.07.2020 01:14:27.175 GMT+0200,3223.76,3223.0550000000003,0.003,0.0026
29.07.2020 01:15:26.237 GMT+0200,3223.966,3223.0550000000003,0.003,0.0026
29.07.2020 01:15:26.288 GMT+0200,3223.966,3223.243,0.003,0.0026
29.07.2020 01:15:26.755 GMT+0200,3223.748,3223.243,0.0008,0.0022
29.07.2020 01:15:26.805 GMT+0200,3223.748,3223.1,0.0008,0.0022
29.07.2020 01:15:53.317 GMT+0200,3223.9629999999997,3223.1,0.003,0.0026
29.07.2020 01:15:53.367 GMT+0200,3223.9629999999997,3223.243,0.003,0.0022
29.07.2020 01:16:09.323 GMT+0200,3224.2659999999996,3223.243,0.003,0.0026
29.07.2020 01:16:09.373 GMT+0200,3224.2659999999996,3223.552,0.003,0.0022
29.07.2020 01:16:18.197 GMT+0200,3223.9,3223.552,0.0008,0.0022
29.07.2020 01:16:18.248 GMT+0200,3223.9,3223.2340000000004,0.0008,0.0026
29.07.2020 01:16:20.974 GMT+0200,3223.7540000000004,3223.2340000000004,0.0008,0.0022
29.07.2020 01:16:21.025 GMT+0200,3223.7540000000004,3223.0370000000003,0.0008,0.0026
29.07.2020 01:16:42.124 GMT+0200,3223.966,3223.0370000000003,0.003,0.0026
29.07.2020 01:16:42.175 GMT+0200,3223.966,3223.237,0.003,0.0026
29.07.2020 01:16:51.335 GMT+0200,3224.2540000000004,3223.5550000000003,0.0008,0.0022
29.07.2020 01:16:51.456 GMT+0200,3223.96,3223.5550000000003,0.0008,0.0022
29.07.2020 01:16:51.506 GMT+0200,3223.96,3223.2459999999996,0.003,0.0022
29.07.2020 01:18:59.093 GMT+0200,3223.745,3223.2459999999996,0.0008,0.0022
29.07.2020 01:18:59.143 GMT+0200,3223.745,3223.0370000000003,0.0008,0.0026
29.07.2020 01:19:18.947 GMT+0200,3223.857,3223.0370000000003,0.003,0.0026
29.07.2020 01:19:18.997 GMT+0200,3223.857,3223.2000000000003,0.003,0.0022
29.07.2020 01:19:25.886 GMT+0200,3223.945,3223.2000000000003,0.003,0.0026
29.07.2020 01:19:25.936 GMT+0200,3223.945,3223.3,0.0008,0.0022
29.07.2020 01:19:44.059 GMT+0200,3223.748,3223.3,0.0008,0.0022
29.07.2020 01:19:44.109 GMT+0200,3223.748,3223.04,0.0008,0.0026
29.07.2020 01:19:51.822 GMT+0200,3223.748,3223.237,0.0008,0.0022
29.07.2020 01:19:51.872 GMT+0200,3223.966,3223.237,0.003,0.0026
29.07.2020 01:20:10.457 GMT+0200,3224.2509999999997,3223.237,0.003,0.0026
29.07.2020 01:20:10.508 GMT+0200,3224.2509999999997,3223.534,0.0008,0.0026
29.07.2020 01:20:16.338 GMT+0200,3224.454,3223.534,0.003,0.0026
29.07.2020 01:20:16.389 GMT+0200,3224.454,3223.743,0.0008,0.0026
29.07.2020 01:20:18.236 GMT+0200,3224.454,3223.5370000000003,0.003,0.0026
29.07.2020 01:20:18.287 GMT+0200,3224.2540000000004,3223.5370000000003,0.003,0.0022
29.07.2020 01:20:19.667 GMT+0200,3224.366,3223.5370000000003,0.003,0.0026
29.07.2020 01:20:19.717 GMT+0200,3224.366,3223.64,0.003,0.0022
29.07.2020 01:20:22.726 GMT+0200,3224.257,3223.64,0.0008,0.0022
29.07.2020 01:20:22.777 GMT+0200,3224.257,3223.534,0.0008,0.0026
29.07.2020 01:20:26.232 GMT+0200,3223.948,3223.2490000000003,0.0008,0.0026
29.07.2020 01:20:30.522 GMT+0200,3223.76,3223.046,0.003,0.0022
29.07.2020 01:20:33.911 GMT+0200,3223.76,3222.5550000000003,0.003,0.0026
29.07.2020 01:20:33.962 GMT+0200,3223.257,3222.5550000000003,0.003,0.0022
29.07.2020 01:20:34.484 GMT+0200,3222.954,3222.237,0.003,0.0026
29.07.2020 01:20:34.599 GMT+0200,3223.263,3222.237,0.003,0.0026
29.07.2020 01:20:34.649 GMT+0200,3223.263,3222.546,0.003,0.0026
29.07.2020 01:20:38.017 GMT+0200,3223.466,3222.546,0.003,0.0026
29.07.2020 01:20:38.067 GMT+0200,3223.466,3222.7400000000002,0.003,0.0026
29.07.2020 01:20:40.435 GMT+0200,3223.7659999999996,3222.7400000000002,0.003,0.0026
29.07.2020 01:20:40.486 GMT+0200,3223.7659999999996,3223.0490000000004,0.003,0.0022
29.07.2020 01:20:41.084 GMT+0200,3223.948,3223.255,0.0008,0.0022
29.07.2020 01:20:41.621 GMT+0200,3223.948,3223.137,0.003,0.0026
29.07.2020 01:20:41.671 GMT+0200,3223.857,3223.137,0.003,0.0026
29.07.2020 01:20:42.268 GMT+0200,3223.857,3223.243,0.0008,0.0022
29.07.2020 01:20:42.318 GMT+0200,3223.945,3223.243,0.003,0.0026
29.07.2020 01:20:46.258 GMT+0200,3223.76,3223.243,0.0008,0.0022
29.07.2020 01:20:46.308 GMT+0200,3223.76,3223.046,0.003,0.0022
29.07.2020 01:21:05.848 GMT+0200,3223.657,3222.952,0.003,0.0022
29.07.2020 01:21:05.991 GMT+0200,3223.657,3222.7520000000004,0.003,0.0026
29.07.2020 01:21:06.041 GMT+0200,3223.4570000000003,3222.7520000000004,0.003,0.0026
29.07.2020 01:21:09.186 GMT+0200,3222.9570000000003,3222.7520000000004,0.0008,0.0022
29.07.2020 01:21:09.236 GMT+0200,3222.9570000000003,3222.243,0.003,0.0026
29.07.2020 01:21:09.346 GMT+0200,3223.145,3222.243,0.003,0.0026
29.07.2020 01:21:09.397 GMT+0200,3223.145,3222.455,0.0008,0.0022
29.07.2020 01:21:09.667 GMT+0200,3222.954,3222.455,0.0008,0.0022
29.07.2020 01:21:09.718 GMT+0200,3222.954,3222.2459999999996,0.0008,0.0026
29.07.2020 01:21:19.651 GMT+0200,3222.7659999999996,3222.2459999999996,0.0008,0.0022
29.07.2020 01:21:19.701 GMT+0200,3222.7659999999996,3222.1,0.003,0.0022
29.07.2020 01:21:34.133 GMT+0200,3222.7659999999996,3221.9490000000005,0.003,0.0026
29.07.2020 01:21:34.234 GMT+0200,3222.6,3221.9490000000005,0.0008,0.0022
29.07.2020 01:21:34.574 GMT+0200,3222.445,3221.755,0.003,0.0022
29.07.2020 01:21:34.731 GMT+0200,3222.445,3221.9370000000004,0.0008,0.0022
29.07.2020 01:21:34.782 GMT+0200,3222.645,3221.9370000000004,0.0008,0.0026
29.07.2020 01:21:35.655 GMT+0200,3222.645,3221.7490000000003,0.003,0.0026
29.07.2020 01:21:35.706 GMT+0200,3222.448,3221.7490000000003,0.0008,0.0022
29.07.2020 01:21:35.815 GMT+0200,3222.76,3221.7490000000003,0.003,0.0026
29.07.2020 01:21:35.866 GMT+0200,3222.76,3222.04,0.0008,0.0022
29.07.2020 01:21:36.799 GMT+0200,3222.76,3221.9370000000004,0.003,0.0026
29.07.2020 01:21:36.849 GMT+0200,3222.648,3221.9370000000004,0.003,0.0026
29.07.2020 01:21:37.122 GMT+0200,3222.445,3221.7459999999996,0.003,0.0022
29.07.2020 01:21:46.202 GMT+0200,3222.445,3221.2520000000004,0.003,0.0026
29.07.2020 01:21:46.252 GMT+0200,3221.945,3221.2520000000004,0.0008,0.0026
29.07.2020 01:21:46.362 GMT+0200,3221.945,3221.0550000000003,0.003,0.0026
29.07.2020 01:21:46.412 GMT+0200,3221.7000000000003,3221.0550000000003,0.0008,0.0022
29.07.2020 01:21:46.685 GMT+0200,3221.7000000000003,3221.1459999999997,0.0008,0.0022
29.07.2020 01:21:46.735 GMT+0200,3221.857,3221.1459999999997,0.003,0.0022
29.07.2020 01:21:46.846 GMT+0200,3221.857,3221.1,0.003,0.0026
29.07.2020 01:21:46.896 GMT+0200,3221.763,3221.1,0.003,0.0022
29.07.2020 01:21:48.023 GMT+0200,3221.763,3220.7400000000002,0.003,0.0026
29.07.2020 01:21:48.073 GMT+0200,3221.448,3220.7400000000002,0.003,0.0026
29.07.2020 01:21:50.418 GMT+0200,3221.757,3220.7400000000002,0.003,0.0026
29.07.2020 01:21:50.468 GMT+0200,3221.757,3221.0370000000003,0.0008,0.0026
29.07.2020 01:21:53.053 GMT+0200,3221.945,3221.243,0.0008,0.0026
29.07.2020 01:21:53.198 GMT+0200,3222.26,3221.243,0.003,0.0026
29.07.2020 01:21:53.249 GMT+0200,3222.26,3221.534,0.003,0.0026
29.07.2020 01:21:53.520 GMT+0200,3222.451,3221.534,0.003,0.0026
29.07.2020 01:21:53.570 GMT+0200,3222.451,3221.743,0.003,0.0026
29.07.2020 01:21:54.079 GMT+0200,3222.7540000000004,3221.743,0.003,0.0026
29.07.2020 01:21:54.129 GMT+0200,3222.7540000000004,3222.1,0.0008,0.0022
29.07.2020 01:21:54.401 GMT+0200,3222.7540000000004,3222.2520000000004,0.0008,0.0022
29.07.2020 01:21:54.452 GMT+0200,3222.966,3222.2520000000004,0.003,0.0022
29.07.2020 01:21:54.724 GMT+0200,3222.966,3222.5550000000003,0.0008,0.0022
29.07.2020 01:21:54.775 GMT+0200,3223.2659999999996,3222.5550000000003,0.003,0.0022
29.07.2020 01:21:57.459 GMT+0200,3222.954,3222.5550000000003,0.0008,0.0022
29.07.2020 01:21:57.510 GMT+0200,3222.954,3222.243,0.003,0.0026
29.07.2020 01:21:58.785 GMT+0200,3223.4570000000003,3222.7490000000003,0.003,0.0026
29.07.2020 01:21:58.835 GMT+0200,3222.966,3222.2490000000003,0.003,0.0022
29.07.2020 01:21:58.995 GMT+0200,3223.16,3222.4429999999998,0.0008,0.0022
29.07.2020 01:21:59.326 GMT+0200,3222.945,3222.2520000000004,0.0008,0.0022
29.07.2020 01:21:59.656 GMT+0200,3222.76,3222.046,0.003,0.0026
29.07.2020 01:21:59.986 GMT+0200,3222.948,3222.2459999999996,0.003,0.0026
29.07.2020 01:22:01.494 GMT+0200,3223.26,3222.2459999999996,0.003,0.0026
29.07.2020 01:22:01.545 GMT+0200,3223.26,3222.534,0.003,0.0026
29.07.2020 01:22:02.537 GMT+0200,3222.954,3222.534,0.0008,0.0022
29.07.2020 01:22:02.587 GMT+0200,3222.954,3222.2400000000002,0.0008,0.0026
29.07.2020 01:22:03.864 GMT+0200,3223.263,3222.2400000000002,0.003,0.0026
29.07.2020 01:22:03.914 GMT+0200,3223.263,3222.5550000000003,0.003,0.0022
29.07.2020 01:22:04.880 GMT+0200,3223.263,3222.452,0.003,0.0026
29.07.2020 01:22:04.930 GMT+0200,3223.145,3222.452,0.0008,0.0022
29.07.2020 01:22:05.041 GMT+0200,3223.145,3222.552,0.0008,0.0022
29.07.2020 01:22:05.091 GMT+0200,3223.2659999999996,3222.552,0.003,0.0022
29.07.2020 01:22:06.205 GMT+0200,3223.1,3222.552,0.0008,0.0022
29.07.2020 01:22:06.256 GMT+0200,3223.1,3222.452,0.0008,0.0026
29.07.2020 01:22:06.803 GMT+0200,3223.1,3222.237,0.003,0.0026
29.07.2020 01:22:06.853 GMT+0200,3222.9629999999997,3222.237,0.003,0.0026
29.07.2020 01:22:09.376 GMT+0200,3222.9629999999997,3222.552,0.0008,0.0022
29.07.2020 01:22:09.426 GMT+0200,3223.2509999999997,3222.552,0.0008,0.0022
29.07.2020 01:22:10.550 GMT+0200,3222.9570000000003,3222.237,0.0008,0.0022
29.07.2020 01:22:13.191 GMT+0200,3223.2509999999997,3222.543,0.0008,0.0026
29.07.2020 01:22:14.180 GMT+0200,3222.954,3222.255,0.0008,0.0026
29.07.2020 01:22:21.526 GMT+0200,3223.2000000000003,3222.255,0.003,0.0026
29.07.2020 01:22:21.576 GMT+0200,3223.2000000000003,3222.5370000000003,0.0008,0.0026
29.07.2020 01:22:23.183 GMT+0200,3223.2000000000003,3222.4490000000005,0.003,0.0026
29.07.2020 01:22:23.233 GMT+0200,3223.1,3222.4490000000005,0.0008,0.0026
29.07.2020 01:22:27.052 GMT+0200,3222.9570000000003,3222.2490000000003,0.003,0.0022
29.07.2020 01:22:28.250 GMT+0200,3222.745,3222.2490000000003,0.0008,0.0022
29.07.2020 01:22:28.300 GMT+0200,3222.745,3222.043,0.0008,0.0022
29.07.2020 01:22:31.461 GMT+0200,3222.745,3222.2459999999996,0.0008,0.0022
29.07.2020 01:22:31.511 GMT+0200,3222.9,3222.2459999999996,0.0008,0.0026
29.07.2020 01:22:41.777 GMT+0200,3222.9,3222.434,0.0008,0.0022
29.07.2020 01:22:41.827 GMT+0200,3223.1540000000005,3222.434,0.003,0.0026
29.07.2020 01:22:42.790 GMT+0200,3222.9570000000003,3222.434,0.0008,0.0022
29.07.2020 01:22:42.840 GMT+0200,3222.9570000000003,3222.2459999999996,0.003,0.0022
29.07.2020 01:22:43.116 GMT+0200,3222.9570000000003,3222.543,0.0008,0.0022
29.07.2020 01:22:43.167 GMT+0200,3223.2659999999996,3222.543,0.003,0.0026
29.07.2020 01:22:50.817 GMT+0200,3223.451,3222.743,0.0008,0.0022
29.07.2020 01:22:52.856 GMT+0200,3223.2540000000004,3222.743,0.0008,0.0022
29.07.2020 01:22:52.907 GMT+0200,3223.2540000000004,3222.5490000000004,0.003,0.0022
29.07.2020 01:23:02.387 GMT+0200,3223.2540000000004,3222.7490000000003,0.0008,0.0022
29.07.2020 01:23:02.438 GMT+0200,3223.451,3222.7490000000003,0.0008,0.0022
29.07.2020 01:23:06.187 GMT+0200,3223.26,3222.7490000000003,0.0008,0.0022
29.07.2020 01:23:06.237 GMT+0200,3223.26,3222.54,0.003,0.0026
29.07.2020 01:23:13.618 GMT+0200,3223.26,3222.243,0.003,0.0026
29.07.2020 01:23:13.669 GMT+0200,3222.966,3222.243,0.003,0.0026
29.07.2020 01:23:14.165 GMT+0200,3222.966,3222.6,0.0008,0.0022
29.07.2020 01:23:14.216 GMT+0200,3223.248,3222.6,0.003,0.0022
29.07.2020 01:23:26.816 GMT+0200,3223.366,3222.6,0.003,0.0026
29.07.2020 01:23:26.866 GMT+0200,3223.366,3222.7000000000003,0.003,0.0022
29.07.2020 01:23:27.173 GMT+0200,3223.263,3222.7000000000003,0.0008,0.0022
29.07.2020 01:23:27.224 GMT+0200,3223.263,3222.5490000000004,0.003,0.0022
29.07.2020 01:23:27.328 GMT+0200,3223.263,3222.755,0.0008,0.0022
29.07.2020 01:23:27.379 GMT+0200,3223.451,3222.755,0.0008,0.0026
29.07.2020 01:23:56.511 GMT+0200,3223.76,3222.755,0.003,0.0026
29.07.2020 01:23:56.562 GMT+0200,3223.76,3223.0490000000004,0.003,0.0022
29.07.2020 01:23:59.695 GMT+0200,3223.857,3223.0490000000004,0.003,0.0026
29.07.2020 01:23:59.745 GMT+0200,3223.857,3223.137,0.003,0.0026
29.07.2020 01:24:01.859 GMT+0200,3223.857,3223.255,0.0008,0.0022
29.07.2020 01:24:01.909 GMT+0200,3223.9629999999997,3223.255,0.0008,0.0022
29.07.2020 01:24:02.019 GMT+0200,3223.863,3223.255,0.0008,0.0022
29.07.2020 01:24:02.069 GMT+0200,3223.863,3223.1340000000005,0.003,0.0026
29.07.2020 01:24:02.179 GMT+0200,3223.9570000000003,3223.1340000000005,0.003,0.0026
29.07.2020 01:24:02.230 GMT+0200,3223.9570000000003,3223.2490000000003,0.003,0.0022
29.07.2020 01:24:02.341 GMT+0200,3224.1,3223.2490000000003,0.003,0.0026
29.07.2020 01:24:02.392 GMT+0200,3224.1,3223.4490000000005,0.0008,0.0026
29.07.2020 01:24:02.881 GMT+0200,3224.1,3223.552,0.0008,0.0022
29.07.2020 01:24:02.931 GMT+0200,3224.26,3223.552,0.003,0.0022
29.07.2020 01:24:03.041 GMT+0200,3224.26,3223.5,0.003,0.0026
29.07.2020 01:24:03.092 GMT+0200,3224.163,3223.5,0.0008,0.0022
29.07.2020 01:24:03.363 GMT+0200,3224.163,3223.2490000000003,0.003,0.0026
29.07.2020 01:24:03.413 GMT+0200,3223.9629999999997,3223.2490000000003,0.0008,0.0022
29.07.2020 01:24:09.271 GMT+0200,3223.9629999999997,3223.434,0.0008,0.0022
29.07.2020 01:24:09.321 GMT+0200,3224.16,3223.434,0.003,0.0026
29.07.2020 01:24:10.581 GMT+0200,3224.16,3223.6,0.0008,0.0022
29.07.2020 01:24:10.632 GMT+0200,3224.263,3223.6,0.003,0.0022
29.07.2020 01:24:16.140 GMT+0200,3224.263,3223.8,0.0008,0.0022
29.07.2020 01:24:16.190 GMT+0200,3224.445,3223.8,0.003,0.0022
29.07.2020 01:24:17.106 GMT+0200,3224.26,3223.8,0.0008,0.0022
29.07.2020 01:24:17.156 GMT+0200,3224.26,3223.534,0.003,0.0026
29.07.2020 01:24:19.476 GMT+0200,3224.26,3223.255,0.003,0.0026
29.07.2020 01:24:19.527 GMT+0200,3223.954,3223.255,0.003,0.0022
29.07.2020 01:24:21.296 GMT+0200,3224.2540000000004,3223.255,0.003,0.0026
29.07.2020 01:24:21.346 GMT+0200,3224.2540000000004,3223.5370000000003,0.003,0.0026
29.07.2020 01:24:21.615 GMT+0200,3224.2540000000004,3223.5,0.003,0.0026
29.07.2020 01:24:21.665 GMT+0200,3224.151,3223.5,0.0008,0.0022
29.07.2020 01:24:22.466 GMT+0200,3224.151,3223.2340000000004,0.003,0.0026
29.07.2020 01:24:22.517 GMT+0200,3223.96,3223.2340000000004,0.003,0.0026
29.07.2020 01:24:22.626 GMT+0200,3223.96,3223.5370000000003,0.0008,0.0022
29.07.2020 01:24:22.677 GMT+0200,3224.248,3223.5370000000003,0.003,0.0026
29.07.2020 01:24:22.948 GMT+0200,3224.248,3223.4490000000005,0.003,0.0026
29.07.2020 01:24:22.999 GMT+0200,3224.151,3223.4490000000005,0.003,0.0022
29.07.2020 01:24:23.269 GMT+0200,3224.151,3223.2490000000003,0.003,0.0026
29.07.2020 01:24:23.319 GMT+0200,3223.9629999999997,3223.2490000000003,0.003,0.0022
29.07.2020 01:24:25.074 GMT+0200,3223.9629999999997,3223.052,0.003,0.0026
29.07.2020 01:24:25.124 GMT+0200,3223.76,3223.052,0.003,0.0022
29.07.2020 01:24:26.546 GMT+0200,3223.451,3222.755,0.003,0.0022
29.07.2020 01:24:26.704 GMT+0200,3223.451,3222.946,0.0008,0.0022
29.07.2020 01:24:26.755 GMT+0200,3223.645,3222.946,0.0008,0.0026
29.07.2020 01:24:27.027 GMT+0200,3223.645,3222.7520000000004,0.003,0.0026
29.07.2020 01:24:27.078 GMT+0200,3223.4,3222.7520000000004,0.003,0.0022
29.07.2020 01:24:28.975 GMT+0200,3223.4,3222.6459999999997,0.003,0.0026
29.07.2020 01:24:29.025 GMT+0200,3223.3,3222.6459999999997,0.0008,0.0026
29.07.2020 01:24:29.517 GMT+0200,3223.2659999999996,3222.6459999999997,0.0008,0.0022
29.07.2020 01:24:29.567 GMT+0200,3223.2659999999996,3222.54,0.003,0.0026
29.07.2020 01:24:31.168 GMT+0200,3223.1,3222.4490000000005,0.0008,0.0022
29.07.2020 01:24:31.603 GMT+0200,3223.248,3222.4490000000005,0.003,0.0026
29.07.2020 01:24:31.653 GMT+0200,3223.248,3222.552,0.0008,0.0022
29.07.2020 01:24:34.563 GMT+0200,3223.248,3222.4370000000004,0.003,0.0026
29.07.2020 01:24:34.614 GMT+0200,3223.163,3222.4370000000004,0.003,0.0026
29.07.2020 01:24:34.932 GMT+0200,3222.966,3222.4370000000004,0.0008,0.0022
29.07.2020 01:24:34.982 GMT+0200,3222.966,3222.3,0.003,0.0022
29.07.2020 01:24:37.441 GMT+0200,3222.7509999999997,3222.0550000000003,0.0008,0.0022
29.07.2020 01:24:46.021 GMT+0200,3222.9,3222.2490000000003,0.0008,0.0026
29.07.2020 01:24:46.701 GMT+0200,3223.2540000000004,3222.2490000000003,0.003,0.0026
29.07.2020 01:24:46.751 GMT+0200,3223.2540000000004,3222.6,0.003,0.0026
29.07.2020 01:24:46.862 GMT+0200,3223.2540000000004,3222.755,0.0008,0.0022
29.07.2020 01:24:46.912 GMT+0200,3223.46,3222.755,0.003,0.0022
29.07.2020 01:24:47.025 GMT+0200,3223.46,3223.0490000000004,0.0008,0.0022
29.07.2020 01:24:47.075 GMT+0200,3223.748,3223.0490000000004,0.003,0.0026
29.07.2020 01:24:48.415 GMT+0200,3223.748,3223.14,0.0008,0.0022
29.07.2020 01:24:48.465 GMT+0200,3223.8,3223.14,0.0008,0.0026
29.07.2020 01:24:49.410 GMT+0200,3223.8,3223.034,0.003,0.0026
29.07.2020 01:24:49.460 GMT+0200,3223.745,3223.034,0.0008,0.0026
29.07.2020 01:24:51.044 GMT+0200,3223.866,3223.034,0.003,0.0026
29.07.2020 01:24:51.095 GMT+0200,3223.866,3223.137,0.003,0.0026
29.07.2020 01:24:51.543 GMT+0200,3224.263,3223.137,0.003,0.0026
29.07.2020 01:24:51.594 GMT+0200,3224.263,3223.5370000000003,0.003,0.0026
29.07.2020 01:24:52.480 GMT+0200,3224.263,3223.243,0.003,0.0026
29.07.2020 01:24:52.530 GMT+0200,3223.9570000000003,3223.243,0.003,0.0026
29.07.2020 01:24:52.639 GMT+0200,3224.1,3223.243,0.003,0.0026
29.07.2020 01:24:52.690 GMT+0200,3224.1,3223.434,0.0008,0.0026
29.07.2020 01:24:53.614 GMT+0200,3224.2000000000003,3223.5490000000004,0.003,0.0022
29.07.2020 01:24:58.012 GMT+0200,3224.466,3223.5490000000004,0.003,0.0026
29.07.2020 01:24:58.062 GMT+0200,3224.466,3223.7490000000003,0.003,0.0026
29.07.2020 01:24:59.291 GMT+0200,3224.466,3223.652,0.003,0.0026
29.07.2020 01:24:59.341 GMT+0200,3224.3509999999997,3223.652,0.003,0.0026
29.07.2020 01:25:01.395 GMT+0200,3224.2540000000004,3223.652,0.0008,0.0022
29.07.2020 01:25:01.445 GMT+0200,3224.2540000000004,3223.5370000000003,0.003,0.0026
29.07.2020 01:25:23.796 GMT+0200,3224.7000000000003,3224.1,0.0008,0.0026
29.07.2020 01:25:23.985 GMT+0200,3224.966,3224.2400000000002,0.003,0.0026
29.07.2020 01:25:28.607 GMT+0200,3225.2000000000003,3224.552,0.0008,0.0022
29.07.2020 01:25:33.122 GMT+0200,3224.948,3224.552,0.0008,0.0022
29.07.2020 01:25:33.172 GMT+0200,3224.948,3224.243,0.0008,0.0022
29.07.2020 01:25:36.580 GMT+0200,3225.2659999999996,3224.243,0.003,0.0026
29.07.2020 01:25:36.630 GMT+0200,3225.2659999999996,3224.54,0.003,0.0026
29.07.2020 01:25:37.063 GMT+0200,3224.9629999999997,3224.54,0.0008,0.0022
29.07.2020 01:25:37.113 GMT+0200,3224.9629999999997,3224.2340000000004,0.003,0.0026
29.07.2020 01:25:38.348 GMT+0200,3224.9629999999997,3224.5,0.0008,0.0022
29.07.2020 01:25:38.399 GMT+0200,3225.157,3224.5,0.003,0.0022
29.07.2020 01:25:38.510 GMT+0200,3225.157,3224.5490000000004,0.0008,0.0022
29.07.2020 01:25:38.560 GMT+0200,3225.2659999999996,3224.5490000000004,0.003,0.0026
29.07.2020 01:25:38.670 GMT+0200,3225.2659999999996,3224.5,0.003,0.0026
29.07.2020 01:25:38.789 GMT+0200,3225.1,3224.5,0.0008,0.0022
29.07.2020 01:25:39.103 GMT+0200,3225.1,3224.3,0.003,0.0026
29.07.2020 01:25:39.153 GMT+0200,3224.9570000000003,3224.3,0.003,0.0026
29.07.2020 01:25:41.681 GMT+0200,3224.745,3224.3,0.0008,0.0022
29.07.2020 01:25:41.731 GMT+0200,3224.745,3224.1,0.0008,0.0026
29.07.2020 01:25:41.842 GMT+0200,3224.96,3224.1,0.003,0.0026
29.07.2020 01:25:41.893 GMT+0200,3224.96,3224.255,0.003,0.0026
29.07.2020 01:25:45.386 GMT+0200,3224.96,3224.14,0.003,0.0026
29.07.2020 01:25:45.437 GMT+0200,3224.8450000000003,3224.14,0.0008,0.0026
29.07.2020 01:25:45.546 GMT+0200,3224.8450000000003,3224.2340000000004,0.0008,0.0022
29.07.2020 01:25:45.597 GMT+0200,3224.948,3224.2340000000004,0.003,0.0026
29.07.2020 01:25:48.141 GMT+0200,3224.7540000000004,3224.2340000000004,0.0008,0.0022
29.07.2020 01:25:48.191 GMT+0200,3224.7540000000004,3224.04,0.0008,0.0026
29.07.2020 01:25:55.106 GMT+0200,3224.451,3224.04,0.0008,0.0022
29.07.2020 01:25:55.157 GMT+0200,3224.451,3223.7340000000004,0.003,0.0026
29.07.2020 01:26:19.198 GMT+0200,3224.663,3223.7340000000004,0.003,0.0026
29.07.2020 01:26:19.248 GMT+0200,3224.663,3224,0.003,0.0022
29.07.2020 01:26:19.768 GMT+0200,3224.763,3224.046,0.003,0.0022
29.07.2020 01:26:20.428 GMT+0200,3224.663,3223.934,0.003,0.0026
29.07.2020 01:26:21.030 GMT+0200,3224.448,3223.934,0.0008,0.0022
29.07.2020 01:26:21.080 GMT+0200,3224.448,3223.7520000000004,0.0008,0.0026
29.07.2020 01:26:22.078 GMT+0200,3224.6,3223.9370000000004,0.0008,0.0026
29.07.2020 01:26:22.301 GMT+0200,3224.6,3223.7340000000004,0.003,0.0026
29.07.2020 01:26:22.352 GMT+0200,3224.4629999999997,3223.7340000000004,0.003,0.0026
29.07.2020 01:26:22.461 GMT+0200,3224.651,3223.7340000000004,0.003,0.0026
29.07.2020 01:26:22.512 GMT+0200,3224.651,3223.9490000000005,0.0008,0.0022
29.07.2020 01:26:25.763 GMT+0200,3224.651,3224.046,0.0008,0.0022
29.07.2020 01:26:25.813 GMT+0200,3224.7540000000004,3224.046,0.003,0.0026
29.07.2020 01:26:37.422 GMT+0200,3224.966,3224.046,0.003,0.0026
29.07.2020 01:26:37.473 GMT+0200,3224.966,3224.2340000000004,0.003,0.0026
29.07.2020 01:26:38.530 GMT+0200,3224.966,3224.052,0.003,0.0026
29.07.2020 01:26:38.580 GMT+0200,3224.748,3224.052,0.003,0.0026
29.07.2020 01:26:41.013 GMT+0200,3224.6659999999997,3224.052,0.0008,0.0022
29.07.2020 01:26:41.176 GMT+0200,3224.6659999999997,3223.9370000000004,0.003,0.0026
29.07.2020 01:26:42.306 GMT+0200,3224.7659999999996,3223.9370000000004,0.003,0.0026
29.07.2020 01:26:42.357 GMT+0200,3224.7659999999996,3224.0370000000003,0.003,0.0026
29.07.2020 01:26:43.869 GMT+0200,3224.4629999999997,3223.8,0.003,0.0022
29.07.2020 01:27:03.168 GMT+0200,3224.4629999999997,3224.034,0.0008,0.0022
29.07.2020 01:27:03.218 GMT+0200,3224.7540000000004,3224.034,0.003,0.0026
29.07.2020 01:27:24.470 GMT+0200,3224.66,3223.955,0.003,0.0022
29.07.2020 01:27:24.609 GMT+0200,3224.66,3224.0490000000004,0.0008,0.0022
29.07.2020 01:27:24.659 GMT+0200,3224.748,3224.0490000000004,0.003,0.0022
29.07.2020 01:27:41.452 GMT+0200,3224.748,3224.255,0.0008,0.0022
29.07.2020 01:27:41.502 GMT+0200,3224.954,3224.255,0.003,0.0026
29.07.2020 01:27:50.743 GMT+0200,3224.954,3224.034,0.003,0.0026
29.07.2020 01:27:50.794 GMT+0200,3224.748,3224.034,0.003,0.0026
29.07.2020 01:28:02.762 GMT+0200,3224.9,3224.2459999999996,0.0008,0.0026
29.07.2020 01:28:19.767 GMT+0200,3225.263,3224.2459999999996,0.003,0.0026
29.07.2020 01:28:19.817 GMT+0200,3225.263,3224.552,0.003,0.0022
29.07.2020 01:28:21.493 GMT+0200,3224.966,3224.552,0.0008,0.0022
29.07.2020 01:28:21.544 GMT+0200,3224.966,3224.255,0.003,0.0022
29.07.2020 01:28:22.245 GMT+0200,3224.966,3224.534,0.0008,0.0022
29.07.2020 01:28:22.296 GMT+0200,3225.245,3224.534,0.0008,0.0026
29.07.2020 01:28:22.626 GMT+0200,3225.245,3224.2459999999996,0.003,0.0026
29.07.2020 01:28:22.676 GMT+0200,3224.9570000000003,3224.2459999999996,0.003,0.0026
29.07.2020 01:28:38.086 GMT+0200,3225.1659999999997,3224.452,0.003,0.0026
29.07.2020 01:28:39.025 GMT+0200,3224.9570000000003,3224.452,0.0008,0.0022
29.07.2020 01:28:39.075 GMT+0200,3224.9570000000003,3224.2400000000002,0.0008,0.0026
29.07.2020 01:28:39.348 GMT+0200,3224.9570000000003,3224.4490000000005,0.0008,0.0022
29.07.2020 01:28:39.399 GMT+0200,3225.1,3224.4490000000005,0.003,0.0022
29.07.2020 01:28:39.510 GMT+0200,3225.1,3224.2400000000002,0.003,0.0026
29.07.2020 01:28:39.560 GMT+0200,3224.945,3224.2400000000002,0.0008,0.0026
29.07.2020 01:29:12.087 GMT+0200,3225.2659999999996,3224.2400000000002,0.003,0.0026
29.07.2020 01:29:12.137 GMT+0200,3225.2659999999996,3224.5490000000004,0.003,0.0026
29.07.2020 01:29:13.218 GMT+0200,3225.2659999999996,3224.2459999999996,0.003,0.0026
29.07.2020 01:29:13.269 GMT+0200,3224.966,3224.2459999999996,0.003,0.0022
29.07.2020 01:29:40.316 GMT+0200,3224.8,3224.2459999999996,0.0008,0.0022
29.07.2020 01:29:40.366 GMT+0200,3224.8,3224.1340000000005,0.0008,0.0026
29.07.2020 01:29:44.680 GMT+0200,3224.763,3224.1340000000005,0.0008,0.0022
29.07.2020 01:29:44.730 GMT+0200,3224.763,3224.034,0.003,0.0026
29.07.2020 01:29:51.916 GMT+0200,3224.763,3223.7340000000004,0.003,0.0026
29.07.2020 01:29:51.966 GMT+0200,3224.4629999999997,3223.7340000000004,0.003,0.0026
29.07.2020 01:30:00.379 GMT+0200,3224.4629999999997,3224.034,0.0008,0.0022
29.07.2020 01:30:00.429 GMT+0200,3224.763,3224.034,0.003,0.0026
29.07.2020 01:30:00.855 GMT+0200,3224.763,3223.5370000000003,0.003,0.0026
29.07.2020 01:30:00.906 GMT+0200,3224.263,3223.5370000000003,0.003,0.0026
29.07.2020 01:30:01.339 GMT+0200,3224.263,3223.8,0.0008,0.0022
29.07.2020 01:30:01.389 GMT+0200,3224.445,3223.8,0.0008,0.0022
29.07.2020 01:30:17.977 GMT+0200,3224.248,3223.8,0.0008,0.0022
29.07.2020 01:30:18.027 GMT+0200,3224.248,3223.6,0.0008,0.0026
29.07.2020 01:30:19.216 GMT+0200,3224.448,3223.6,0.003,0.0026
29.07.2020 01:30:19.266 GMT+0200,3224.448,3223.755,0.0008,0.0022
29.07.2020 01:30:23.597 GMT+0200,3224.745,3223.755,0.003,0.0026
29.07.2020 01:30:23.647 GMT+0200,3224.745,3224.046,0.003,0.0022
29.07.2020 01:30:25.156 GMT+0200,3224.745,3224.2459999999996,0.0008,0.0022
29.07.2020 01:30:25.206 GMT+0200,3224.948,3224.2459999999996,0.003,0.0026
29.07.2020 01:30:34.163 GMT+0200,3225.2540000000004,3224.2459999999996,0.003,0.0026
29.07.2020 01:30:34.214 GMT+0200,3225.2540000000004,3224.5490000000004,0.003,0.0022
29.07.2020 01:30:37.673 GMT+0200,3225.466,3224.5490000000004,0.003,0.0026
29.07.2020 01:30:37.723 GMT+0200,3225.466,3224.7459999999996,0.003,0.0026
29.07.2020 01:30:51.524 GMT+0200,3225.466,3225.034,0.0008,0.0022
29.07.2020 01:30:51.574 GMT+0200,3225.7540000000004,3225.034,0.003,0.0026
29.07.2020 01:31:08.022 GMT+0200,3225.445,3225.034,0.0008,0.0022
29.07.2020 01:31:08.072 GMT+0200,3225.445,3224.7520000000004,0.0008,0.0022
29.07.2020 01:31:08.183 GMT+0200,3225.445,3224.546,0.003,0.0026
29.07.2020 01:31:08.234 GMT+0200,3225.2000000000003,3224.546,0.0008,0.0022
29.07.2020 01:31:08.510 GMT+0200,3225.2000000000003,3224.2490000000003,0.003,0.0026
29.07.2020 01:31:08.561 GMT+0200,3224.9,3224.2490000000003,0.0008,0.0022
29.07.2020 01:31:09.271 GMT+0200,3224.7000000000003,3224.2490000000003,0.0008,0.0022
29.07.2020 01:31:09.321 GMT+0200,3224.7000000000003,3224.034,0.0008,0.0026
29.07.2020 01:31:12.704 GMT+0200,3224.7000000000003,3224.3,0.0008,0.0022
29.07.2020 01:31:12.755 GMT+0200,3224.954,3224.3,0.003,0.0026
29.07.2020 01:31:14.019 GMT+0200,3224.745,3224.3,0.0008,0.0022
29.07.2020 01:31:14.069 GMT+0200,3224.745,3224.0550000000003,0.0008,0.0022
29.07.2020 01:31:29.138 GMT+0200,3224.948,3224.0550000000003,0.003,0.0026
29.07.2020 01:31:29.189 GMT+0200,3224.948,3224.2490000000003,0.0008,0.0026
29.07.2020 01:31:52.871 GMT+0200,3224.757,3224.2490000000003,0.0008,0.0022
29.07.2020 01:31:52.922 GMT+0200,3224.757,3224.034,0.003,0.0026
29.07.2020 01:31:58.046 GMT+0200,3224.945,3224.034,0.003,0.0026
29.07.2020 01:31:58.096 GMT+0200,3224.945,3224.2400000000002,0.0008,0.0022
29.07.2020 01:32:12.647 GMT+0200,3224.763,3224.0370000000003,0.003,0.0022
29.07.2020 01:32:18.180 GMT+0200,3224.9570000000003,3224.0370000000003,0.003,0.0026
29.07.2020 01:32:18.230 GMT+0200,3224.9570000000003,3224.237,0.003,0.0026
29.07.2020 01:32:18.720 GMT+0200,3224.76,3224.237,0.0008,0.0022
29.07.2020 01:32:18.770 GMT+0200,3224.76,3224.034,0.003,0.0026
29.07.2020 01:32:45.918 GMT+0200,3224.466,3224.034,0.0008,0.0022
29.07.2020 01:32:45.968 GMT+0200,3224.466,3223.7490000000003,0.003,0.0022
29.07.2020 01:32:49.011 GMT+0200,3224.466,3224.0550000000003,0.0008,0.0022
29.07.2020 01:32:49.061 GMT+0200,3224.757,3224.0550000000003,0.003,0.0022
29.07.2020 01:32:49.824 GMT+0200,3224.757,3223.955,0.003,0.0026
29.07.2020 01:32:49.875 GMT+0200,3224.663,3223.955,0.003,0.0022
29.07.2020 01:32:52.412 GMT+0200,3224.663,3223.755,0.003,0.0026
29.07.2020 01:32:52.462 GMT+0200,3224.451,3223.755,0.003,0.0022
29.07.2020 01:33:16.105 GMT+0200,3224.745,3223.755,0.003,0.0026
29.07.2020 01:33:16.155 GMT+0200,3224.745,3224.1,0.0008,0.0022
29.07.2020 01:33:20.976 GMT+0200,3224.951,3224.2400000000002,0.0008,0.0026
29.07.2020 01:33:35.500 GMT+0200,3224.76,3224.2400000000002,0.0008,0.0022
29.07.2020 01:33:35.550 GMT+0200,3224.76,3224.1,0.003,0.0026
29.07.2020 01:33:38.707 GMT+0200,3224.451,3224.1,0.0008,0.0022
29.07.2020 01:33:38.757 GMT+0200,3224.451,3223.7520000000004,0.003,0.0022
29.07.2020 01:33:45.350 GMT+0200,3224.7659999999996,3223.7520000000004,0.003,0.0026
29.07.2020 01:33:45.401 GMT+0200,3224.7659999999996,3224.04,0.003,0.0026
29.07.2020 01:33:51.499 GMT+0200,3224.948,3224.04,0.003,0.0026
29.07.2020 01:33:51.549 GMT+0200,3224.948,3224.237,0.003,0.0026
29.07.2020 01:33:57.991 GMT+0200,3224.948,3224.0550000000003,0.003,0.0026
29.07.2020 01:33:58.041 GMT+0200,3224.7000000000003,3224.0550000000003,0.0008,0.0022
29.07.2020 01:33:59.268 GMT+0200,3224.9,3224.2459999999996,0.0008,0.0026
29.07.2020 01:34:11.714 GMT+0200,3225.145,3224.2459999999996,0.003,0.0026
29.07.2020 01:34:11.765 GMT+0200,3225.145,3224.434,0.0008,0.0026
29.07.2020 01:34:13.804 GMT+0200,3224.951,3224.434,0.0008,0.0022
29.07.2020 01:34:13.854 GMT+0200,3224.951,3224.2490000000003,0.0008,0.0022
29.07.2020 01:34:19.137 GMT+0200,3224.951,3224.552,0.0008,0.0022
29.07.2020 01:34:19.188 GMT+0200,3225.245,3224.552,0.0008,0.0022
29.07.2020 01:34:45.721 GMT+0200,3225.4,3224.552,0.003,0.0026
29.07.2020 01:34:45.772 GMT+0200,3225.4,3224.7340000000004,0.003,0.0026
29.07.2020 01:34:59.344 GMT+0200,3225.3,3224.637,0.0008,0.0026
29.07.2020 01:35:00.158 GMT+0200,3225.263,3224.637,0.0008,0.0022
29.07.2020 01:35:00.209 GMT+0200,3225.263,3224.54,0.003,0.0026
29.07.2020 01:35:04.699 GMT+0200,3225.263,3224.4429999999998,0.003,0.0026
29.07.2020 01:35:04.749 GMT+0200,3225.16,3224.4429999999998,0.0008,0.0022
29.07.2020 01:35:04.957 GMT+0200,3225.2659999999996,3224.6,0.003,0.0022
29.07.2020 01:35:05.116 GMT+0200,3225.2659999999996,3224.446,0.003,0.0026
29.07.2020 01:35:05.167 GMT+0200,3225.145,3224.446,0.003,0.0022
29.07.2020 01:35:05.454 GMT+0200,3225.145,3224.5550000000003,0.0008,0.0022
29.07.2020 01:35:05.504 GMT+0200,3225.2000000000003,3224.5550000000003,0.003,0.0022
29.07.2020 01:35:06.033 GMT+0200,3225.2000000000003,3224.4429999999998,0.003,0.0026
29.07.2020 01:35:06.083 GMT+0200,3225.1,3224.4429999999998,0.003,0.0022
29.07.2020 01:35:06.456 GMT+0200,3225.1,3224.534,0.0008,0.0022
29.07.2020 01:35:06.506 GMT+0200,3225.26,3224.534,0.003,0.0026
29.07.2020 01:35:23.479 GMT+0200,3225.1540000000005,3224.534,0.0008,0.0022
29.07.2020 01:35:23.529 GMT+0200,3225.1540000000005,3224.446,0.003,0.0026
29.07.2020 01:35:23.639 GMT+0200,3224.951,3224.446,0.0008,0.0022
29.07.2020 01:35:23.690 GMT+0200,3224.951,3224.237,0.0008,0.0026
29.07.2020 01:35:57.115 GMT+0200,3225.257,3224.546,0.003,0.0026
29.07.2020 01:35:57.445 GMT+0200,3225.157,3224.4370000000004,0.003,0.0026
29.07.2020 01:35:58.831 GMT+0200,3225.157,3224.3,0.003,0.0026
29.07.2020 01:35:58.881 GMT+0200,3224.9629999999997,3224.3,0.003,0.0022
29.07.2020 01:36:01.790 GMT+0200,3225.2659999999996,3224.3,0.003,0.0026
29.07.2020 01:36:01.840 GMT+0200,3225.2659999999996,3224.534,0.003,0.0026
29.07.2020 01:36:18.569 GMT+0200,3225.145,3224.446,0.003,0.0022
29.07.2020 01:36:22.437 GMT+0200,3225.2659999999996,3224.446,0.003,0.0026
29.07.2020 01:36:22.487 GMT+0200,3225.2659999999996,3224.5490000000004,0.003,0.0022
29.07.2020 01:36:29.250 GMT+0200,3225.448,3224.5490000000004,0.003,0.0026
29.07.2020 01:36:29.301 GMT+0200,3225.448,3224.743,0.0008,0.0022
29.07.2020 01:36:44.321 GMT+0200,3225.2000000000003,3224.546,0.0008,0.0026
29.07.2020 01:36:47.655 GMT+0200,3225.2000000000003,3224.6340000000005,0.0008,0.0022
29.07.2020 01:36:47.705 GMT+0200,3225.357,3224.6340000000005,0.003,0.0026
29.07.2020 01:36:48.281 GMT+0200,3225.26,3224.54,0.003,0.0026
29.07.2020 01:36:48.430 GMT+0200,3225.26,3224.7520000000004,0.0008,0.0022
29.07.2020 01:36:48.480 GMT+0200,3225.4629999999997,3224.7520000000004,0.003,0.0026
29.07.2020 01:36:52.980 GMT+0200,3225.4629999999997,3224.54,0.003,0.0026
29.07.2020 01:36:53.031 GMT+0200,3225.2540000000004,3224.54,0.003,0.0026
29.07.2020 01:36:56.217 GMT+0200,3225.445,3224.54,0.003,0.0026
29.07.2020 01:36:56.268 GMT+0200,3225.445,3224.743,0.0008,0.0026
29.07.2020 01:36:58.360 GMT+0200,3225.445,3224.6459999999997,0.003,0.0026
29.07.2020 01:36:58.411 GMT+0200,3225.348,3224.6459999999997,0.003,0.0022
29.07.2020 01:37:00.245 GMT+0200,3225.2659999999996,3224.6459999999997,0.0008,0.0022
29.07.2020 01:37:00.296 GMT+0200,3225.2659999999996,3224.534,0.003,0.0026
29.07.2020 01:37:01.982 GMT+0200,3225.348,3224.534,0.003,0.0026
29.07.2020 01:37:02.032 GMT+0200,3225.348,3224.64,0.0008,0.0026
29.07.2020 01:37:02.304 GMT+0200,3225.348,3224.5490000000004,0.003,0.0026
29.07.2020 01:37:02.354 GMT+0200,3225.248,3224.5490000000004,0.003,0.0026
29.07.2020 01:37:02.475 GMT+0200,3225.366,3224.6490000000003,0.003,0.0026
29.07.2020 01:37:02.933 GMT+0200,3225.448,3224.6490000000003,0.003,0.0026
29.07.2020 01:37:02.983 GMT+0200,3225.448,3224.7400000000002,0.003,0.0022
29.07.2020 01:37:26.246 GMT+0200,3225.26,3224.6,0.003,0.0022
29.07.2020 01:37:30.468 GMT+0200,3224.966,3224.6,0.0008,0.0022
29.07.2020 01:37:30.519 GMT+0200,3224.966,3224.2490000000003,0.003,0.0026
29.07.2020 01:37:32.462 GMT+0200,3225.1540000000005,3224.2490000000003,0.003,0.0026
29.07.2020 01:37:32.512 GMT+0200,3225.1540000000005,3224.452,0.003,0.0022
29.07.2020 01:37:33.264 GMT+0200,3225.1540000000005,3224.5370000000003,0.0008,0.0022
29.07.2020 01:37:33.315 GMT+0200,3225.245,3224.5370000000003,0.0008,0.0026
29.07.2020 01:37:36.968 GMT+0200,3225.4570000000003,3224.5370000000003,0.003,0.0026
29.07.2020 01:37:37.019 GMT+0200,3225.4570000000003,3224.755,0.003,0.0022
29.07.2020 01:37:45.809 GMT+0200,3225.248,3224.755,0.0008,0.0022
29.07.2020 01:37:45.859 GMT+0200,3225.248,3224.546,0.0008,0.0022
29.07.2020 01:37:59.728 GMT+0200,3225.448,3224.546,0.003,0.0026
29.07.2020 01:37:59.778 GMT+0200,3225.448,3224.7459999999996,0.0008,0.0026
29.07.2020 01:38:35.337 GMT+0200,3225.448,3224.543,0.003,0.0026
29.07.2020 01:38:35.388 GMT+0200,3225.248,3224.543,0.0008,0.0026
29.07.2020 01:38:35.497 GMT+0200,3225.248,3224.7520000000004,0.0008,0.0022
29.07.2020 01:38:35.547 GMT+0200,3225.451,3224.7520000000004,0.0008,0.0022
29.07.2020 01:38:38.458 GMT+0200,3225.2540000000004,3224.7520000000004,0.0008,0.0022
29.07.2020 01:38:38.509 GMT+0200,3225.2540000000004,3224.546,0.003,0.0026
29.07.2020 01:38:55.847 GMT+0200,3225.448,3224.546,0.003,0.0026
29.07.2020 01:38:55.897 GMT+0200,3225.448,3224.755,0.0008,0.0022
29.07.2020 01:39:02.550 GMT+0200,3225.763,3224.755,0.003,0.0026
29.07.2020 01:39:02.600 GMT+0200,3225.763,3225.0370000000003,0.003,0.0026
29.07.2020 01:39:04.293 GMT+0200,3225.451,3224.8,0.0008,0.0022
29.07.2020 01:39:58.096 GMT+0200,3225.7540000000004,3225.034,0.0008,0.0026
29.07.2020 01:40:50.061 GMT+0200,3225.451,3225.034,0.0008,0.0022
29.07.2020 01:40:50.112 GMT+0200,3225.451,3224.7400000000002,0.003,0.0026
29.07.2020 01:40:58.245 GMT+0200,3225.245,3224.7400000000002,0.0008,0.0022
29.07.2020 01:40:58.295 GMT+0200,3225.245,3224.552,0.0008,0.0022
29.07.2020 01:41:02.378 GMT+0200,3225.46,3224.552,0.003,0.0026
29.07.2020 01:41:02.428 GMT+0200,3225.46,3224.7400000000002,0.003,0.0026
29.07.2020 01:41:06.381 GMT+0200,3225.748,3224.7400000000002,0.003,0.0026
29.07.2020 01:41:06.431 GMT+0200,3225.748,3225.0490000000004,0.0008,0.0022
29.07.2020 01:41:07.539 GMT+0200,3225.4,3225.0490000000004,0.0008,0.0022
29.07.2020 01:41:07.589 GMT+0200,3225.4,3224.737,0.0008,0.0026
29.07.2020 01:41:28.773 GMT+0200,3225.6659999999997,3224.737,0.003,0.0026
29.07.2020 01:41:28.823 GMT+0200,3225.6659999999997,3224.955,0.003,0.0026
29.07.2020 01:41:30.230 GMT+0200,3225.4,3224.7459999999996,0.0008,0.0026
29.07.2020 01:41:31.464 GMT+0200,3225.6,3224.7459999999996,0.003,0.0026
29.07.2020 01:41:31.514 GMT+0200,3225.6,3224.94,0.0008,0.0022
29.07.2020 01:41:33.296 GMT+0200,3225.7509999999997,3224.94,0.003,0.0026
29.07.2020 01:41:33.346 GMT+0200,3225.7509999999997,3225.046,0.0008,0.0026
29.07.2020 01:41:33.454 GMT+0200,3225.4570000000003,3225.046,0.0008,0.0022
29.07.2020 01:41:33.505 GMT+0200,3225.4570000000003,3224.743,0.003,0.0026
29.07.2020 01:41:33.958 GMT+0200,3225.6540000000005,3224.743,0.003,0.0026
29.07.2020 01:41:34.008 GMT+0200,3225.6540000000005,3224.9490000000005,0.0008,0.0026
29.07.2020 01:41:34.190 GMT+0200,3225.466,3224.7520000000004,0.003,0.0022
29.07.2020 01:41:35.325 GMT+0200,3225.66,3224.7520000000004,0.003,0.0026
29.07.2020 01:41:35.376 GMT+0200,3225.66,3225,0.0008,0.0022
29.07.2020 01:41:35.855 GMT+0200,3225.66,3225.0490000000004,0.0008,0.0022
29.07.2020 01:41:35.906 GMT+0200,3225.76,3225.0490000000004,0.003,0.0026
29.07.2020 01:41:46.412 GMT+0200,3225.4,3225.0490000000004,0.0008,0.0022
29.07.2020 01:41:46.463 GMT+0200,3225.4,3224.737,0.0008,0.0022
29.07.2020 01:41:51.889 GMT+0200,3225.3540000000003,3224.737,0.0008,0.0022
29.07.2020 01:41:51.939 GMT+0200,3225.3540000000003,3224.64,0.003,0.0026
29.07.2020 01:41:53.883 GMT+0200,3225.3540000000003,3224.5490000000004,0.003,0.0026
29.07.2020 01:41:53.934 GMT+0200,3225.2540000000004,3224.5490000000004,0.003,0.0022
29.07.2020 01:41:55.532 GMT+0200,3225.3509999999997,3224.5490000000004,0.003,0.0026
29.07.2020 01:41:55.583 GMT+0200,3225.3509999999997,3224.7000000000003,0.0008,0.0022
29.07.2020 01:41:57.231 GMT+0200,3225.445,3224.7000000000003,0.003,0.0026
29.07.2020 01:41:57.282 GMT+0200,3225.445,3224.743,0.0008,0.0022
29.07.2020 01:41:57.392 GMT+0200,3225.3,3224.743,0.0008,0.0022
29.07.2020 01:41:57.442 GMT+0200,3225.3,3224.6459999999997,0.0008,0.0022
29.07.2020 01:41:57.551 GMT+0200,3225.748,3224.6459999999997,0.003,0.0026
29.07.2020 01:41:57.602 GMT+0200,3225.748,3225.0490000000004,0.0008,0.0026
29.07.2020 01:42:04.556 GMT+0200,3225.466,3224.7400000000002,0.003,0.0026
29.07.2020 01:42:05.228 GMT+0200,3225.7000000000003,3224.7400000000002,0.003,0.0026
29.07.2020 01:42:05.279 GMT+0200,3225.7000000000003,3225.1,0.0008,0.0022
29.07.2020 01:42:08.188 GMT+0200,3225.645,3224.955,0.0008,0.0022
29.07.2020 01:42:10.398 GMT+0200,3225.4629999999997,3224.955,0.0008,0.0022
29.07.2020 01:42:10.449 GMT+0200,3225.4629999999997,3224.7490000000003,0.003,0.0022
29.07.2020 01:42:10.558 GMT+0200,3225.748,3224.7490000000003,0.003,0.0026
29.07.2020 01:42:10.609 GMT+0200,3225.748,3225.0370000000003,0.003,0.0026
29.07.2020 01:42:38.972 GMT+0200,3225.748,3224.534,0.003,0.0026
29.07.2020 01:42:39.023 GMT+0200,3225.2509999999997,3224.534,0.0008,0.0026
29.07.2020 01:42:51.102 GMT+0200,3225.4629999999997,3224.7520000000004,0.003,0.0026
29.07.2020 01:43:06.947 GMT+0200,3225.26,3224.5370000000003,0.003,0.0026
29.07.2020 01:43:10.581 GMT+0200,3225.26,3224.4490000000005,0.003,0.0026
29.07.2020 01:43:10.632 GMT+0200,3225.145,3224.4490000000005,0.0008,0.0026
29.07.2020 01:43:10.909 GMT+0200,3225.263,3224.54,0.003,0.0026
29.07.2020 01:43:14.816 GMT+0200,3225.148,3224.54,0.0008,0.0022
29.07.2020 01:43:14.867 GMT+0200,3225.148,3224.44,0.0008,0.0026
29.07.2020 01:43:15.349 GMT+0200,3225.148,3224.552,0.0008,0.0022
29.07.2020 01:43:15.399 GMT+0200,3225.245,3224.552,0.003,0.0022
29.07.2020 01:43:15.531 GMT+0200,3225.145,3224.44,0.0008,0.0026
29.07.2020 01:43:15.672 GMT+0200,3224.954,3224.44,0.0008,0.0022
29.07.2020 01:43:15.723 GMT+0200,3224.954,3224.2340000000004,0.0008,0.0026
29.07.2020 01:43:17.886 GMT+0200,3224.263,3224.223,0.0008,0.0022
29.07.2020 01:43:17.936 GMT+0200,3224.263,3223.546,0.003,0.0026
29.07.2020 01:43:19.950 GMT+0200,3224.448,3223.546,0.003,0.0026
29.07.2020 01:43:20.001 GMT+0200,3224.448,3223.743,0.0008,0.0026
29.07.2020 01:43:29.808 GMT+0200,3224.448,3223.9490000000005,0.0008,0.0022
29.07.2020 01:43:29.858 GMT+0200,3224.663,3223.9490000000005,0.003,0.0022
29.07.2020 01:43:30.829 GMT+0200,3224.663,3224.046,0.0008,0.0022
29.07.2020 01:43:30.879 GMT+0200,3224.757,3224.046,0.003,0.0026
29.07.2020 01:43:41.622 GMT+0200,3224.757,3224.1459999999997,0.0008,0.0022
29.07.2020 01:43:41.673 GMT+0200,3224.848,3224.1459999999997,0.003,0.0026
29.07.2020 01:43:42.275 GMT+0200,3224.848,3224.255,0.0008,0.0022
29.07.2020 01:43:42.325 GMT+0200,3224.9629999999997,3224.255,0.003,0.0022
29.07.2020 01:43:53.191 GMT+0200,3224.7659999999996,3224.255,0.0008,0.0022
29.07.2020 01:43:53.241 GMT+0200,3224.7659999999996,3224.052,0.003,0.0022
29.07.2020 01:44:09.700 GMT+0200,3224.8,3224.052,0.003,0.0026
29.07.2020 01:44:09.750 GMT+0200,3224.8,3224.14,0.003,0.0022
29.07.2020 01:44:11.404 GMT+0200,3224.8,3224.3,0.0008,0.0022
29.07.2020 01:44:11.455 GMT+0200,3224.948,3224.3,0.0008,0.0022
29.07.2020 01:45:40.452 GMT+0200,3225.1540000000005,3224.3,0.003,0.0026
29.07.2020 01:45:40.503 GMT+0200,3225.1540000000005,3224.434,0.0008,0.0026
29.07.2020 01:45:40.792 GMT+0200,3225.1540000000005,3224.2520000000004,0.003,0.0026
29.07.2020 01:45:40.842 GMT+0200,3224.948,3224.2520000000004,0.003,0.0026
29.07.2020 01:46:02.373 GMT+0200,3225.2659999999996,3224.2520000000004,0.003,0.0026
29.07.2020 01:46:02.423 GMT+0200,3225.2659999999996,3224.5550000000003,0.003,0.0026
29.07.2020 01:46:28.418 GMT+0200,3224.945,3224.5550000000003,0.0008,0.0022
29.07.2020 01:46:28.469 GMT+0200,3224.945,3224.2490000000003,0.0008,0.0026
29.07.2020 01:46:53.240 GMT+0200,3225.245,3224.2490000000003,0.003,0.0026
29.07.2020 01:46:53.291 GMT+0200,3225.245,3224.6,0.003,0.0026
29.07.2020 01:46:55.129 GMT+0200,3225.1659999999997,3224.6,0.0008,0.0022
29.07.2020 01:46:55.179 GMT+0200,3225.1659999999997,3224.5,0.003,0.0022
29.07.2020 01:46:55.292 GMT+0200,3224.9570000000003,3224.5,0.0008,0.0022
29.07.2020 01:46:55.342 GMT+0200,3224.9570000000003,3224.237,0.003,0.0026
29.07.2020 01:46:57.774 GMT+0200,3225.2540000000004,3224.237,0.003,0.0026
29.07.2020 01:46:57.824 GMT+0200,3225.2540000000004,3224.543,0.0008,0.0022
29.07.2020 01:47:09.313 GMT+0200,3225.2540000000004,3224.2400000000002,0.003,0.0026
29.07.2020 01:47:09.363 GMT+0200,3224.948,3224.2400000000002,0.003,0.0026
29.07.2020 01:47:15.348 GMT+0200,3225.257,3224.2400000000002,0.003,0.0026
29.07.2020 01:47:15.399 GMT+0200,3225.257,3224.543,0.003,0.0022
29.07.2020 01:47:41.123 GMT+0200,3225.4570000000003,3224.543,0.003,0.0026
29.07.2020 01:47:41.173 GMT+0200,3225.4570000000003,3224.7490000000003,0.0008,0.0026
29.07.2020 01:47:52.238 GMT+0200,3225.2000000000003,3224.7490000000003,0.0008,0.0022
29.07.2020 01:47:52.288 GMT+0200,3225.2000000000003,3224.5490000000004,0.0008,0.0022
29.07.2020 01:48:03.243 GMT+0200,3224.945,3224.5490000000004,0.0008,0.0022
29.07.2020 01:48:03.294 GMT+0200,3224.945,3224.237,0.0008,0.0026
29.07.2020 01:48:09.236 GMT+0200,3225.26,3224.237,0.003,0.0026
29.07.2020 01:48:09.286 GMT+0200,3225.26,3224.5550000000003,0.003,0.0026
29.07.2020 01:48:59.853 GMT+0200,3225.4,3224.7340000000004,0.0008,0.0026
29.07.2020 01:49:01.256 GMT+0200,3225.757,3224.7340000000004,0.003,0.0026
29.07.2020 01:49:01.307 GMT+0200,3225.757,3225.0550000000003,0.003,0.0022
29.07.2020 01:49:01.743 GMT+0200,3225.4570000000003,3225.0550000000003,0.0008,0.0022
29.07.2020 01:49:01.794 GMT+0200,3225.4570000000003,3224.755,0.003,0.0022
