Local time,Ask,Bid,AskVolume,BidVolume
29.07.2020 00:00:00.085 GMT+0200,181.535,181.49400000000003,0.0141,0.0159
29.07.2020 00:00:00.136 GMT+0200,181.50400000000002,181.46599999999998,0.0141,0.0159
29.07.2020 00:00:00.312 GMT+0200,181.503,181.467,0.0141,0.0159
29.07.2020 00:00:06.981 GMT+0200,181.507,181.47,0.0141,0.0159
29.07.2020 00:00:08.821 GMT+0200,181.50400000000002,181.465,0.0141,0.0159
29.07.2020 00:00:12.401 GMT+0200,181.505,181.465,0.0141,0.0159
29.07.2020 00:00:13.508 GMT+0200,181.506,181.46599999999998,0.0141,0.0159
29.07.2020 00:00:17.200 GMT+0200,181.505,181.463,0.0141,0.0159
29.07.2020 00:01:13.481 GMT+0200,181.50400000000002,181.47,0.0141,0.0159
29.07.2020 00:01:20.055 GMT+0200,181.53400000000002,181.49400000000003,0.0141,0.0159
29.07.2020 00:01:20.164 GMT+0200,181.533,181.49599999999998,0.0141,0.0159
29.07.2020 00:01:29.937 GMT+0200,181.53799999999998,181.50099999999998,0.0141,0.0159
29.07.2020 00:01:48.468 GMT+0200,181.53400000000002,181.49900000000002,0.0141,0.0159
29.07.2020 00:01:56.377 GMT+0200,181.53099999999998,181.49599999999998,0.0141,0.0159
29.07.2020 00:02:15.865 GMT+0200,181.53099999999998,181.498,0.0141,0.0159
29.07.2020 00:02:18.218 GMT+0200,181.53400000000002,181.498,0.0141,0.0159
29.07.2020 00:02:44.425 GMT+0200,181.533,181.50099999999998,0.0141,0.0159
29.07.2020 00:02:57.887 GMT+0200,181.535,181.49400000000003,0.0141,0.0159
29.07.2020 00:03:12.490 GMT+0200,181.533,181.49599999999998,0.0141,0.0159
29.07.2020 00:03:25.578 GMT+0200,181.53099999999998,181.50099999999998,0.0141,0.0159
29.07.2020 00:03:31.558 GMT+0200,181.53099999999998,181.49599999999998,0.0141,0.0159
29.07.2020 00:03:41.322 GMT+0200,181.537,181.49400000000003,0.0141,0.0159
29.07.2020 00:03:52.107 GMT+0200,181.53099999999998,181.50099999999998,0.0141,0.0159
29.07.2020 00:03:53.662 GMT+0200,181.537,181.50099999999998,0.0141,0.0159
29.07.2020 00:03:57.800 GMT+0200,181.536,181.497,0.0141,0.0159
29.07.2020 00:04:03.467 GMT+0200,181.536,181.49900000000002,0.0141,0.0159
29.07.2020 00:04:10.703 GMT+0200,181.507,181.47,0.0141,0.0159
29.07.2020 00:04:10.820 GMT+0200,181.502,181.467,0.0141,0.0159
29.07.2020 00:04:11.138 GMT+0200,181.507,181.467,0.0141,0.0159
29.07.2020 00:04:13.685 GMT+0200,181.502,181.465,0.0141,0.0159
29.07.2020 00:04:42.442 GMT+0200,181.505,181.467,0.0141,0.0159
29.07.2020 00:05:01.836 GMT+0200,181.505,181.47,0.0141,0.0159
29.07.2020 00:05:39.510 GMT+0200,181.5,181.46599999999998,0.0141,0.0159
29.07.2020 00:06:03.605 GMT+0200,181.5,181.467,0.0141,0.0159
29.07.2020 00:06:06.144 GMT+0200,181.5,181.463,0.0141,0.0159
29.07.2020 00:07:03.906 GMT+0200,181.506,181.47,0.0141,0.0159
29.07.2020 00:07:20.344 GMT+0200,181.50400000000002,181.468,0.0141,0.0159
29.07.2020 00:07:29.490 GMT+0200,181.5,181.467,0.0141,0.0159
29.07.2020 00:08:11.130 GMT+0200,181.507,181.46599999999998,0.0141,0.0159
29.07.2020 00:08:32.897 GMT+0200,181.502,181.465,0.0141,0.0159
29.07.2020 00:10:06.799 GMT+0200,181.505,181.47,0.0141,0.0159
29.07.2020 00:10:34.128 GMT+0200,181.506,181.47,0.0141,0.0159
29.07.2020 00:10:44.140 GMT+0200,181.50400000000002,181.47,0.0141,0.0159
29.07.2020 00:10:51.586 GMT+0200,181.507,181.463,0.0141,0.0159
29.07.2020 00:10:54.149 GMT+0200,181.50400000000002,181.463,0.0141,0.0159
29.07.2020 00:11:04.169 GMT+0200,181.503,181.467,0.0141,0.0159
29.07.2020 00:13:52.070 GMT+0200,181.503,181.47,0.0141,0.0159
29.07.2020 00:13:54.389 GMT+0200,181.505,181.463,0.0141,0.0159
29.07.2020 00:14:24.217 GMT+0200,181.50400000000002,181.467,0.0141,0.0159
29.07.2020 00:14:24.321 GMT+0200,181.506,181.463,0.0141,0.0159
29.07.2020 00:15:18.605 GMT+0200,181.502,181.468,0.0141,0.0159
29.07.2020 00:18:28.238 GMT+0200,181.502,181.463,0.0141,0.0159
29.07.2020 00:18:49.552 GMT+0200,181.505,181.463,0.0141,0.0159
29.07.2020 00:18:50.053 GMT+0200,181.50400000000002,181.468,0.0141,0.0159
29.07.2020 00:19:04.759 GMT+0200,181.507,181.468,0.0141,0.0159
29.07.2020 00:19:26.038 GMT+0200,181.505,181.468,0.0141,0.0159
29.07.2020 00:19:26.339 GMT+0200,181.503,181.463,0.0141,0.0159
29.07.2020 00:19:34.795 GMT+0200,181.506,181.46599999999998,0.0141,0.0159
29.07.2020 00:19:35.522 GMT+0200,181.503,181.468,0.0141,0.0159
29.07.2020 00:19:56.223 GMT+0200,181.50400000000002,181.46599999999998,0.0141,0.0159
29.07.2020 00:20:04.827 GMT+0200,181.503,181.46599999999998,0.0141,0.0159
29.07.2020 00:20:11.018 GMT+0200,181.5,181.468,0.0141,0.0159
29.07.2020 00:20:16.569 GMT+0200,181.506,181.463,0.0141,0.0159
29.07.2020 00:20:50.225 GMT+0200,181.506,181.465,0.0141,0.0159
29.07.2020 00:21:43.333 GMT+0200,181.503,181.46599999999998,0.0141,0.0159
29.07.2020 00:22:01.287 GMT+0200,181.505,181.46400000000003,0.0141,0.0159
29.07.2020 00:22:01.817 GMT+0200,181.507,181.46599999999998,0.0141,0.0159
29.07.2020 00:22:43.086 GMT+0200,181.506,181.463,0.0141,0.0159
29.07.2020 00:22:50.074 GMT+0200,181.5,181.47,0.0141,0.0159
29.07.2020 00:23:11.657 GMT+0200,181.506,181.467,0.0141,0.0159
29.07.2020 00:23:28.378 GMT+0200,181.5,181.467,0.0141,0.0159
29.07.2020 00:25:09.654 GMT+0200,181.507,181.465,0.0141,0.0159
29.07.2020 00:25:11.087 GMT+0200,181.507,181.46400000000003,0.0141,0.0159
29.07.2020 00:26:05.320 GMT+0200,181.506,181.463,0.0141,0.0159
29.07.2020 00:28:15.524 GMT+0200,181.50400000000002,181.463,0.0141,0.0159
29.07.2020 00:29:16.556 GMT+0200,181.53099999999998,181.498,0.0141,0.0159
29.07.2020 00:29:16.670 GMT+0200,181.537,181.49400000000003,0.0141,0.0159
29.07.2020 00:29:57.404 GMT+0200,181.507,181.465,0.0141,0.0159
29.07.2020 00:29:57.512 GMT+0200,181.50400000000002,181.46599999999998,0.0141,0.0159
29.07.2020 00:30:00.558 GMT+0200,181.502,181.467,0.0141,0.0159
29.07.2020 00:30:58.997 GMT+0200,181.502,181.46400000000003,0.0141,0.0159
29.07.2020 00:31:25.809 GMT+0200,181.505,181.463,0.0141,0.0159
29.07.2020 00:31:35.862 GMT+0200,181.506,181.465,0.0141,0.0159
29.07.2020 00:31:50.613 GMT+0200,181.503,181.467,0.0141,0.0159
29.07.2020 00:31:50.812 GMT+0200,181.507,181.468,0.0141,0.0159
29.07.2020 00:32:00.177 GMT+0200,181.516,181.483,0.0141,0.0159
29.07.2020 00:32:00.954 GMT+0200,181.50400000000002,181.46599999999998,0.0141,0.0159
29.07.2020 00:32:02.513 GMT+0200,181.502,181.468,0.0141,0.0159
29.07.2020 00:32:15.883 GMT+0200,181.50400000000002,181.46400000000003,0.0141,0.0159
29.07.2020 00:32:16.547 GMT+0200,181.50400000000002,181.46599999999998,0.0141,0.0159
29.07.2020 00:32:20.458 GMT+0200,181.506,181.467,0.0141,0.0159
29.07.2020 00:32:27.696 GMT+0200,181.506,181.465,0.0141,0.0159
29.07.2020 00:32:38.158 GMT+0200,181.506,181.463,0.0141,0.0159
29.07.2020 00:34:16.024 GMT+0200,181.5,181.467,0.0141,0.0159
29.07.2020 00:34:23.345 GMT+0200,181.507,181.463,0.0141,0.0159
29.07.2020 00:37:27.234 GMT+0200,181.472,181.43400000000003,0.0141,0.0159
29.07.2020 00:37:27.348 GMT+0200,181.47099999999998,181.43599999999998,0.0141,0.0159
29.07.2020 00:37:28.766 GMT+0200,181.47099999999998,181.43200000000002,0.0141,0.0159
29.07.2020 00:37:56.044 GMT+0200,181.505,181.467,0.0141,0.0159
29.07.2020 00:37:56.330 GMT+0200,181.5,181.467,0.0141,0.0159
29.07.2020 00:38:02.227 GMT+0200,181.47299999999998,181.43400000000003,0.0141,0.0159
29.07.2020 00:38:02.865 GMT+0200,181.476,181.43200000000002,0.0141,0.0159
29.07.2020 00:39:02.209 GMT+0200,181.47299999999998,181.433,0.0141,0.0159
29.07.2020 00:40:24.673 GMT+0200,181.472,181.43200000000002,0.0141,0.0159
29.07.2020 00:40:26.465 GMT+0200,181.472,181.43599999999998,0.0141,0.0159
29.07.2020 00:42:02.756 GMT+0200,181.47099999999998,181.437,0.0141,0.0159
29.07.2020 00:42:24.955 GMT+0200,181.472,181.437,0.0141,0.0159
29.07.2020 00:42:34.731 GMT+0200,181.472,181.43599999999998,0.0141,0.0159
29.07.2020 00:42:34.915 GMT+0200,181.472,181.43400000000003,0.0141,0.0159
29.07.2020 00:42:39.593 GMT+0200,181.47099999999998,181.43400000000003,0.0141,0.0159
29.07.2020 00:42:46.659 GMT+0200,181.475,181.433,0.0141,0.0159
29.07.2020 00:43:48.015 GMT+0200,181.476,181.435,0.0141,0.0159
29.07.2020 00:43:48.073 GMT+0200,181.472,181.43200000000002,0.0141,0.0159
29.07.2020 00:43:54.460 GMT+0200,181.47299999999998,181.433,0.0141,0.0159
29.07.2020 00:43:55.354 GMT+0200,181.472,181.43599999999998,0.0141,0.0159
29.07.2020 00:43:59.925 GMT+0200,181.47400000000002,181.433,0.0141,0.0159
29.07.2020 00:44:02.229 GMT+0200,181.47099999999998,181.435,0.0141,0.0159
29.07.2020 00:44:03.718 GMT+0200,181.475,181.43900000000002,0.0141,0.0159
29.07.2020 00:44:17.723 GMT+0200,181.476,181.43400000000003,0.0141,0.0159
29.07.2020 00:44:23.994 GMT+0200,181.47099999999998,181.435,0.0141,0.0159
29.07.2020 00:44:25.698 GMT+0200,181.47400000000002,181.43400000000003,0.0141,0.0159
29.07.2020 00:44:26.329 GMT+0200,181.475,181.43200000000002,0.0141,0.0159
29.07.2020 00:45:16.833 GMT+0200,181.47099999999998,181.43400000000003,0.0141,0.0159
29.07.2020 00:46:18.480 GMT+0200,181.475,181.43400000000003,0.0141,0.0159
29.07.2020 00:46:42.306 GMT+0200,181.47099999999998,181.433,0.0141,0.0159
29.07.2020 00:48:02.709 GMT+0200,181.475,181.437,0.0141,0.0159
29.07.2020 00:48:20.187 GMT+0200,181.47400000000002,181.437,0.0141,0.0159
29.07.2020 00:55:08.136 GMT+0200,181.46900000000002,181.43599999999998,0.0141,0.0159
29.07.2020 00:55:16.413 GMT+0200,181.47400000000002,181.43200000000002,0.0141,0.0159
29.07.2020 00:57:16.258 GMT+0200,181.47299999999998,181.435,0.0141,0.0159
29.07.2020 00:57:27.271 GMT+0200,181.47299999999998,181.433,0.0141,0.0159
29.07.2020 01:00:00.268 GMT+0200,181.47400000000002,181.437,0.0141,0.0159
29.07.2020 01:00:28.015 GMT+0200,181.475,181.433,0.0141,0.0159
29.07.2020 01:00:39.205 GMT+0200,181.44400000000002,181.407,0.0141,0.0159
29.07.2020 01:00:39.360 GMT+0200,181.437,181.405,0.0141,0.0159
29.07.2020 01:01:02.264 GMT+0200,181.475,181.43400000000003,0.0141,0.0159
29.07.2020 01:01:03.077 GMT+0200,181.47299999999998,181.43599999999998,0.0141,0.0159
29.07.2020 01:01:04.403 GMT+0200,181.472,181.437,0.0141,0.0159
29.07.2020 01:01:04.603 GMT+0200,181.46900000000002,181.43200000000002,0.0141,0.0159
29.07.2020 01:01:33.075 GMT+0200,181.472,181.435,0.0141,0.0159
29.07.2020 01:02:48.208 GMT+0200,181.476,181.433,0.0141,0.0159
29.07.2020 01:04:08.299 GMT+0200,181.47299999999998,181.43900000000002,0.0141,0.0159
29.07.2020 01:04:12.482 GMT+0200,181.47299999999998,181.437,0.0141,0.0159
29.07.2020 01:15:40.145 GMT+0200,181.472,181.43400000000003,0.0141,0.0159
29.07.2020 01:15:42.341 GMT+0200,181.47299999999998,181.43200000000002,0.0141,0.0159
29.07.2020 01:15:43.652 GMT+0200,181.47299999999998,181.43599999999998,0.0141,0.0159
29.07.2020 01:24:22.509 GMT+0200,181.475,181.43599999999998,0.0141,0.0159
29.07.2020 01:24:26.075 GMT+0200,181.47099999999998,181.43599999999998,0.0141,0.0159
29.07.2020 01:24:37.905 GMT+0200,181.47299999999998,181.433,0.0141,0.0159
29.07.2020 01:25:39.914 GMT+0200,181.47099999999998,181.43599999999998,0.0141,0.0159
29.07.2020 01:25:40.819 GMT+0200,181.47099999999998,181.43900000000002,0.0141,0.0159
29.07.2020 01:25:52.113 GMT+0200,181.476,181.43200000000002,0.0141,0.0159
29.07.2020 01:27:24.684 GMT+0200,181.476,181.435,0.0141,0.0159
29.07.2020 01:27:29.780 GMT+0200,181.475,181.435,0.0141,0.0159
29.07.2020 01:28:30.158 GMT+0200,181.475,181.435,0.0141,0.0159
29.07.2020 01:28:40.314 GMT+0200,181.47299999999998,181.43599999999998,0.0141,0.0159
29.07.2020 01:28:41.247 GMT+0200,181.47299999999998,181.435,0.0141,0.0159
29.07.2020 01:28:53.988 GMT+0200,181.47099999999998,181.43200000000002,0.0141,0.0159
29.07.2020 01:28:54.090 GMT+0200,181.46900000000002,181.43400000000003,0.0141,0.0159
29.07.2020 01:29:00.559 GMT+0200,181.47099999999998,181.43400000000003,0.0141,0.0159
29.07.2020 01:29:02.648 GMT+0200,181.476,181.433,0.0141,0.0159
29.07.2020 01:29:59.223 GMT+0200,181.47299999999998,181.43599999999998,0.0141,0.0159
29.07.2020 01:30:00.218 GMT+0200,181.47400000000002,181.437,0.0141,0.0159
29.07.2020 01:30:04.453 GMT+0200,181.476,181.43200000000002,0.0141,0.0159
29.07.2020 01:30:30.264 GMT+0200,181.46900000000002,181.43599999999998,0.0141,0.0159
29.07.2020 01:30:50.285 GMT+0200,181.47400000000002,181.433,0.0141,0.0159
29.07.2020 01:31:07.612 GMT+0200,181.476,181.43900000000002,0.0141,0.0159
29.07.2020 01:31:09.170 GMT+0200,181.475,181.43900000000002,0.0141,0.0159
29.07.2020 01:31:23.458 GMT+0200,181.47400000000002,181.43900000000002,0.0141,0.0159
29.07.2020 01:31:30.339 GMT+0200,181.46900000000002,181.43599999999998,0.0141,0.0159
29.07.2020 01:34:06.858 GMT+0200,181.46900000000002,181.435,0.0141,0.0159
29.07.2020 01:34:32.758 GMT+0200,181.47400000000002,181.43900000000002,0.0141,0.0159
29.07.2020 01:34:33.265 GMT+0200,181.47400000000002,181.433,0.0141,0.0159
29.07.2020 01:34:34.759 GMT+0200,181.46900000000002,181.43599999999998,0.0141,0.0159
29.07.2020 01:34:35.141 GMT+0200,181.472,181.43900000000002,0.0141,0.0159
29.07.2020 01:34:48.261 GMT+0200,181.47099999999998,181.43200000000002,0.0141,0.0159
29.07.2020 01:34:50.760 GMT+0200,181.47099999999998,181.437,0.0141,0.0159
29.07.2020 01:34:52.011 GMT+0200,181.476,181.43900000000002,0.0141,0.0159
29.07.2020 01:35:42.076 GMT+0200,181.47299999999998,181.437,0.0141,0.0159
29.07.2020 01:35:42.647 GMT+0200,181.475,181.43900000000002,0.0141,0.0159
29.07.2020 01:36:50.757 GMT+0200,181.475,181.433,0.0141,0.0159
29.07.2020 01:36:59.306 GMT+0200,181.46900000000002,181.43200000000002,0.0141,0.0159
29.07.2020 01:38:56.917 GMT+0200,181.47099999999998,181.437,0.0141,0.0159
29.07.2020 01:38:59.519 GMT+0200,181.475,181.435,0.0141,0.0159
29.07.2020 01:43:14.798 GMT+0200,181.46900000000002,181.435,0.0141,0.0159
29.07.2020 01:43:14.962 GMT+0200,181.476,181.43200000000002,0.0141,0.0159
29.07.2020 01:43:17.883 GMT+0200,181.537,181.49900000000002,0.0141,0.0159
29.07.2020 01:43:18.021 GMT+0200,181.53400000000002,181.49599999999998,0.0141,0.0159
29.07.2020 01:43:18.071 GMT+0200,181.507,181.468,0.0141,0.0159
29.07.2020 01:43:18.547 GMT+0200,181.505,181.47,0.0141,0.0159
29.07.2020 01:45:01.226 GMT+0200,181.507,181.46599999999998,0.0141,0.0159
29.07.2020 01:45:02.398 GMT+0200,181.503,181.46599999999998,0.0141,0.0159
29.07.2020 01:45:03.959 GMT+0200,181.50400000000002,181.47,0.0141,0.0159
29.07.2020 01:45:05.268 GMT+0200,181.503,181.468,0.0141,0.0159
29.07.2020 01:46:01.449 GMT+0200,181.502,181.463,0.0141,0.0159
29.07.2020 01:46:02.579 GMT+0200,181.503,181.463,0.0141,0.0159
29.07.2020 01:46:53.202 GMT+0200,181.507,181.465,0.0141,0.0159
29.07.2020 01:46:59.301 GMT+0200,181.502,181.47,0.0141,0.0159
29.07.2020 01:47:02.231 GMT+0200,181.506,181.47,0.0141,0.0159
29.07.2020 01:47:32.537 GMT+0200,181.50400000000002,181.465,0.0141,0.0159
29.07.2020 01:47:53.178 GMT+0200,181.5,181.468,0.0141,0.0159
29.07.2020 01:48:02.433 GMT+0200,181.533,181.49900000000002,0.0141,0.0159
29.07.2020 01:48:02.658 GMT+0200,181.533,181.49400000000003,0.0141,0.0159
29.07.2020 01:48:53.488 GMT+0200,181.506,181.46599999999998,0.0141,0.0159
29.07.2020 01:48:54.705 GMT+0200,181.50400000000002,181.465,0.0141,0.0159
29.07.2020 01:49:01.087 GMT+0200,181.5,181.46400000000003,0.0141,0.0159
29.07.2020 01:49:02.865 GMT+0200,181.502,181.468,0.0141,0.0159
29.07.2020 01:49:31.954 GMT+0200,181.506,181.463,0.0141,0.0159
29.07.2020 01:49:43.754 GMT+0200,181.507,181.46599999999998,0.0141,0.0159
29.07.2020 01:49:43.931 GMT+0200,181.506,181.467,0.0141,0.0159
29.07.2020 01:50:05.771 GMT+0200,181.505,181.47,0.0141,0.0159
29.07.2020 01:51:02.326 GMT+0200,181.53799999999998,181.49400000000003,0.0141,0.0159
29.07.2020 01:51:02.397 GMT+0200,181.52200000000002,181.482,0.0141,0.0159
29.07.2020 01:51:07.630 GMT+0200,181.52200000000002,181.48,0.0141,0.0159
29.07.2020 01:51:11.117 GMT+0200,181.505,181.468,0.0141,0.0159
29.07.2020 01:51:18.560 GMT+0200,181.516,181.481,0.0141,0.0159
29.07.2020 01:51:26.772 GMT+0200,181.516,181.486,0.0141,0.0159
29.07.2020 01:51:28.278 GMT+0200,181.536,181.49400000000003,0.0141,0.0159
29.07.2020 01:52:00.134 GMT+0200,181.521,181.481,0.0141,0.0159
29.07.2020 01:52:02.623 GMT+0200,181.537,181.49599999999998,0.0141,0.0159
29.07.2020 01:52:02.748 GMT+0200,181.53099999999998,181.498,0.0141,0.0159
29.07.2020 01:52:17.819 GMT+0200,181.535,181.498,0.0141,0.0159
29.07.2020 01:52:21.741 GMT+0200,181.533,181.49599999999998,0.0141,0.0159
29.07.2020 01:52:40.649 GMT+0200,181.502,181.46400000000003,0.0141,0.0159
29.07.2020 01:52:40.828 GMT+0200,181.50400000000002,181.46400000000003,0.0141,0.0159
29.07.2020 01:53:57.734 GMT+0200,181.5,181.47,0.0141,0.0159
29.07.2020 01:54:02.935 GMT+0200,181.507,181.47,0.0141,0.0159
29.07.2020 01:55:03.651 GMT+0200,181.52200000000002,181.481,0.0141,0.0159
29.07.2020 01:55:09.325 GMT+0200,181.518,181.484,0.0141,0.0159
29.07.2020 01:55:53.277 GMT+0200,181.536,181.498,0.0141,0.0159
29.07.2020 01:55:53.980 GMT+0200,181.53099999999998,181.497,0.0141,0.0159
29.07.2020 01:56:08.492 GMT+0200,181.505,181.468,0.0141,0.0159
29.07.2020 01:56:09.437 GMT+0200,181.505,181.463,0.0141,0.0159
29.07.2020 01:56:39.857 GMT+0200,181.53799999999998,181.497,0.0141,0.0159
29.07.2020 01:56:40.149 GMT+0200,181.535,181.49400000000003,0.0141,0.0159
29.07.2020 01:56:46.227 GMT+0200,181.503,181.467,0.0141,0.0159
29.07.2020 01:56:46.978 GMT+0200,181.505,181.46400000000003,0.0141,0.0159
29.07.2020 01:56:48.323 GMT+0200,181.503,181.465,0.0141,0.0159
29.07.2020 01:57:14.539 GMT+0200,181.505,181.46400000000003,0.0141,0.0159
29.07.2020 01:57:27.711 GMT+0200,181.535,181.498,0.0141,0.0159
29.07.2020 01:57:27.922 GMT+0200,181.533,181.49900000000002,0.0141,0.0159
29.07.2020 01:57:28.435 GMT+0200,181.53400000000002,181.49599999999998,0.0141,0.0159
29.07.2020 01:57:29.074 GMT+0200,181.502,181.467,0.0141,0.0159
29.07.2020 01:57:29.563 GMT+0200,181.505,181.47,0.0141,0.0159
29.07.2020 01:57:31.023 GMT+0200,181.50400000000002,181.46599999999998,0.0141,0.0159
29.07.2020 01:57:32.871 GMT+0200,181.502,181.468,0.0141,0.0159
29.07.2020 01:57:34.761 GMT+0200,181.502,181.46599999999998,0.0141,0.0159
29.07.2020 01:58:26.125 GMT+0200,181.507,181.46599999999998,0.0141,0.0159
29.07.2020 01:59:26.788 GMT+0200,181.50400000000002,181.46400000000003,0.0141,0.0159
29.07.2020 02:00:00.555 GMT+0200,181.537,181.49599999999998,0.0141,0.0159
29.07.2020 02:00:00.835 GMT+0200,181.536,181.49599999999998,0.0141,0.0159
29.07.2020 02:00:00.909 GMT+0200,181.506,181.465,0.0141,0.0159
29.07.2020 02:00:01.418 GMT+0200,181.50400000000002,181.46599999999998,0.0141,0.0159
29.07.2020 02:00:02.408 GMT+0200,181.505,181.47,0.0141,0.0159
29.07.2020 02:00:06.157 GMT+0200,181.50400000000002,181.463,0.0141,0.0159
29.07.2020 02:00:31.991 GMT+0200,181.503,181.467,0.0141,0.0159
29.07.2020 02:00:35.889 GMT+0200,181.507,181.467,0.0141,0.0159
29.07.2020 02:01:01.862 GMT+0200,181.506,181.468,0.0141,0.0159
29.07.2020 02:01:21.768 GMT+0200,181.506,181.465,0.0141,0.0159
29.07.2020 02:01:22.075 GMT+0200,181.507,181.465,0.0141,0.0159
29.07.2020 02:01:22.178 GMT+0200,181.5,181.468,0.0141,0.0159
29.07.2020 02:02:14.616 GMT+0200,181.502,181.467,0.0141,0.0159
29.07.2020 02:02:15.997 GMT+0200,181.5,181.468,0.0141,0.0159
29.07.2020 02:02:31.378 GMT+0200,181.507,181.468,0.0141,0.0159
29.07.2020 02:02:32.128 GMT+0200,181.502,181.467,0.0141,0.0159
29.07.2020 02:02:33.045 GMT+0200,181.5,181.47,0.0141,0.0159
29.07.2020 02:02:34.309 GMT+0200,181.503,181.467,0.0141,0.0159
29.07.2020 02:03:02.225 GMT+0200,181.507,181.465,0.0141,0.0159
29.07.2020 02:03:21.664 GMT+0200,181.5,181.468,0.0141,0.0159
29.07.2020 02:03:29.499 GMT+0200,181.5,181.463,0.0141,0.0159
29.07.2020 02:03:32.136 GMT+0200,181.5,181.467,0.0141,0.0159
29.07.2020 02:03:43.806 GMT+0200,181.50400000000002,181.463,0.0141,0.0159
29.07.2020 02:04:02.436 GMT+0200,181.50400000000002,181.465,0.0141,0.0159
29.07.2020 02:04:03.971 GMT+0200,181.507,181.468,0.0141,0.0159
29.07.2020 02:04:24.700 GMT+0200,181.502,181.46599999999998,0.0141,0.0159
29.07.2020 02:04:35.094 GMT+0200,181.505,181.467,0.0141,0.0159
29.07.2020 02:06:00.748 GMT+0200,181.50400000000002,181.46400000000003,0.0141,0.0159
29.07.2020 02:06:00.887 GMT+0200,181.507,181.47,0.0141,0.0159
29.07.2020 02:06:01.334 GMT+0200,181.506,181.47,0.0141,0.0159
29.07.2020 02:06:29.178 GMT+0200,181.50400000000002,181.46599999999998,0.0141,0.0159
29.07.2020 02:06:30.925 GMT+0200,181.5,181.46599999999998,0.0141,0.0159
29.07.2020 02:06:33.674 GMT+0200,181.53400000000002,181.49900000000002,0.0141,0.0159
29.07.2020 02:06:34.088 GMT+0200,181.535,181.497,0.0141,0.0159
29.07.2020 02:06:34.797 GMT+0200,181.53799999999998,181.497,0.0141,0.0159
29.07.2020 02:06:39.521 GMT+0200,181.536,181.49900000000002,0.0141,0.0159
29.07.2020 02:06:45.702 GMT+0200,181.53099999999998,181.495,0.0141,0.0159
29.07.2020 02:06:45.918 GMT+0200,181.533,181.49599999999998,0.0141,0.0159
29.07.2020 02:07:11.713 GMT+0200,181.536,181.497,0.0141,0.0159
29.07.2020 02:08:00.209 GMT+0200,181.53799999999998,181.495,0.0141,0.0159
29.07.2020 02:08:08.062 GMT+0200,181.562,181.53,0.0141,0.0159
29.07.2020 02:08:08.341 GMT+0200,181.56900000000002,181.52599999999998,0.0141,0.0159
29.07.2020 02:08:08.643 GMT+0200,181.56900000000002,181.528,0.0141,0.0159
29.07.2020 02:08:30.101 GMT+0200,181.565,181.53,0.0141,0.0159
29.07.2020 02:08:38.386 GMT+0200,181.56900000000002,181.525,0.0141,0.0159
29.07.2020 02:08:52.297 GMT+0200,181.566,181.525,0.0141,0.0159
29.07.2020 02:08:55.338 GMT+0200,181.567,181.52599999999998,0.0141,0.0159
29.07.2020 02:09:07.629 GMT+0200,181.566,181.528,0.0141,0.0159
29.07.2020 02:09:13.081 GMT+0200,181.56400000000002,181.52900000000002,0.0141,0.0159
29.07.2020 02:09:13.344 GMT+0200,181.56799999999998,181.528,0.0141,0.0159
29.07.2020 02:09:22.340 GMT+0200,181.56799999999998,181.53,0.0141,0.0159
29.07.2020 02:09:27.558 GMT+0200,181.59599999999998,181.562,0.0141,0.0159
29.07.2020 02:09:27.661 GMT+0200,181.59900000000002,181.558,0.0141,0.0159
29.07.2020 02:09:35.676 GMT+0200,181.597,181.56,0.0141,0.0159
29.07.2020 02:09:44.894 GMT+0200,181.59599999999998,181.56400000000002,0.0141,0.0159
29.07.2020 02:09:47.114 GMT+0200,181.59799999999998,181.56400000000002,0.0141,0.0159
29.07.2020 02:10:05.565 GMT+0200,181.59599999999998,181.562,0.0141,0.0159
29.07.2020 02:10:05.881 GMT+0200,181.59400000000002,181.562,0.0141,0.0159
29.07.2020 02:10:08.058 GMT+0200,181.597,181.56,0.0141,0.0159
29.07.2020 02:10:21.378 GMT+0200,181.6,181.562,0.0141,0.0159
29.07.2020 02:10:31.419 GMT+0200,181.565,181.53,0.0141,0.0159
29.07.2020 02:10:31.523 GMT+0200,181.567,181.53,0.0141,0.0159
29.07.2020 02:10:40.609 GMT+0200,181.56400000000002,181.532,0.0141,0.0159
29.07.2020 02:10:49.083 GMT+0200,181.562,181.52599999999998,0.0141,0.0159
29.07.2020 02:10:56.464 GMT+0200,181.566,181.52900000000002,0.0141,0.0159
29.07.2020 02:10:57.512 GMT+0200,181.567,181.52700000000002,0.0141,0.0159
29.07.2020 02:11:00.413 GMT+0200,181.565,181.52599999999998,0.0141,0.0159
29.07.2020 02:11:35.553 GMT+0200,181.56400000000002,181.53,0.0141,0.0159
29.07.2020 02:11:40.176 GMT+0200,181.56900000000002,181.52700000000002,0.0141,0.0159
29.07.2020 02:11:45.319 GMT+0200,181.56400000000002,181.53,0.0141,0.0159
29.07.2020 02:11:48.613 GMT+0200,181.566,181.525,0.0141,0.0159
29.07.2020 02:11:50.975 GMT+0200,181.56900000000002,181.52900000000002,0.0141,0.0159
29.07.2020 02:11:51.301 GMT+0200,181.567,181.52599999999998,0.0141,0.0159
29.07.2020 02:11:51.583 GMT+0200,181.56799999999998,181.52700000000002,0.0141,0.0159
29.07.2020 02:11:52.650 GMT+0200,181.566,181.53,0.0141,0.0159
29.07.2020 02:11:52.767 GMT+0200,181.56799999999998,181.532,0.0141,0.0159
29.07.2020 02:11:54.266 GMT+0200,181.566,181.52900000000002,0.0141,0.0159
29.07.2020 02:11:55.761 GMT+0200,181.567,181.532,0.0141,0.0159
29.07.2020 02:11:59.538 GMT+0200,181.56900000000002,181.52900000000002,0.0141,0.0159
29.07.2020 02:12:13.131 GMT+0200,181.562,181.52599999999998,0.0141,0.0159
29.07.2020 02:12:31.198 GMT+0200,181.566,181.52700000000002,0.0141,0.0159
29.07.2020 02:12:31.429 GMT+0200,181.566,181.52599999999998,0.0141,0.0159
29.07.2020 02:12:34.884 GMT+0200,181.56400000000002,181.528,0.0141,0.0159
29.07.2020 02:12:42.090 GMT+0200,181.53799999999998,181.498,0.0141,0.0159
29.07.2020 02:12:42.173 GMT+0200,181.537,181.495,0.0141,0.0159
29.07.2020 02:12:49.754 GMT+0200,181.535,181.49900000000002,0.0141,0.0159
29.07.2020 02:12:51.333 GMT+0200,181.53799999999998,181.498,0.0141,0.0159
29.07.2020 02:12:55.328 GMT+0200,181.562,181.52599999999998,0.0141,0.0159
29.07.2020 02:12:55.445 GMT+0200,181.566,181.52599999999998,0.0141,0.0159
29.07.2020 02:12:58.350 GMT+0200,181.567,181.52900000000002,0.0141,0.0159
29.07.2020 02:13:05.574 GMT+0200,181.56900000000002,181.52599999999998,0.0141,0.0159
29.07.2020 02:13:06.099 GMT+0200,181.56400000000002,181.52599999999998,0.0141,0.0159
29.07.2020 02:13:21.175 GMT+0200,181.565,181.53,0.0141,0.0159
29.07.2020 02:13:21.647 GMT+0200,181.567,181.532,0.0141,0.0159
29.07.2020 02:13:25.363 GMT+0200,181.567,181.525,0.0141,0.0159
29.07.2020 02:13:35.722 GMT+0200,181.59900000000002,181.56099999999998,0.0141,0.0159
29.07.2020 02:13:35.896 GMT+0200,181.59400000000002,181.55700000000002,0.0141,0.0159
29.07.2020 02:13:42.257 GMT+0200,181.565,181.525,0.0141,0.0159
29.07.2020 02:13:43.702 GMT+0200,181.566,181.52700000000002,0.0141,0.0159
29.07.2020 02:13:44.005 GMT+0200,181.59400000000002,181.56099999999998,0.0141,0.0159
29.07.2020 02:13:44.346 GMT+0200,181.59400000000002,181.55700000000002,0.0141,0.0159
29.07.2020 02:13:49.177 GMT+0200,181.565,181.532,0.0141,0.0159
29.07.2020 02:13:49.559 GMT+0200,181.567,181.528,0.0141,0.0159
29.07.2020 02:13:49.805 GMT+0200,181.562,181.53,0.0141,0.0159
29.07.2020 02:13:50.594 GMT+0200,181.566,181.525,0.0141,0.0159
29.07.2020 02:13:51.299 GMT+0200,181.562,181.525,0.0141,0.0159
29.07.2020 02:13:54.147 GMT+0200,181.562,181.532,0.0141,0.0159
29.07.2020 02:13:54.909 GMT+0200,181.562,181.52700000000002,0.0141,0.0159
29.07.2020 02:14:02.001 GMT+0200,181.56799999999998,181.528,0.0141,0.0159
29.07.2020 02:14:04.314 GMT+0200,181.567,181.52700000000002,0.0141,0.0159
29.07.2020 02:14:05.511 GMT+0200,181.56400000000002,181.528,0.0141,0.0159
29.07.2020 02:14:05.753 GMT+0200,181.565,181.532,0.0141,0.0159
29.07.2020 02:14:07.962 GMT+0200,181.567,181.525,0.0141,0.0159
29.07.2020 02:14:13.526 GMT+0200,181.566,181.52599999999998,0.0141,0.0159
29.07.2020 02:14:16.287 GMT+0200,181.56799999999998,181.52599999999998,0.0141,0.0159
29.07.2020 02:14:17.687 GMT+0200,181.562,181.52599999999998,0.0141,0.0159
29.07.2020 02:14:30.905 GMT+0200,181.56400000000002,181.525,0.0141,0.0159
29.07.2020 02:15:02.316 GMT+0200,181.56400000000002,181.532,0.0141,0.0159
29.07.2020 02:15:10.729 GMT+0200,181.56400000000002,181.52900000000002,0.0141,0.0159
29.07.2020 02:15:20.864 GMT+0200,181.562,181.532,0.0141,0.0159
29.07.2020 02:15:24.507 GMT+0200,181.56799999999998,181.52599999999998,0.0141,0.0159
29.07.2020 02:15:41.893 GMT+0200,181.565,181.532,0.0141,0.0159
29.07.2020 02:15:45.622 GMT+0200,181.565,181.53,0.0141,0.0159
29.07.2020 02:16:00.473 GMT+0200,181.562,181.52599999999998,0.0141,0.0159
29.07.2020 02:16:02.784 GMT+0200,181.56400000000002,181.53,0.0141,0.0159
29.07.2020 02:16:03.774 GMT+0200,181.56799999999998,181.52599999999998,0.0141,0.0159
29.07.2020 02:16:04.119 GMT+0200,181.56799999999998,181.525,0.0141,0.0159
29.07.2020 02:16:11.074 GMT+0200,181.56900000000002,181.525,0.0141,0.0159
29.07.2020 02:16:13.816 GMT+0200,181.56400000000002,181.53,0.0141,0.0159
29.07.2020 02:16:14.425 GMT+0200,181.567,181.52900000000002,0.0141,0.0159
29.07.2020 02:16:14.593 GMT+0200,181.56400000000002,181.52599999999998,0.0141,0.0159
29.07.2020 02:16:14.711 GMT+0200,181.56400000000002,181.532,0.0141,0.0159
29.07.2020 02:16:16.006 GMT+0200,181.562,181.52700000000002,0.0141,0.0159
29.07.2020 02:16:17.175 GMT+0200,181.562,181.53,0.0141,0.0159
29.07.2020 02:16:18.626 GMT+0200,181.56799999999998,181.528,0.0141,0.0159
29.07.2020 02:16:19.631 GMT+0200,181.56799999999998,181.525,0.0141,0.0159
29.07.2020 02:16:24.476 GMT+0200,181.566,181.525,0.0141,0.0159
29.07.2020 02:16:24.621 GMT+0200,181.56799999999998,181.53,0.0141,0.0159
29.07.2020 02:16:25.342 GMT+0200,181.58200000000002,181.541,0.0141,0.0159
29.07.2020 02:16:25.601 GMT+0200,181.59900000000002,181.558,0.0141,0.0159
29.07.2020 02:16:25.836 GMT+0200,181.565,181.52599999999998,0.0141,0.0159
29.07.2020 02:16:26.279 GMT+0200,181.59599999999998,181.55900000000003,0.0141,0.0159
29.07.2020 02:16:26.801 GMT+0200,181.59400000000002,181.56099999999998,0.0141,0.0159
29.07.2020 02:16:27.954 GMT+0200,181.581,181.542,0.0141,0.0159
29.07.2020 02:16:28.875 GMT+0200,181.562,181.528,0.0141,0.0159
29.07.2020 02:16:29.347 GMT+0200,181.566,181.528,0.0141,0.0159
29.07.2020 02:16:32.621 GMT+0200,181.566,181.525,0.0141,0.0159
29.07.2020 02:16:33.265 GMT+0200,181.562,181.52900000000002,0.0141,0.0159
29.07.2020 02:16:33.477 GMT+0200,181.56400000000002,181.532,0.0141,0.0159
29.07.2020 02:16:37.807 GMT+0200,181.566,181.52900000000002,0.0141,0.0159
29.07.2020 02:16:39.653 GMT+0200,181.56400000000002,181.525,0.0141,0.0159
29.07.2020 02:16:40.022 GMT+0200,181.565,181.528,0.0141,0.0159
29.07.2020 02:16:40.279 GMT+0200,181.567,181.528,0.0141,0.0159
29.07.2020 02:16:44.635 GMT+0200,181.565,181.52900000000002,0.0141,0.0159
29.07.2020 02:16:50.793 GMT+0200,181.56799999999998,181.52599999999998,0.0141,0.0159
29.07.2020 02:16:52.102 GMT+0200,181.562,181.52599999999998,0.0141,0.0159
29.07.2020 02:16:55.782 GMT+0200,181.56400000000002,181.53,0.0141,0.0159
29.07.2020 02:16:57.790 GMT+0200,181.565,181.52599999999998,0.0141,0.0159
29.07.2020 02:17:01.292 GMT+0200,181.56900000000002,181.52700000000002,0.0141,0.0159
29.07.2020 02:17:02.525 GMT+0200,181.565,181.53,0.0141,0.0159
29.07.2020 02:17:03.345 GMT+0200,181.566,181.53,0.0141,0.0159
29.07.2020 02:17:06.288 GMT+0200,181.56400000000002,181.525,0.0141,0.0159
29.07.2020 02:17:06.574 GMT+0200,181.56799999999998,181.525,0.0141,0.0159
29.07.2020 02:17:07.004 GMT+0200,181.56799999999998,181.53,0.0141,0.0159
29.07.2020 02:17:13.088 GMT+0200,181.56799999999998,181.528,0.0141,0.0159
29.07.2020 02:17:14.138 GMT+0200,181.567,181.532,0.0141,0.0159
29.07.2020 02:17:16.331 GMT+0200,181.562,181.528,0.0141,0.0159
29.07.2020 02:17:18.635 GMT+0200,181.6,181.56400000000002,0.0141,0.0159
29.07.2020 02:17:18.745 GMT+0200,181.585,181.54500000000002,0.0141,0.0159
29.07.2020 02:17:19.029 GMT+0200,181.597,181.56,0.0141,0.0159
29.07.2020 02:17:19.191 GMT+0200,181.585,181.546,0.0141,0.0159
29.07.2020 02:17:24.501 GMT+0200,181.56799999999998,181.52900000000002,0.0141,0.0159
29.07.2020 02:17:24.642 GMT+0200,181.562,181.532,0.0141,0.0159
29.07.2020 02:17:24.736 GMT+0200,181.56900000000002,181.525,0.0141,0.0159
29.07.2020 02:17:25.633 GMT+0200,181.56900000000002,181.52700000000002,0.0141,0.0159
29.07.2020 02:17:39.350 GMT+0200,181.56400000000002,181.532,0.0141,0.0159
29.07.2020 02:17:44.358 GMT+0200,181.565,181.52599999999998,0.0141,0.0159
29.07.2020 02:17:47.562 GMT+0200,181.565,181.532,0.0141,0.0159
29.07.2020 02:17:48.158 GMT+0200,181.56900000000002,181.52900000000002,0.0141,0.0159
29.07.2020 02:17:48.597 GMT+0200,181.562,181.525,0.0141,0.0159
29.07.2020 02:17:50.395 GMT+0200,181.562,181.52599999999998,0.0141,0.0159
29.07.2020 02:18:04.855 GMT+0200,181.562,181.525,0.0141,0.0159
29.07.2020 02:18:08.599 GMT+0200,181.562,181.52900000000002,0.0141,0.0159
29.07.2020 02:18:13.329 GMT+0200,181.567,181.52900000000002,0.0141,0.0159
29.07.2020 02:18:14.964 GMT+0200,181.565,181.52700000000002,0.0141,0.0159
29.07.2020 02:18:24.294 GMT+0200,181.562,181.52900000000002,0.0141,0.0159
29.07.2020 02:18:30.126 GMT+0200,181.566,181.532,0.0141,0.0159
29.07.2020 02:18:36.468 GMT+0200,181.56400000000002,181.52900000000002,0.0141,0.0159
29.07.2020 02:18:36.893 GMT+0200,181.562,181.528,0.0141,0.0159
29.07.2020 02:18:38.771 GMT+0200,181.562,181.52900000000002,0.0141,0.0159
29.07.2020 02:18:39.184 GMT+0200,181.566,181.525,0.0141,0.0159
29.07.2020 02:18:41.031 GMT+0200,181.56900000000002,181.52599999999998,0.0141,0.0159
29.07.2020 02:18:44.312 GMT+0200,181.567,181.525,0.0141,0.0159
29.07.2020 02:18:45.428 GMT+0200,181.56400000000002,181.525,0.0141,0.0159
29.07.2020 02:18:46.741 GMT+0200,181.565,181.53,0.0141,0.0159
29.07.2020 02:18:47.862 GMT+0200,181.56799999999998,181.52700000000002,0.0141,0.0159
29.07.2020 02:19:02.364 GMT+0200,181.565,181.52599999999998,0.0141,0.0159
29.07.2020 02:19:06.797 GMT+0200,181.565,181.52900000000002,0.0141,0.0159
29.07.2020 02:19:41.918 GMT+0200,181.566,181.52900000000002,0.0141,0.0159
29.07.2020 02:19:42.640 GMT+0200,181.567,181.528,0.0141,0.0159
29.07.2020 02:19:55.608 GMT+0200,181.56799999999998,181.52700000000002,0.0141,0.0159
29.07.2020 02:20:02.446 GMT+0200,181.565,181.528,0.0141,0.0159
29.07.2020 02:20:10.153 GMT+0200,181.56400000000002,181.52700000000002,0.0141,0.0159
29.07.2020 02:20:10.254 GMT+0200,181.567,181.52599999999998,0.0141,0.0159
29.07.2020 02:20:10.461 GMT+0200,181.565,181.52599999999998,0.0141,0.0159
29.07.2020 02:20:12.424 GMT+0200,181.567,181.528,0.0141,0.0159
29.07.2020 02:20:15.137 GMT+0200,181.565,181.52900000000002,0.0141,0.0159
29.07.2020 02:20:16.476 GMT+0200,181.56799999999998,181.532,0.0141,0.0159
29.07.2020 02:20:16.639 GMT+0200,181.566,181.525,0.0141,0.0159
29.07.2020 02:20:16.967 GMT+0200,181.56400000000002,181.52700000000002,0.0141,0.0159
29.07.2020 02:20:20.153 GMT+0200,181.56400000000002,181.53,0.0141,0.0159
29.07.2020 02:20:37.685 GMT+0200,181.567,181.532,0.0141,0.0159
29.07.2020 02:20:40.466 GMT+0200,181.565,181.53,0.0141,0.0159
29.07.2020 02:20:50.414 GMT+0200,181.56900000000002,181.532,0.0141,0.0159
29.07.2020 02:21:02.206 GMT+0200,181.567,181.52900000000002,0.0141,0.0159
29.07.2020 02:21:17.259 GMT+0200,181.562,181.52700000000002,0.0141,0.0159
29.07.2020 02:21:36.280 GMT+0200,181.56900000000002,181.53,0.0141,0.0159
29.07.2020 02:21:38.306 GMT+0200,181.56400000000002,181.52900000000002,0.0141,0.0159
29.07.2020 02:21:47.907 GMT+0200,181.56900000000002,181.525,0.0141,0.0159
29.07.2020 02:21:48.829 GMT+0200,181.567,181.53,0.0141,0.0159
29.07.2020 02:21:51.486 GMT+0200,181.566,181.52900000000002,0.0141,0.0159
29.07.2020 02:21:53.551 GMT+0200,181.56400000000002,181.52900000000002,0.0141,0.0159
29.07.2020 02:21:57.081 GMT+0200,181.565,181.52700000000002,0.0141,0.0159
29.07.2020 02:22:01.195 GMT+0200,181.566,181.52900000000002,0.0141,0.0159
29.07.2020 02:22:01.680 GMT+0200,181.567,181.525,0.0141,0.0159
29.07.2020 02:22:02.449 GMT+0200,181.56799999999998,181.52700000000002,0.0141,0.0159
29.07.2020 02:22:03.262 GMT+0200,181.565,181.528,0.0141,0.0159
29.07.2020 02:22:24.924 GMT+0200,181.567,181.52700000000002,0.0141,0.0159
29.07.2020 02:22:45.078 GMT+0200,181.567,181.532,0.0141,0.0159
29.07.2020 02:22:58.822 GMT+0200,181.56900000000002,181.532,0.0141,0.0159
29.07.2020 02:23:06.971 GMT+0200,181.565,181.52700000000002,0.0141,0.0159
29.07.2020 02:23:12.673 GMT+0200,181.565,181.528,0.0141,0.0159
29.07.2020 02:23:15.634 GMT+0200,181.56400000000002,181.525,0.0141,0.0159
29.07.2020 02:23:20.765 GMT+0200,181.537,181.49599999999998,0.0141,0.0159
29.07.2020 02:23:21.108 GMT+0200,181.536,181.50099999999998,0.0141,0.0159
29.07.2020 02:23:52.871 GMT+0200,181.56900000000002,181.525,0.0141,0.0159
29.07.2020 02:23:52.977 GMT+0200,181.565,181.52700000000002,0.0141,0.0159
29.07.2020 02:24:08.620 GMT+0200,181.536,181.50099999999998,0.0141,0.0159
29.07.2020 02:24:08.726 GMT+0200,181.566,181.53,0.0141,0.0159
29.07.2020 02:24:09.378 GMT+0200,181.567,181.52900000000002,0.0141,0.0159
29.07.2020 02:24:09.493 GMT+0200,181.565,181.52599999999998,0.0141,0.0159
29.07.2020 02:24:11.881 GMT+0200,181.56900000000002,181.52700000000002,0.0141,0.0159
29.07.2020 02:25:04.822 GMT+0200,181.56900000000002,181.528,0.0141,0.0159
29.07.2020 02:25:42.777 GMT+0200,181.566,181.52900000000002,0.0141,0.0159
29.07.2020 02:26:04.654 GMT+0200,181.566,181.528,0.0141,0.0159
29.07.2020 02:26:11.081 GMT+0200,181.562,181.525,0.0141,0.0159
29.07.2020 02:26:38.252 GMT+0200,181.566,181.528,0.0141,0.0159
29.07.2020 02:26:40.002 GMT+0200,181.56400000000002,181.52599999999998,0.0141,0.0159
29.07.2020 02:28:18.380 GMT+0200,181.565,181.53,0.0141,0.0159
29.07.2020 02:28:26.386 GMT+0200,181.56400000000002,181.528,0.0141,0.0159
29.07.2020 02:28:48.944 GMT+0200,181.56900000000002,181.52599999999998,0.0141,0.0159
29.07.2020 02:29:19.086 GMT+0200,181.56799999999998,181.532,0.0141,0.0159
29.07.2020 02:29:21.463 GMT+0200,181.567,181.52700000000002,0.0141,0.0159
29.07.2020 02:29:48.736 GMT+0200,181.567,181.53,0.0141,0.0159
29.07.2020 02:29:53.178 GMT+0200,181.567,181.52900000000002,0.0141,0.0159
29.07.2020 02:29:57.830 GMT+0200,181.562,181.532,0.0141,0.0159
29.07.2020 02:30:00.689 GMT+0200,181.536,181.498,0.0141,0.0159
29.07.2020 02:30:01.611 GMT+0200,181.537,181.49400000000003,0.0141,0.0159
29.07.2020 02:30:01.665 GMT+0200,181.565,181.528,0.0141,0.0159
29.07.2020 02:30:02.366 GMT+0200,181.56900000000002,181.52900000000002,0.0141,0.0159
29.07.2020 02:30:11.299 GMT+0200,181.56799999999998,181.52700000000002,0.0141,0.0159
29.07.2020 02:30:11.921 GMT+0200,181.562,181.52900000000002,0.0141,0.0159
29.07.2020 02:30:22.614 GMT+0200,181.567,181.52599999999998,0.0141,0.0159
29.07.2020 02:30:25.133 GMT+0200,181.566,181.525,0.0141,0.0159
29.07.2020 02:30:28.040 GMT+0200,181.562,181.525,0.0141,0.0159
29.07.2020 02:30:30.382 GMT+0200,181.56900000000002,181.532,0.0141,0.0159
29.07.2020 02:30:43.077 GMT+0200,181.567,181.525,0.0141,0.0159
29.07.2020 02:30:45.180 GMT+0200,181.566,181.532,0.0141,0.0159
29.07.2020 02:30:47.794 GMT+0200,181.565,181.528,0.0141,0.0159
29.07.2020 02:30:48.581 GMT+0200,181.56799999999998,181.528,0.0141,0.0159
29.07.2020 02:30:55.105 GMT+0200,181.53400000000002,181.50099999999998,0.0141,0.0159
29.07.2020 02:30:55.206 GMT+0200,181.53799999999998,181.498,0.0141,0.0159
29.07.2020 02:30:57.762 GMT+0200,181.536,181.498,0.0141,0.0159
29.07.2020 02:31:02.984 GMT+0200,181.53799999999998,181.49900000000002,0.0141,0.0159
29.07.2020 02:31:04.338 GMT+0200,181.53400000000002,181.497,0.0141,0.0159
29.07.2020 02:31:14.200 GMT+0200,181.53400000000002,181.49400000000003,0.0141,0.0159
29.07.2020 02:31:15.628 GMT+0200,181.565,181.52599999999998,0.0141,0.0159
29.07.2020 02:31:15.800 GMT+0200,181.566,181.52900000000002,0.0141,0.0159
29.07.2020 02:31:16.021 GMT+0200,181.56400000000002,181.525,0.0141,0.0159
29.07.2020 02:31:21.594 GMT+0200,181.56799999999998,181.532,0.0141,0.0159
29.07.2020 02:31:29.905 GMT+0200,181.56400000000002,181.52900000000002,0.0141,0.0159
29.07.2020 02:31:39.375 GMT+0200,181.56400000000002,181.528,0.0141,0.0159
29.07.2020 02:31:39.821 GMT+0200,181.562,181.53,0.0141,0.0159
29.07.2020 02:31:57.016 GMT+0200,181.56799999999998,181.52700000000002,0.0141,0.0159
29.07.2020 02:31:59.435 GMT+0200,181.567,181.52599999999998,0.0141,0.0159
29.07.2020 02:32:06.028 GMT+0200,181.567,181.53,0.0141,0.0159
29.07.2020 02:32:06.733 GMT+0200,181.566,181.52599999999998,0.0141,0.0159
29.07.2020 02:32:12.178 GMT+0200,181.566,181.52900000000002,0.0141,0.0159
29.07.2020 02:32:21.082 GMT+0200,181.565,181.52599999999998,0.0141,0.0159
29.07.2020 02:32:22.252 GMT+0200,181.56400000000002,181.532,0.0141,0.0159
29.07.2020 02:32:29.140 GMT+0200,181.567,181.52900000000002,0.0141,0.0159
29.07.2020 02:32:30.213 GMT+0200,181.56799999999998,181.53,0.0141,0.0159
29.07.2020 02:32:35.547 GMT+0200,181.562,181.525,0.0141,0.0159
29.07.2020 02:32:35.737 GMT+0200,181.567,181.52599999999998,0.0141,0.0159
29.07.2020 02:32:37.718 GMT+0200,181.566,181.525,0.0141,0.0159
29.07.2020 02:32:42.082 GMT+0200,181.56400000000002,181.53,0.0141,0.0159
29.07.2020 02:32:46.570 GMT+0200,181.565,181.52900000000002,0.0141,0.0159
29.07.2020 02:33:07.367 GMT+0200,181.55400000000003,181.51500000000001,0.0141,0.0159
29.07.2020 02:33:08.314 GMT+0200,181.535,181.49400000000003,0.0141,0.0159
29.07.2020 02:33:08.477 GMT+0200,181.537,181.49599999999998,0.0141,0.0159
29.07.2020 02:33:10.827 GMT+0200,181.55200000000002,181.51500000000001,0.0141,0.0159
29.07.2020 02:33:10.940 GMT+0200,181.53799999999998,181.49900000000002,0.0141,0.0159
29.07.2020 02:33:18.698 GMT+0200,181.56900000000002,181.53,0.0141,0.0159
29.07.2020 02:33:19.030 GMT+0200,181.56400000000002,181.52599999999998,0.0141,0.0159
29.07.2020 02:33:20.028 GMT+0200,181.566,181.525,0.0141,0.0159
29.07.2020 02:33:45.082 GMT+0200,181.56799999999998,181.52700000000002,0.0141,0.0159
29.07.2020 02:33:55.883 GMT+0200,181.53099999999998,181.50099999999998,0.0141,0.0159
29.07.2020 02:33:56.880 GMT+0200,181.537,181.497,0.0141,0.0159
29.07.2020 02:34:03.283 GMT+0200,181.55400000000003,181.51,0.0141,0.0159
29.07.2020 02:34:03.479 GMT+0200,181.533,181.49599999999998,0.0141,0.0159
29.07.2020 02:34:03.612 GMT+0200,181.53099999999998,181.495,0.0141,0.0159
29.07.2020 02:34:11.214 GMT+0200,181.55,181.514,0.0141,0.0159
29.07.2020 02:34:11.320 GMT+0200,181.56900000000002,181.52599999999998,0.0141,0.0159
29.07.2020 02:34:12.201 GMT+0200,181.56799999999998,181.52900000000002,0.0141,0.0159
29.07.2020 02:34:26.740 GMT+0200,181.53099999999998,181.49900000000002,0.0141,0.0159
29.07.2020 02:34:27.692 GMT+0200,181.53099999999998,181.498,0.0141,0.0159
29.07.2020 02:34:27.820 GMT+0200,181.553,181.511,0.0141,0.0159
29.07.2020 02:34:30.002 GMT+0200,181.533,181.49400000000003,0.0141,0.0159
29.07.2020 02:34:30.275 GMT+0200,181.535,181.49599999999998,0.0141,0.0159
29.07.2020 02:34:33.576 GMT+0200,181.55,181.511,0.0141,0.0159
29.07.2020 02:34:34.272 GMT+0200,181.533,181.498,0.0141,0.0159
29.07.2020 02:34:34.387 GMT+0200,181.53400000000002,181.497,0.0141,0.0159
29.07.2020 02:34:42.884 GMT+0200,181.553,181.51,0.0141,0.0159
29.07.2020 02:34:43.150 GMT+0200,181.567,181.52599999999998,0.0141,0.0159
29.07.2020 02:35:02.220 GMT+0200,181.55,181.514,0.0141,0.0159
29.07.2020 02:35:02.375 GMT+0200,181.55400000000003,181.51700000000002,0.0141,0.0159
29.07.2020 02:35:03.536 GMT+0200,181.535,181.497,0.0141,0.0159
29.07.2020 02:35:04.749 GMT+0200,181.53799999999998,181.49900000000002,0.0141,0.0159
29.07.2020 02:35:05.156 GMT+0200,181.549,181.512,0.0141,0.0159
29.07.2020 02:35:06.266 GMT+0200,181.53099999999998,181.49599999999998,0.0141,0.0159
29.07.2020 02:35:06.783 GMT+0200,181.533,181.49400000000003,0.0141,0.0159
29.07.2020 02:35:13.896 GMT+0200,181.56400000000002,181.525,0.0141,0.0159
29.07.2020 02:35:14.070 GMT+0200,181.566,181.52900000000002,0.0141,0.0159
29.07.2020 02:35:30.888 GMT+0200,181.56400000000002,181.528,0.0141,0.0159
29.07.2020 02:35:45.819 GMT+0200,181.565,181.53,0.0141,0.0159
29.07.2020 02:36:16.360 GMT+0200,181.56799999999998,181.52700000000002,0.0141,0.0159
29.07.2020 02:36:16.463 GMT+0200,181.56900000000002,181.52599999999998,0.0141,0.0159
29.07.2020 02:36:16.778 GMT+0200,181.56799999999998,181.53,0.0141,0.0159
29.07.2020 02:36:26.942 GMT+0200,181.56400000000002,181.52700000000002,0.0141,0.0159
29.07.2020 02:36:57.045 GMT+0200,181.565,181.525,0.0141,0.0159
29.07.2020 02:37:02.614 GMT+0200,181.56799999999998,181.53,0.0141,0.0159
29.07.2020 02:37:49.593 GMT+0200,181.56400000000002,181.52900000000002,0.0141,0.0159
29.07.2020 02:37:51.652 GMT+0200,181.56799999999998,181.53,0.0141,0.0159
29.07.2020 02:37:55.606 GMT+0200,181.565,181.52700000000002,0.0141,0.0159
29.07.2020 02:38:02.223 GMT+0200,181.567,181.52700000000002,0.0141,0.0159
29.07.2020 02:38:14.823 GMT+0200,181.562,181.52900000000002,0.0141,0.0159
29.07.2020 02:38:15.424 GMT+0200,181.56400000000002,181.52900000000002,0.0141,0.0159
29.07.2020 02:38:21.069 GMT+0200,181.562,181.52900000000002,0.0141,0.0159
29.07.2020 02:38:22.486 GMT+0200,181.566,181.52700000000002,0.0141,0.0159
29.07.2020 02:38:50.324 GMT+0200,181.56799999999998,181.52700000000002,0.0141,0.0159
29.07.2020 02:38:51.483 GMT+0200,181.567,181.532,0.0141,0.0159
29.07.2020 02:39:02.366 GMT+0200,181.56799999999998,181.52700000000002,0.0141,0.0159
29.07.2020 02:39:05.935 GMT+0200,181.56799999999998,181.528,0.0141,0.0159
29.07.2020 02:39:06.979 GMT+0200,181.53799999999998,181.49900000000002,0.0141,0.0159
29.07.2020 02:39:07.131 GMT+0200,181.53400000000002,181.50099999999998,0.0141,0.0159
29.07.2020 02:39:12.149 GMT+0200,181.533,181.50099999999998,0.0141,0.0159
29.07.2020 02:39:24.183 GMT+0200,181.533,181.49599999999998,0.0141,0.0159
29.07.2020 02:39:25.886 GMT+0200,181.53099999999998,181.49599999999998,0.0141,0.0159
29.07.2020 02:39:38.305 GMT+0200,181.53400000000002,181.497,0.0141,0.0159
29.07.2020 02:39:39.649 GMT+0200,181.53799999999998,181.497,0.0141,0.0159
29.07.2020 02:39:41.258 GMT+0200,181.53799999999998,181.49900000000002,0.0141,0.0159
29.07.2020 02:39:49.659 GMT+0200,181.53099999999998,181.495,0.0141,0.0159
29.07.2020 02:40:00.710 GMT+0200,181.505,181.46400000000003,0.0141,0.0159
29.07.2020 02:40:00.898 GMT+0200,181.537,181.498,0.0141,0.0159
29.07.2020 02:40:01.567 GMT+0200,181.53400000000002,181.498,0.0141,0.0159
29.07.2020 02:40:03.144 GMT+0200,181.52,181.486,0.0141,0.0159
29.07.2020 02:40:03.249 GMT+0200,181.5,181.46400000000003,0.0141,0.0159
29.07.2020 02:40:03.408 GMT+0200,181.502,181.46599999999998,0.0141,0.0159
29.07.2020 02:40:17.151 GMT+0200,181.53099999999998,181.495,0.0141,0.0159
29.07.2020 02:40:17.330 GMT+0200,181.53099999999998,181.49900000000002,0.0141,0.0159
29.07.2020 02:40:42.235 GMT+0200,181.52200000000002,181.484,0.0141,0.0159
29.07.2020 02:40:46.325 GMT+0200,181.536,181.49900000000002,0.0141,0.0159
29.07.2020 02:40:51.040 GMT+0200,181.53799999999998,181.49400000000003,0.0141,0.0159
29.07.2020 02:41:01.360 GMT+0200,181.53799999999998,181.498,0.0141,0.0159
29.07.2020 02:41:09.098 GMT+0200,181.53400000000002,181.497,0.0141,0.0159
29.07.2020 02:41:38.867 GMT+0200,181.536,181.498,0.0141,0.0159
29.07.2020 02:41:58.620 GMT+0200,181.50400000000002,181.46400000000003,0.0141,0.0159
29.07.2020 02:41:58.819 GMT+0200,181.536,181.50099999999998,0.0141,0.0159
29.07.2020 02:41:59.927 GMT+0200,181.53799999999998,181.497,0.0141,0.0159
29.07.2020 02:42:02.239 GMT+0200,181.52,181.481,0.0141,0.0159
29.07.2020 02:42:02.520 GMT+0200,181.516,181.479,0.0141,0.0159
29.07.2020 02:42:03.064 GMT+0200,181.519,181.483,0.0141,0.0159
29.07.2020 02:42:03.176 GMT+0200,181.503,181.465,0.0141,0.0159
29.07.2020 02:42:05.594 GMT+0200,181.503,181.46400000000003,0.0141,0.0159
29.07.2020 02:42:06.597 GMT+0200,181.536,181.49900000000002,0.0141,0.0159
29.07.2020 02:42:07.411 GMT+0200,181.53400000000002,181.495,0.0141,0.0159
29.07.2020 02:42:54.168 GMT+0200,181.52200000000002,181.484,0.0141,0.0159
29.07.2020 02:42:54.391 GMT+0200,181.507,181.465,0.0141,0.0159
29.07.2020 02:42:55.179 GMT+0200,181.505,181.46400000000003,0.0141,0.0159
29.07.2020 02:43:00.523 GMT+0200,181.521,181.486,0.0141,0.0159
29.07.2020 02:43:08.321 GMT+0200,181.519,181.484,0.0141,0.0159
29.07.2020 02:43:12.412 GMT+0200,181.502,181.46599999999998,0.0141,0.0159
29.07.2020 02:43:12.651 GMT+0200,181.503,181.46400000000003,0.0141,0.0159
29.07.2020 02:43:29.377 GMT+0200,181.537,181.495,0.0141,0.0159
29.07.2020 02:43:29.707 GMT+0200,181.53799999999998,181.49599999999998,0.0141,0.0159
29.07.2020 02:43:34.601 GMT+0200,181.50400000000002,181.47,0.0141,0.0159
29.07.2020 02:43:34.809 GMT+0200,181.5,181.47,0.0141,0.0159
29.07.2020 02:43:39.343 GMT+0200,181.537,181.497,0.0141,0.0159
29.07.2020 02:43:39.393 GMT+0200,181.503,181.46599999999998,0.0141,0.0159
29.07.2020 02:43:41.464 GMT+0200,181.536,181.498,0.0141,0.0159
29.07.2020 02:43:41.590 GMT+0200,181.50400000000002,181.465,0.0141,0.0159
29.07.2020 02:43:52.278 GMT+0200,181.507,181.47,0.0141,0.0159
29.07.2020 02:44:06.486 GMT+0200,181.505,181.465,0.0141,0.0159
29.07.2020 02:44:06.614 GMT+0200,181.503,181.468,0.0141,0.0159
29.07.2020 02:44:26.601 GMT+0200,181.53099999999998,181.495,0.0141,0.0159
29.07.2020 02:44:27.328 GMT+0200,181.536,181.49900000000002,0.0141,0.0159
29.07.2020 02:44:31.987 GMT+0200,181.503,181.46599999999998,0.0141,0.0159
29.07.2020 02:44:33.136 GMT+0200,181.507,181.46599999999998,0.0141,0.0159
29.07.2020 02:44:35.396 GMT+0200,181.53099999999998,181.50099999999998,0.0141,0.0159
29.07.2020 02:44:35.477 GMT+0200,181.533,181.49400000000003,0.0141,0.0159
29.07.2020 02:44:49.425 GMT+0200,181.53799999999998,181.50099999999998,0.0141,0.0159
29.07.2020 02:44:49.591 GMT+0200,181.533,181.495,0.0141,0.0159
29.07.2020 02:44:56.070 GMT+0200,181.535,181.49599999999998,0.0141,0.0159
29.07.2020 02:44:57.845 GMT+0200,181.50400000000002,181.47,0.0141,0.0159
29.07.2020 02:44:57.975 GMT+0200,181.506,181.46599999999998,0.0141,0.0159
29.07.2020 02:45:04.725 GMT+0200,181.536,181.50099999999998,0.0141,0.0159
29.07.2020 02:45:04.775 GMT+0200,181.503,181.463,0.0141,0.0159
29.07.2020 02:45:04.947 GMT+0200,181.506,181.46599999999998,0.0141,0.0159
29.07.2020 02:45:22.329 GMT+0200,181.505,181.465,0.0141,0.0159
29.07.2020 02:45:27.278 GMT+0200,181.5,181.463,0.0141,0.0159
29.07.2020 02:45:49.383 GMT+0200,181.506,181.463,0.0141,0.0159
29.07.2020 02:45:51.486 GMT+0200,181.502,181.468,0.0141,0.0159
29.07.2020 02:46:20.166 GMT+0200,181.502,181.46599999999998,0.0141,0.0159
29.07.2020 02:47:07.430 GMT+0200,181.475,181.43599999999998,0.0141,0.0159
29.07.2020 02:47:07.481 GMT+0200,181.503,181.468,0.0141,0.0159
29.07.2020 02:47:07.900 GMT+0200,181.505,181.46400000000003,0.0141,0.0159
29.07.2020 02:47:33.037 GMT+0200,181.503,181.467,0.0141,0.0159
29.07.2020 02:47:33.183 GMT+0200,181.5,181.46599999999998,0.0141,0.0159
29.07.2020 02:47:43.237 GMT+0200,181.506,181.465,0.0141,0.0159
29.07.2020 02:47:50.670 GMT+0200,181.476,181.435,0.0141,0.0159
29.07.2020 02:47:50.806 GMT+0200,181.472,181.43900000000002,0.0141,0.0159
29.07.2020 02:47:54.533 GMT+0200,181.472,181.435,0.0141,0.0159
29.07.2020 02:47:55.956 GMT+0200,181.47099999999998,181.43599999999998,0.0141,0.0159
29.07.2020 02:48:22.219 GMT+0200,181.47400000000002,181.43400000000003,0.0141,0.0159
29.07.2020 02:48:23.487 GMT+0200,181.475,181.433,0.0141,0.0159
29.07.2020 02:48:31.080 GMT+0200,181.47299999999998,181.43599999999998,0.0141,0.0159
29.07.2020 02:48:49.134 GMT+0200,181.476,181.43200000000002,0.0141,0.0159
29.07.2020 02:48:55.120 GMT+0200,181.475,181.433,0.0141,0.0159
29.07.2020 02:48:59.733 GMT+0200,181.46900000000002,181.437,0.0141,0.0159
29.07.2020 02:49:02.584 GMT+0200,181.46900000000002,181.43900000000002,0.0141,0.0159
29.07.2020 02:49:06.937 GMT+0200,181.476,181.437,0.0141,0.0159
29.07.2020 02:50:26.319 GMT+0200,181.47400000000002,181.435,0.0141,0.0159
29.07.2020 02:50:26.969 GMT+0200,181.47099999999998,181.435,0.0141,0.0159
29.07.2020 02:50:51.270 GMT+0200,181.47400000000002,181.435,0.0141,0.0159
29.07.2020 02:50:51.821 GMT+0200,181.47099999999998,181.43900000000002,0.0141,0.0159
29.07.2020 02:50:57.312 GMT+0200,181.472,181.43400000000003,0.0141,0.0159
29.07.2020 02:52:23.505 GMT+0200,181.472,181.437,0.0141,0.0159
29.07.2020 02:52:54.776 GMT+0200,181.472,181.43200000000002,0.0141,0.0159
29.07.2020 02:53:00.502 GMT+0200,181.475,181.437,0.0141,0.0159
29.07.2020 02:53:01.025 GMT+0200,181.475,181.43599999999998,0.0141,0.0159
29.07.2020 02:53:01.929 GMT+0200,181.47400000000002,181.43900000000002,0.0141,0.0159
29.07.2020 02:53:08.200 GMT+0200,181.46900000000002,181.433,0.0141,0.0159
29.07.2020 02:53:10.579 GMT+0200,181.475,181.43200000000002,0.0141,0.0159
29.07.2020 02:53:32.656 GMT+0200,181.47400000000002,181.43200000000002,0.0141,0.0159
29.07.2020 02:53:33.172 GMT+0200,181.472,181.437,0.0141,0.0159
29.07.2020 02:54:34.751 GMT+0200,181.46900000000002,181.433,0.0141,0.0159
29.07.2020 02:54:52.156 GMT+0200,181.476,181.43599999999998,0.0141,0.0159
29.07.2020 02:54:58.715 GMT+0200,181.472,181.435,0.0141,0.0159
29.07.2020 02:55:24.625 GMT+0200,181.472,181.43400000000003,0.0141,0.0159
29.07.2020 02:55:32.770 GMT+0200,181.47299999999998,181.433,0.0141,0.0159
29.07.2020 02:55:33.084 GMT+0200,181.47299999999998,181.435,0.0141,0.0159
29.07.2020 02:55:57.456 GMT+0200,181.46900000000002,181.43200000000002,0.0141,0.0159
29.07.2020 02:55:57.572 GMT+0200,181.476,181.433,0.0141,0.0159
29.07.2020 02:56:22.149 GMT+0200,181.47299999999998,181.435,0.0141,0.0159
29.07.2020 02:56:24.356 GMT+0200,181.47400000000002,181.43200000000002,0.0141,0.0159
29.07.2020 02:56:30.765 GMT+0200,181.472,181.433,0.0141,0.0159
29.07.2020 02:56:32.228 GMT+0200,181.46900000000002,181.433,0.0141,0.0159
29.07.2020 02:56:39.119 GMT+0200,181.47400000000002,181.43900000000002,0.0141,0.0159
29.07.2020 02:56:42.080 GMT+0200,181.475,181.435,0.0141,0.0159
29.07.2020 02:56:48.011 GMT+0200,181.476,181.43200000000002,0.0141,0.0159
29.07.2020 02:56:58.328 GMT+0200,181.47099999999998,181.43400000000003,0.0141,0.0159
29.07.2020 02:57:04.312 GMT+0200,181.476,181.43599999999998,0.0141,0.0159
29.07.2020 02:58:24.385 GMT+0200,181.476,181.433,0.0141,0.0159
29.07.2020 02:58:32.114 GMT+0200,181.47099999999998,181.43400000000003,0.0141,0.0159
29.07.2020 02:58:40.548 GMT+0200,181.475,181.433,0.0141,0.0159
29.07.2020 02:58:47.143 GMT+0200,181.475,181.43400000000003,0.0141,0.0159
29.07.2020 02:58:56.498 GMT+0200,181.472,181.43200000000002,0.0141,0.0159
29.07.2020 03:00:01.211 GMT+0200,181.47400000000002,181.437,0.0141,0.0159
29.07.2020 03:00:01.848 GMT+0200,181.47400000000002,181.435,0.0141,0.0159
29.07.2020 03:00:02.450 GMT+0200,181.476,181.437,0.0141,0.0159
29.07.2020 03:00:03.977 GMT+0200,181.46900000000002,181.43900000000002,0.0141,0.0159
29.07.2020 03:00:06.947 GMT+0200,181.503,181.463,0.0141,0.0159
29.07.2020 03:00:16.234 GMT+0200,181.47299999999998,181.43599999999998,0.0141,0.0159
29.07.2020 03:00:16.416 GMT+0200,181.475,181.433,0.0141,0.0159
29.07.2020 03:00:17.017 GMT+0200,181.472,181.43599999999998,0.0141,0.0159
29.07.2020 03:00:36.448 GMT+0200,181.476,181.43900000000002,0.0141,0.0159
29.07.2020 03:00:59.317 GMT+0200,181.46900000000002,181.43200000000002,0.0141,0.0159
29.07.2020 03:01:00.571 GMT+0200,181.475,181.43400000000003,0.0141,0.0159
29.07.2020 03:01:01.036 GMT+0200,181.47299999999998,181.435,0.0141,0.0159
29.07.2020 03:01:04.411 GMT+0200,181.47099999999998,181.437,0.0141,0.0159
29.07.2020 03:01:05.647 GMT+0200,181.475,181.43900000000002,0.0141,0.0159
29.07.2020 03:01:09.082 GMT+0200,181.47299999999998,181.43599999999998,0.0141,0.0159
29.07.2020 03:01:16.706 GMT+0200,181.475,181.43400000000003,0.0141,0.0159
29.07.2020 03:01:17.615 GMT+0200,181.476,181.43900000000002,0.0141,0.0159
29.07.2020 03:01:24.100 GMT+0200,181.47400000000002,181.437,0.0141,0.0159
29.07.2020 03:01:24.223 GMT+0200,181.47299999999998,181.43400000000003,0.0141,0.0159
29.07.2020 03:01:24.657 GMT+0200,181.47400000000002,181.43400000000003,0.0141,0.0159
29.07.2020 03:01:27.572 GMT+0200,181.46900000000002,181.433,0.0141,0.0159
29.07.2020 03:01:29.606 GMT+0200,181.47400000000002,181.433,0.0141,0.0159
29.07.2020 03:01:44.849 GMT+0200,181.472,181.43200000000002,0.0141,0.0159
29.07.2020 03:01:45.799 GMT+0200,181.475,181.43900000000002,0.0141,0.0159
29.07.2020 03:01:54.991 GMT+0200,181.502,181.465,0.0141,0.0159
29.07.2020 03:01:55.041 GMT+0200,181.47099999999998,181.43900000000002,0.0141,0.0159
29.07.2020 03:02:07.127 GMT+0200,181.47400000000002,181.43900000000002,0.0141,0.0159
29.07.2020 03:02:09.835 GMT+0200,181.47299999999998,181.433,0.0141,0.0159
29.07.2020 03:02:13.133 GMT+0200,181.47099999999998,181.435,0.0141,0.0159
29.07.2020 03:02:22.490 GMT+0200,181.472,181.437,0.0141,0.0159
29.07.2020 03:02:26.846 GMT+0200,181.476,181.43400000000003,0.0141,0.0159
29.07.2020 03:02:31.292 GMT+0200,181.488,181.451,0.0141,0.0159
29.07.2020 03:02:31.393 GMT+0200,181.506,181.467,0.0141,0.0159
29.07.2020 03:02:41.461 GMT+0200,181.47400000000002,181.43200000000002,0.0141,0.0159
29.07.2020 03:02:41.571 GMT+0200,181.476,181.433,0.0141,0.0159
29.07.2020 03:02:42.547 GMT+0200,181.475,181.43900000000002,0.0141,0.0159
29.07.2020 03:02:48.738 GMT+0200,181.47099999999998,181.435,0.0141,0.0159
29.07.2020 03:03:16.686 GMT+0200,181.47400000000002,181.43900000000002,0.0141,0.0159
29.07.2020 03:03:24.269 GMT+0200,181.47099999999998,181.437,0.0141,0.0159
29.07.2020 03:03:25.078 GMT+0200,181.47400000000002,181.43200000000002,0.0141,0.0159
29.07.2020 03:03:39.247 GMT+0200,181.475,181.43400000000003,0.0141,0.0159
29.07.2020 03:03:40.069 GMT+0200,181.472,181.43900000000002,0.0141,0.0159
29.07.2020 03:04:02.184 GMT+0200,181.46900000000002,181.43900000000002,0.0141,0.0159
29.07.2020 03:04:04.665 GMT+0200,181.47400000000002,181.43900000000002,0.0141,0.0159
29.07.2020 03:04:04.997 GMT+0200,181.46900000000002,181.43200000000002,0.0141,0.0159
29.07.2020 03:04:19.357 GMT+0200,181.47099999999998,181.435,0.0141,0.0159
29.07.2020 03:04:19.851 GMT+0200,181.476,181.43599999999998,0.0141,0.0159
29.07.2020 03:04:22.667 GMT+0200,181.47099999999998,181.43900000000002,0.0141,0.0159
29.07.2020 03:05:05.572 GMT+0200,181.47099999999998,181.433,0.0141,0.0159
29.07.2020 03:05:17.951 GMT+0200,181.47299999999998,181.437,0.0141,0.0159
29.07.2020 03:05:37.451 GMT+0200,181.507,181.465,0.0141,0.0159
29.07.2020 03:05:37.930 GMT+0200,181.503,181.465,0.0141,0.0159
29.07.2020 03:05:38.674 GMT+0200,181.5,181.46400000000003,0.0141,0.0159
29.07.2020 03:05:39.523 GMT+0200,181.505,181.46599999999998,0.0141,0.0159
29.07.2020 03:05:42.254 GMT+0200,181.5,181.467,0.0141,0.0159
29.07.2020 03:05:43.379 GMT+0200,181.502,181.47,0.0141,0.0159
29.07.2020 03:05:44.439 GMT+0200,181.507,181.467,0.0141,0.0159
29.07.2020 03:05:48.111 GMT+0200,181.50400000000002,181.46599999999998,0.0141,0.0159
29.07.2020 03:05:52.944 GMT+0200,181.505,181.465,0.0141,0.0159
29.07.2020 03:06:14.297 GMT+0200,181.505,181.463,0.0141,0.0159
29.07.2020 03:06:14.593 GMT+0200,181.507,181.465,0.0141,0.0159
29.07.2020 03:06:42.060 GMT+0200,181.506,181.47,0.0141,0.0159
29.07.2020 03:06:49.131 GMT+0200,181.505,181.468,0.0141,0.0159
29.07.2020 03:06:52.687 GMT+0200,181.50400000000002,181.467,0.0141,0.0159
29.07.2020 03:07:02.260 GMT+0200,181.505,181.46599999999998,0.0141,0.0159
29.07.2020 03:07:11.833 GMT+0200,181.505,181.465,0.0141,0.0159
29.07.2020 03:07:15.924 GMT+0200,181.505,181.467,0.0141,0.0159
29.07.2020 03:07:17.346 GMT+0200,181.50400000000002,181.46400000000003,0.0141,0.0159
29.07.2020 03:07:19.771 GMT+0200,181.507,181.46400000000003,0.0141,0.0159
29.07.2020 03:07:26.946 GMT+0200,181.507,181.467,0.0141,0.0159
29.07.2020 03:07:33.327 GMT+0200,181.502,181.467,0.0141,0.0159
29.07.2020 03:08:02.501 GMT+0200,181.5,181.46400000000003,0.0141,0.0159
29.07.2020 03:08:05.762 GMT+0200,181.50400000000002,181.465,0.0141,0.0159
29.07.2020 03:08:12.747 GMT+0200,181.507,181.467,0.0141,0.0159
29.07.2020 03:08:21.059 GMT+0200,181.502,181.465,0.0141,0.0159
29.07.2020 03:08:24.188 GMT+0200,181.502,181.467,0.0141,0.0159
29.07.2020 03:08:27.659 GMT+0200,181.505,181.46599999999998,0.0141,0.0159
29.07.2020 03:08:30.328 GMT+0200,181.506,181.467,0.0141,0.0159
29.07.2020 03:08:59.628 GMT+0200,181.506,181.47,0.0141,0.0159
29.07.2020 03:09:05.143 GMT+0200,181.503,181.47,0.0141,0.0159
29.07.2020 03:09:26.024 GMT+0200,181.506,181.463,0.0141,0.0159
29.07.2020 03:09:29.506 GMT+0200,181.503,181.468,0.0141,0.0159
29.07.2020 03:10:22.909 GMT+0200,181.50400000000002,181.47,0.0141,0.0159
29.07.2020 03:10:23.394 GMT+0200,181.50400000000002,181.463,0.0141,0.0159
29.07.2020 03:10:28.316 GMT+0200,181.5,181.467,0.0141,0.0159
29.07.2020 03:10:29.931 GMT+0200,181.506,181.467,0.0141,0.0159
29.07.2020 03:11:34.697 GMT+0200,181.503,181.46400000000003,0.0141,0.0159
29.07.2020 03:12:02.246 GMT+0200,181.47099999999998,181.43599999999998,0.0141,0.0159
29.07.2020 03:12:02.360 GMT+0200,181.475,181.435,0.0141,0.0159
29.07.2020 03:12:14.034 GMT+0200,181.476,181.435,0.0141,0.0159
29.07.2020 03:12:17.904 GMT+0200,181.47099999999998,181.43900000000002,0.0141,0.0159
29.07.2020 03:12:18.739 GMT+0200,181.47099999999998,181.435,0.0141,0.0159
29.07.2020 03:12:22.550 GMT+0200,181.47099999999998,181.43400000000003,0.0141,0.0159
29.07.2020 03:12:25.582 GMT+0200,181.47400000000002,181.43599999999998,0.0141,0.0159
29.07.2020 03:12:32.121 GMT+0200,181.47299999999998,181.435,0.0141,0.0159
29.07.2020 03:12:51.034 GMT+0200,181.47299999999998,181.43900000000002,0.0141,0.0159
29.07.2020 03:13:05.871 GMT+0200,181.502,181.463,0.0141,0.0159
29.07.2020 03:13:06.118 GMT+0200,181.507,181.467,0.0141,0.0159
29.07.2020 03:13:13.216 GMT+0200,181.50400000000002,181.47,0.0141,0.0159
29.07.2020 03:13:13.266 GMT+0200,181.475,181.437,0.0141,0.0159
29.07.2020 03:13:13.391 GMT+0200,181.47299999999998,181.433,0.0141,0.0159
29.07.2020 03:13:15.667 GMT+0200,181.5,181.46400000000003,0.0141,0.0159
29.07.2020 03:13:15.905 GMT+0200,181.507,181.46599999999998,0.0141,0.0159
29.07.2020 03:13:16.316 GMT+0200,181.47400000000002,181.435,0.0141,0.0159
29.07.2020 03:13:23.396 GMT+0200,181.489,181.447,0.0141,0.0159
29.07.2020 03:13:23.563 GMT+0200,181.46900000000002,181.43599999999998,0.0141,0.0159
29.07.2020 03:13:23.619 GMT+0200,181.484,181.45000000000002,0.0141,0.0159
29.07.2020 03:13:25.720 GMT+0200,181.5,181.47,0.0141,0.0159
29.07.2020 03:13:25.874 GMT+0200,181.5,181.467,0.0141,0.0159
29.07.2020 03:13:40.422 GMT+0200,181.488,181.448,0.0141,0.0159
29.07.2020 03:13:40.527 GMT+0200,181.46900000000002,181.43599999999998,0.0141,0.0159
29.07.2020 03:13:41.058 GMT+0200,181.472,181.435,0.0141,0.0159
29.07.2020 03:13:45.680 GMT+0200,181.50400000000002,181.463,0.0141,0.0159
29.07.2020 03:13:45.785 GMT+0200,181.502,181.468,0.0141,0.0159
29.07.2020 03:13:55.273 GMT+0200,181.49,181.451,0.0141,0.0159
29.07.2020 03:13:59.015 GMT+0200,181.476,181.43400000000003,0.0141,0.0159
29.07.2020 03:13:59.246 GMT+0200,181.48700000000002,181.452,0.0141,0.0159
29.07.2020 03:14:00.411 GMT+0200,181.49,181.452,0.0141,0.0159
29.07.2020 03:14:10.330 GMT+0200,181.476,181.43400000000003,0.0141,0.0159
29.07.2020 03:14:11.704 GMT+0200,181.47299999999998,181.43200000000002,0.0141,0.0159
29.07.2020 03:14:13.010 GMT+0200,181.49,181.449,0.0141,0.0159
29.07.2020 03:14:13.116 GMT+0200,181.49099999999999,181.451,0.0141,0.0159
29.07.2020 03:14:15.857 GMT+0200,181.47400000000002,181.43900000000002,0.0141,0.0159
29.07.2020 03:14:16.182 GMT+0200,181.47299999999998,181.43900000000002,0.0141,0.0159
29.07.2020 03:14:17.403 GMT+0200,181.47299999999998,181.433,0.0141,0.0159
29.07.2020 03:14:22.102 GMT+0200,181.46900000000002,181.43599999999998,0.0141,0.0159
29.07.2020 03:14:26.743 GMT+0200,181.472,181.43900000000002,0.0141,0.0159
29.07.2020 03:14:31.918 GMT+0200,181.50400000000002,181.467,0.0141,0.0159
29.07.2020 03:14:32.099 GMT+0200,181.502,181.468,0.0141,0.0159
29.07.2020 03:14:32.272 GMT+0200,181.50400000000002,181.468,0.0141,0.0159
29.07.2020 03:14:34.417 GMT+0200,181.505,181.468,0.0141,0.0159
29.07.2020 03:14:34.541 GMT+0200,181.507,181.46599999999998,0.0141,0.0159
29.07.2020 03:14:56.142 GMT+0200,181.502,181.468,0.0141,0.0159
29.07.2020 03:14:56.252 GMT+0200,181.505,181.467,0.0141,0.0159
29.07.2020 03:15:01.826 GMT+0200,181.5,181.46400000000003,0.0141,0.0159
29.07.2020 03:15:02.213 GMT+0200,181.50400000000002,181.47,0.0141,0.0159
29.07.2020 03:15:02.507 GMT+0200,181.505,181.46599999999998,0.0141,0.0159
29.07.2020 03:15:03.840 GMT+0200,181.503,181.468,0.0141,0.0159
29.07.2020 03:15:04.501 GMT+0200,181.50400000000002,181.463,0.0141,0.0159
29.07.2020 03:15:05.240 GMT+0200,181.50400000000002,181.465,0.0141,0.0159
29.07.2020 03:15:18.849 GMT+0200,181.506,181.46599999999998,0.0141,0.0159
29.07.2020 03:15:26.714 GMT+0200,181.507,181.468,0.0141,0.0159
29.07.2020 03:15:27.464 GMT+0200,181.472,181.435,0.0141,0.0159
29.07.2020 03:15:27.818 GMT+0200,181.476,181.435,0.0141,0.0159
29.07.2020 03:15:29.338 GMT+0200,181.489,181.448,0.0141,0.0159
29.07.2020 03:15:32.812 GMT+0200,181.49099999999999,181.45000000000002,0.0141,0.0159
29.07.2020 03:15:32.970 GMT+0200,181.5,181.463,0.0141,0.0159
29.07.2020 03:15:33.104 GMT+0200,181.5,181.46400000000003,0.0141,0.0159
29.07.2020 03:15:35.611 GMT+0200,181.505,181.468,0.0141,0.0159
29.07.2020 03:15:35.668 GMT+0200,181.505,181.46400000000003,0.0141,0.0159
29.07.2020 03:15:37.071 GMT+0200,181.5,181.465,0.0141,0.0159
29.07.2020 03:15:40.369 GMT+0200,181.502,181.465,0.0141,0.0159
29.07.2020 03:15:41.552 GMT+0200,181.507,181.468,0.0141,0.0159
29.07.2020 03:15:41.624 GMT+0200,181.49099999999999,181.447,0.0141,0.0159
29.07.2020 03:15:44.855 GMT+0200,181.489,181.454,0.0141,0.0159
29.07.2020 03:15:46.278 GMT+0200,181.503,181.46599999999998,0.0141,0.0159
29.07.2020 03:15:51.705 GMT+0200,181.503,181.47,0.0141,0.0159
29.07.2020 03:15:53.107 GMT+0200,181.47299999999998,181.433,0.0141,0.0159
29.07.2020 03:15:54.152 GMT+0200,181.48700000000002,181.452,0.0141,0.0159
29.07.2020 03:15:57.297 GMT+0200,181.503,181.465,0.0141,0.0159
29.07.2020 03:15:57.411 GMT+0200,181.506,181.47,0.0141,0.0159
29.07.2020 03:16:01.179 GMT+0200,181.50400000000002,181.46400000000003,0.0141,0.0159
29.07.2020 03:16:18.798 GMT+0200,181.49,181.451,0.0141,0.0159
29.07.2020 03:16:19.253 GMT+0200,181.489,181.452,0.0141,0.0159
29.07.2020 03:16:19.913 GMT+0200,181.506,181.465,0.0141,0.0159
29.07.2020 03:16:21.199 GMT+0200,181.50400000000002,181.47,0.0141,0.0159
29.07.2020 03:16:22.067 GMT+0200,181.505,181.463,0.0141,0.0159
29.07.2020 03:16:33.050 GMT+0200,181.502,181.46400000000003,0.0141,0.0159
29.07.2020 03:16:33.190 GMT+0200,181.507,181.47,0.0141,0.0159
29.07.2020 03:17:01.124 GMT+0200,181.519,181.486,0.0141,0.0159
29.07.2020 03:17:01.249 GMT+0200,181.505,181.463,0.0141,0.0159
29.07.2020 03:17:03.457 GMT+0200,181.507,181.468,0.0141,0.0159
29.07.2020 03:17:15.639 GMT+0200,181.5,181.46400000000003,0.0141,0.0159
29.07.2020 03:18:01.538 GMT+0200,181.50400000000002,181.46599999999998,0.0141,0.0159
29.07.2020 03:18:01.642 GMT+0200,181.505,181.47,0.0141,0.0159
29.07.2020 03:18:10.282 GMT+0200,181.5,181.47,0.0141,0.0159
29.07.2020 03:18:12.765 GMT+0200,181.506,181.46400000000003,0.0141,0.0159
29.07.2020 03:18:32.351 GMT+0200,181.502,181.465,0.0141,0.0159
29.07.2020 03:18:36.736 GMT+0200,181.5,181.467,0.0141,0.0159
29.07.2020 03:18:47.745 GMT+0200,181.507,181.463,0.0141,0.0159
29.07.2020 03:19:00.235 GMT+0200,181.503,181.46400000000003,0.0141,0.0159
29.07.2020 03:19:00.393 GMT+0200,181.505,181.463,0.0141,0.0159
29.07.2020 03:19:03.441 GMT+0200,181.50400000000002,181.468,0.0141,0.0159
29.07.2020 03:19:08.712 GMT+0200,181.506,181.46599999999998,0.0141,0.0159
29.07.2020 03:19:22.491 GMT+0200,181.50400000000002,181.463,0.0141,0.0159
29.07.2020 03:19:22.757 GMT+0200,181.505,181.46599999999998,0.0141,0.0159
29.07.2020 03:19:28.556 GMT+0200,181.50400000000002,181.47,0.0141,0.0159
29.07.2020 03:20:01.067 GMT+0200,181.5,181.463,0.0141,0.0159
29.07.2020 03:21:09.081 GMT+0200,181.506,181.465,0.0141,0.0159
29.07.2020 03:21:29.159 GMT+0200,181.50400000000002,181.46599999999998,0.0141,0.0159
29.07.2020 03:21:31.659 GMT+0200,181.47400000000002,181.43200000000002,0.0141,0.0159
29.07.2020 03:21:31.709 GMT+0200,181.5,181.46400000000003,0.0141,0.0159
29.07.2020 03:21:31.935 GMT+0200,181.503,181.468,0.0141,0.0159
29.07.2020 03:21:40.132 GMT+0200,181.486,181.448,0.0141,0.0159
29.07.2020 03:21:40.292 GMT+0200,181.486,181.449,0.0141,0.0159
29.07.2020 03:21:48.638 GMT+0200,181.46900000000002,181.437,0.0141,0.0159
29.07.2020 03:21:49.543 GMT+0200,181.476,181.43599999999998,0.0141,0.0159
29.07.2020 03:21:49.593 GMT+0200,181.503,181.468,0.0141,0.0159
29.07.2020 03:21:50.082 GMT+0200,181.5,181.47,0.0141,0.0159
29.07.2020 03:21:52.820 GMT+0200,181.484,181.448,0.0141,0.0159
29.07.2020 03:21:57.079 GMT+0200,181.47099999999998,181.43599999999998,0.0141,0.0159
29.07.2020 03:21:59.862 GMT+0200,181.48700000000002,181.452,0.0141,0.0159
29.07.2020 03:22:00.001 GMT+0200,181.503,181.467,0.0141,0.0159
29.07.2020 03:22:00.891 GMT+0200,181.5,181.465,0.0141,0.0159
29.07.2020 03:22:35.637 GMT+0200,181.502,181.467,0.0141,0.0159
29.07.2020 03:23:04.890 GMT+0200,181.502,181.468,0.0141,0.0159
29.07.2020 03:23:05.170 GMT+0200,181.502,181.467,0.0141,0.0159
29.07.2020 03:23:08.448 GMT+0200,181.507,181.465,0.0141,0.0159
29.07.2020 03:23:30.497 GMT+0200,181.5,181.47,0.0141,0.0159
29.07.2020 03:23:35.593 GMT+0200,181.503,181.47,0.0141,0.0159
29.07.2020 03:23:36.723 GMT+0200,181.506,181.463,0.0141,0.0159
29.07.2020 03:23:38.707 GMT+0200,181.506,181.46599999999998,0.0141,0.0159
29.07.2020 03:24:43.358 GMT+0200,181.503,181.46599999999998,0.0141,0.0159
29.07.2020 03:24:51.233 GMT+0200,181.502,181.465,0.0141,0.0159
29.07.2020 03:25:04.790 GMT+0200,181.50400000000002,181.465,0.0141,0.0159
29.07.2020 03:25:05.230 GMT+0200,181.502,181.467,0.0141,0.0159
29.07.2020 03:25:06.434 GMT+0200,181.505,181.467,0.0141,0.0159
29.07.2020 03:25:07.837 GMT+0200,181.507,181.46400000000003,0.0141,0.0159
29.07.2020 03:25:11.938 GMT+0200,181.506,181.46599999999998,0.0141,0.0159
29.07.2020 03:25:15.458 GMT+0200,181.503,181.46400000000003,0.0141,0.0159
29.07.2020 03:25:20.126 GMT+0200,181.50400000000002,181.467,0.0141,0.0159
29.07.2020 03:25:21.321 GMT+0200,181.502,181.467,0.0141,0.0159
29.07.2020 03:25:45.516 GMT+0200,181.50400000000002,181.463,0.0141,0.0159
29.07.2020 03:25:46.130 GMT+0200,181.5,181.463,0.0141,0.0159
29.07.2020 03:25:49.293 GMT+0200,181.5,181.46599999999998,0.0141,0.0159
29.07.2020 03:25:53.814 GMT+0200,181.505,181.467,0.0141,0.0159
29.07.2020 03:26:15.475 GMT+0200,181.503,181.46599999999998,0.0141,0.0159
29.07.2020 03:26:26.839 GMT+0200,181.502,181.465,0.0141,0.0159
29.07.2020 03:27:29.568 GMT+0200,181.47400000000002,181.43599999999998,0.0141,0.0159
29.07.2020 03:27:29.726 GMT+0200,181.507,181.46400000000003,0.0141,0.0159
29.07.2020 03:28:06.327 GMT+0200,181.505,181.46599999999998,0.0141,0.0159
29.07.2020 03:28:12.414 GMT+0200,181.50400000000002,181.47,0.0141,0.0159
29.07.2020 03:28:16.075 GMT+0200,181.507,181.468,0.0141,0.0159
29.07.2020 03:28:49.472 GMT+0200,181.5,181.463,0.0141,0.0159
29.07.2020 03:29:08.091 GMT+0200,181.502,181.468,0.0141,0.0159
29.07.2020 03:29:10.206 GMT+0200,181.503,181.463,0.0141,0.0159
29.07.2020 03:29:12.319 GMT+0200,181.507,181.467,0.0141,0.0159
29.07.2020 03:30:32.699 GMT+0200,181.53400000000002,181.49599999999998,0.0141,0.0159
29.07.2020 03:30:33.336 GMT+0200,181.533,181.495,0.0141,0.0159
29.07.2020 03:30:46.556 GMT+0200,181.5,181.465,0.0141,0.0159
29.07.2020 03:30:46.681 GMT+0200,181.502,181.465,0.0141,0.0159
29.07.2020 03:31:07.337 GMT+0200,181.52,181.483,0.0141,0.0159
29.07.2020 03:31:13.810 GMT+0200,181.536,181.49599999999998,0.0141,0.0159
29.07.2020 03:31:14.138 GMT+0200,181.537,181.49900000000002,0.0141,0.0159
29.07.2020 03:31:19.304 GMT+0200,181.53099999999998,181.498,0.0141,0.0159
29.07.2020 03:31:34.709 GMT+0200,181.537,181.49599999999998,0.0141,0.0159
29.07.2020 03:31:40.620 GMT+0200,181.53099999999998,181.49900000000002,0.0141,0.0159
29.07.2020 03:32:27.024 GMT+0200,181.56799999999998,181.52599999999998,0.0141,0.0159
29.07.2020 03:32:27.129 GMT+0200,181.55,181.512,0.0141,0.0159
29.07.2020 03:32:27.255 GMT+0200,181.53799999999998,181.497,0.0141,0.0159
29.07.2020 03:32:28.009 GMT+0200,181.537,181.497,0.0141,0.0159
29.07.2020 03:33:20.664 GMT+0200,181.53099999999998,181.49400000000003,0.0141,0.0159
29.07.2020 03:33:21.873 GMT+0200,181.53400000000002,181.49400000000003,0.0141,0.0159
29.07.2020 03:33:26.836 GMT+0200,181.536,181.497,0.0141,0.0159
29.07.2020 03:34:09.200 GMT+0200,181.53099999999998,181.495,0.0141,0.0159
29.07.2020 03:34:14.831 GMT+0200,181.535,181.498,0.0141,0.0159
29.07.2020 03:34:16.042 GMT+0200,181.535,181.495,0.0141,0.0159
29.07.2020 03:34:16.668 GMT+0200,181.533,181.49900000000002,0.0141,0.0159
29.07.2020 03:34:18.559 GMT+0200,181.53799999999998,181.49900000000002,0.0141,0.0159
29.07.2020 03:34:19.344 GMT+0200,181.535,181.50099999999998,0.0141,0.0159
29.07.2020 03:34:28.800 GMT+0200,181.56400000000002,181.53,0.0141,0.0159
29.07.2020 03:34:28.901 GMT+0200,181.56400000000002,181.525,0.0141,0.0159
29.07.2020 03:34:28.951 GMT+0200,181.535,181.498,0.0141,0.0159
29.07.2020 03:34:29.411 GMT+0200,181.53799999999998,181.497,0.0141,0.0159
29.07.2020 03:34:31.059 GMT+0200,181.562,181.52599999999998,0.0141,0.0159
29.07.2020 03:34:31.282 GMT+0200,181.562,181.525,0.0141,0.0159
29.07.2020 03:34:35.487 GMT+0200,181.536,181.495,0.0141,0.0159
29.07.2020 03:34:35.602 GMT+0200,181.55400000000003,181.514,0.0141,0.0159
29.07.2020 03:34:35.813 GMT+0200,181.535,181.495,0.0141,0.0159
29.07.2020 03:34:37.794 GMT+0200,181.53400000000002,181.49599999999998,0.0141,0.0159
29.07.2020 03:34:38.005 GMT+0200,181.562,181.528,0.0141,0.0159
29.07.2020 03:34:40.279 GMT+0200,181.551,181.51,0.0141,0.0159
29.07.2020 03:34:40.555 GMT+0200,181.547,181.51700000000002,0.0141,0.0159
29.07.2020 03:34:40.662 GMT+0200,181.53099999999998,181.49599999999998,0.0141,0.0159
29.07.2020 03:34:43.003 GMT+0200,181.537,181.498,0.0141,0.0159
29.07.2020 03:34:58.922 GMT+0200,181.533,181.49599999999998,0.0141,0.0159
29.07.2020 03:35:04.533 GMT+0200,181.53799999999998,181.49900000000002,0.0141,0.0159
29.07.2020 03:35:08.364 GMT+0200,181.533,181.49599999999998,0.0141,0.0159
29.07.2020 03:35:41.628 GMT+0200,181.53099999999998,181.50099999999998,0.0141,0.0159
29.07.2020 03:35:48.484 GMT+0200,181.53799999999998,181.49400000000003,0.0141,0.0159
29.07.2020 03:35:55.245 GMT+0200,181.53099999999998,181.50099999999998,0.0141,0.0159
29.07.2020 03:36:00.646 GMT+0200,181.562,181.53,0.0141,0.0159
29.07.2020 03:36:01.231 GMT+0200,181.562,181.528,0.0141,0.0159
29.07.2020 03:36:02.830 GMT+0200,181.56400000000002,181.52900000000002,0.0141,0.0159
29.07.2020 03:36:10.475 GMT+0200,181.567,181.525,0.0141,0.0159
29.07.2020 03:36:19.728 GMT+0200,181.56799999999998,181.52599999999998,0.0141,0.0159
29.07.2020 03:36:23.752 GMT+0200,181.56900000000002,181.52900000000002,0.0141,0.0159
29.07.2020 03:36:36.321 GMT+0200,181.562,181.525,0.0141,0.0159
29.07.2020 03:36:40.135 GMT+0200,181.567,181.528,0.0141,0.0159
29.07.2020 03:36:47.460 GMT+0200,181.565,181.52700000000002,0.0141,0.0159
29.07.2020 03:36:47.562 GMT+0200,181.562,181.52900000000002,0.0141,0.0159
29.07.2020 03:36:51.239 GMT+0200,181.567,181.53,0.0141,0.0159
29.07.2020 03:36:52.008 GMT+0200,181.56799999999998,181.525,0.0141,0.0159
29.07.2020 03:36:52.980 GMT+0200,181.566,181.52700000000002,0.0141,0.0159
29.07.2020 03:36:53.686 GMT+0200,181.56900000000002,181.528,0.0141,0.0159
29.07.2020 03:36:54.805 GMT+0200,181.56900000000002,181.53,0.0141,0.0159
29.07.2020 03:36:56.101 GMT+0200,181.56900000000002,181.52700000000002,0.0141,0.0159
29.07.2020 03:37:24.019 GMT+0200,181.56799999999998,181.52700000000002,0.0141,0.0159
29.07.2020 03:37:26.841 GMT+0200,181.566,181.532,0.0141,0.0159
29.07.2020 03:37:40.111 GMT+0200,181.56400000000002,181.532,0.0141,0.0159
29.07.2020 03:37:55.236 GMT+0200,181.55400000000003,181.511,0.0141,0.0159
29.07.2020 03:37:55.470 GMT+0200,181.56900000000002,181.532,0.0141,0.0159
29.07.2020 03:37:57.647 GMT+0200,181.56799999999998,181.52900000000002,0.0141,0.0159
29.07.2020 03:38:01.812 GMT+0200,181.566,181.52599999999998,0.0141,0.0159
29.07.2020 03:38:01.862 GMT+0200,181.562,181.525,0.0141,0.0159
29.07.2020 03:38:01.963 GMT+0200,181.566,181.525,0.0141,0.0159
29.07.2020 03:38:02.399 GMT+0200,181.537,181.495,0.0141,0.0159
29.07.2020 03:38:02.449 GMT+0200,181.56400000000002,181.532,0.0141,0.0159
29.07.2020 03:38:02.502 GMT+0200,181.53400000000002,181.49400000000003,0.0141,0.0159
29.07.2020 03:38:02.751 GMT+0200,181.562,181.528,0.0141,0.0159
29.07.2020 03:38:02.963 GMT+0200,181.567,181.528,0.0141,0.0159
29.07.2020 03:38:03.547 GMT+0200,181.549,181.51700000000002,0.0141,0.0159
29.07.2020 03:38:03.680 GMT+0200,181.533,181.49599999999998,0.0141,0.0159
29.07.2020 03:38:03.948 GMT+0200,181.549,181.51,0.0141,0.0159
29.07.2020 03:38:04.178 GMT+0200,181.53400000000002,181.50099999999998,0.0141,0.0159
29.07.2020 03:38:06.350 GMT+0200,181.53099999999998,181.50099999999998,0.0141,0.0159
29.07.2020 03:38:08.423 GMT+0200,181.56400000000002,181.525,0.0141,0.0159
29.07.2020 03:38:08.517 GMT+0200,181.56400000000002,181.528,0.0141,0.0159
29.07.2020 03:38:09.766 GMT+0200,181.56400000000002,181.53,0.0141,0.0159
29.07.2020 03:38:20.030 GMT+0200,181.562,181.52700000000002,0.0141,0.0159
29.07.2020 03:38:24.311 GMT+0200,181.56400000000002,181.525,0.0141,0.0159
29.07.2020 03:38:28.219 GMT+0200,181.56400000000002,181.52900000000002,0.0141,0.0159
29.07.2020 03:38:30.389 GMT+0200,181.56799999999998,181.532,0.0141,0.0159
29.07.2020 03:38:30.589 GMT+0200,181.566,181.52599999999998,0.0141,0.0159
29.07.2020 03:38:38.364 GMT+0200,181.56400000000002,181.52599999999998,0.0141,0.0159
29.07.2020 03:38:39.190 GMT+0200,181.56799999999998,181.52900000000002,0.0141,0.0159
29.07.2020 03:38:40.672 GMT+0200,181.56400000000002,181.52599999999998,0.0141,0.0159
29.07.2020 03:38:47.273 GMT+0200,181.566,181.52900000000002,0.0141,0.0159
29.07.2020 03:38:47.907 GMT+0200,181.566,181.525,0.0141,0.0159
29.07.2020 03:38:49.598 GMT+0200,181.565,181.52599999999998,0.0141,0.0159
29.07.2020 03:38:59.470 GMT+0200,181.566,181.52599999999998,0.0141,0.0159
29.07.2020 03:39:03.955 GMT+0200,181.565,181.53,0.0141,0.0159
29.07.2020 03:39:05.352 GMT+0200,181.566,181.532,0.0141,0.0159
29.07.2020 03:39:05.678 GMT+0200,181.562,181.52599999999998,0.0141,0.0159
29.07.2020 03:39:21.376 GMT+0200,181.56799999999998,181.532,0.0141,0.0159
29.07.2020 03:39:27.561 GMT+0200,181.566,181.525,0.0141,0.0159
29.07.2020 03:39:40.033 GMT+0200,181.56799999999998,181.525,0.0141,0.0159
29.07.2020 03:39:48.105 GMT+0200,181.56799999999998,181.52700000000002,0.0141,0.0159
29.07.2020 03:39:54.707 GMT+0200,181.565,181.532,0.0141,0.0159
29.07.2020 03:39:54.972 GMT+0200,181.562,181.52900000000002,0.0141,0.0159
29.07.2020 03:40:06.450 GMT+0200,181.566,181.528,0.0141,0.0159
29.07.2020 03:40:10.898 GMT+0200,181.56799999999998,181.532,0.0141,0.0159
29.07.2020 03:40:12.903 GMT+0200,181.567,181.52700000000002,0.0141,0.0159
29.07.2020 03:40:23.026 GMT+0200,181.567,181.525,0.0141,0.0159
29.07.2020 03:40:23.434 GMT+0200,181.56799999999998,181.52700000000002,0.0141,0.0159
29.07.2020 03:40:24.847 GMT+0200,181.56900000000002,181.532,0.0141,0.0159
29.07.2020 03:41:00.842 GMT+0200,181.56400000000002,181.528,0.0141,0.0159
29.07.2020 03:41:05.029 GMT+0200,181.567,181.52599999999998,0.0141,0.0159
29.07.2020 03:41:13.941 GMT+0200,181.567,181.52900000000002,0.0141,0.0159
29.07.2020 03:41:16.801 GMT+0200,181.566,181.532,0.0141,0.0159
29.07.2020 03:41:26.305 GMT+0200,181.566,181.528,0.0141,0.0159
29.07.2020 03:41:35.949 GMT+0200,181.566,181.52700000000002,0.0141,0.0159
29.07.2020 03:41:38.712 GMT+0200,181.56900000000002,181.52599999999998,0.0141,0.0159
29.07.2020 03:41:48.447 GMT+0200,181.562,181.52700000000002,0.0141,0.0159
29.07.2020 03:41:51.778 GMT+0200,181.56799999999998,181.532,0.0141,0.0159
29.07.2020 03:42:04.062 GMT+0200,181.56799999999998,181.52900000000002,0.0141,0.0159
29.07.2020 03:42:06.094 GMT+0200,181.566,181.532,0.0141,0.0159
29.07.2020 03:42:34.493 GMT+0200,181.56400000000002,181.52900000000002,0.0141,0.0159
29.07.2020 03:42:36.207 GMT+0200,181.567,181.52599999999998,0.0141,0.0159
29.07.2020 03:42:46.592 GMT+0200,181.56400000000002,181.52700000000002,0.0141,0.0159
29.07.2020 03:42:51.326 GMT+0200,181.565,181.532,0.0141,0.0159
29.07.2020 03:42:56.792 GMT+0200,181.567,181.525,0.0141,0.0159
29.07.2020 03:43:02.605 GMT+0200,181.565,181.528,0.0141,0.0159
29.07.2020 03:43:12.324 GMT+0200,181.56400000000002,181.52900000000002,0.0141,0.0159
29.07.2020 03:43:21.021 GMT+0200,181.562,181.525,0.0141,0.0159
29.07.2020 03:44:16.220 GMT+0200,181.566,181.532,0.0141,0.0159
29.07.2020 03:44:20.775 GMT+0200,181.565,181.525,0.0141,0.0159
29.07.2020 03:44:22.193 GMT+0200,181.567,181.53,0.0141,0.0159
29.07.2020 03:44:28.273 GMT+0200,181.562,181.525,0.0141,0.0159
29.07.2020 03:44:32.393 GMT+0200,181.56799999999998,181.525,0.0141,0.0159
29.07.2020 03:44:36.996 GMT+0200,181.56900000000002,181.52700000000002,0.0141,0.0159
29.07.2020 03:44:37.757 GMT+0200,181.565,181.53,0.0141,0.0159
29.07.2020 03:44:40.342 GMT+0200,181.56400000000002,181.528,0.0141,0.0159
29.07.2020 03:44:43.438 GMT+0200,181.566,181.52700000000002,0.0141,0.0159
29.07.2020 03:44:50.103 GMT+0200,181.566,181.532,0.0141,0.0159
29.07.2020 03:44:56.316 GMT+0200,181.56799999999998,181.525,0.0141,0.0159
29.07.2020 03:45:00.490 GMT+0200,181.56400000000002,181.53,0.0141,0.0159
29.07.2020 03:45:03.813 GMT+0200,181.56799999999998,181.52599999999998,0.0141,0.0159
29.07.2020 03:45:05.669 GMT+0200,181.567,181.52900000000002,0.0141,0.0159
29.07.2020 03:45:10.331 GMT+0200,181.56900000000002,181.525,0.0141,0.0159
29.07.2020 03:45:28.938 GMT+0200,181.537,181.495,0.0141,0.0159
29.07.2020 03:45:30.814 GMT+0200,181.537,181.497,0.0141,0.0159
29.07.2020 03:45:33.327 GMT+0200,181.535,181.49599999999998,0.0141,0.0159
29.07.2020 03:45:36.886 GMT+0200,181.53400000000002,181.49599999999998,0.0141,0.0159
29.07.2020 03:45:51.177 GMT+0200,181.566,181.52599999999998,0.0141,0.0159
29.07.2020 03:45:51.289 GMT+0200,181.56799999999998,181.532,0.0141,0.0159
29.07.2020 03:45:52.876 GMT+0200,181.567,181.52900000000002,0.0141,0.0159
29.07.2020 03:46:00.299 GMT+0200,181.562,181.52599999999998,0.0141,0.0159
29.07.2020 03:46:00.481 GMT+0200,181.567,181.525,0.0141,0.0159
29.07.2020 03:46:01.125 GMT+0200,181.565,181.52599999999998,0.0141,0.0159
29.07.2020 03:46:02.480 GMT+0200,181.566,181.53,0.0141,0.0159
29.07.2020 03:46:04.471 GMT+0200,181.565,181.532,0.0141,0.0159
29.07.2020 03:46:04.755 GMT+0200,181.56900000000002,181.52599999999998,0.0141,0.0159
29.07.2020 03:46:05.610 GMT+0200,181.56900000000002,181.52700000000002,0.0141,0.0159
29.07.2020 03:46:23.140 GMT+0200,181.566,181.53,0.0141,0.0159
29.07.2020 03:46:57.644 GMT+0200,181.551,181.512,0.0141,0.0159
29.07.2020 03:46:57.963 GMT+0200,181.55400000000003,181.513,0.0141,0.0159
29.07.2020 03:47:02.336 GMT+0200,181.537,181.495,0.0141,0.0159
29.07.2020 03:47:02.590 GMT+0200,181.53099999999998,181.49400000000003,0.0141,0.0159
29.07.2020 03:47:04.719 GMT+0200,181.53799999999998,181.50099999999998,0.0141,0.0159
29.07.2020 03:47:07.475 GMT+0200,181.535,181.497,0.0141,0.0159
29.07.2020 03:47:08.393 GMT+0200,181.56400000000002,181.528,0.0141,0.0159
29.07.2020 03:47:10.248 GMT+0200,181.56799999999998,181.53,0.0141,0.0159
29.07.2020 03:47:13.767 GMT+0200,181.56900000000002,181.53,0.0141,0.0159
29.07.2020 03:47:14.667 GMT+0200,181.53099999999998,181.497,0.0141,0.0159
29.07.2020 03:47:14.768 GMT+0200,181.566,181.528,0.0141,0.0159
29.07.2020 03:47:14.833 GMT+0200,181.56900000000002,181.528,0.0141,0.0159
29.07.2020 03:47:16.840 GMT+0200,181.56400000000002,181.53,0.0141,0.0159
29.07.2020 03:47:16.890 GMT+0200,181.535,181.495,0.0141,0.0159
29.07.2020 03:47:17.376 GMT+0200,181.537,181.49900000000002,0.0141,0.0159
29.07.2020 03:47:18.366 GMT+0200,181.535,181.49599999999998,0.0141,0.0159
29.07.2020 03:47:29.199 GMT+0200,181.537,181.495,0.0141,0.0159
29.07.2020 03:47:46.214 GMT+0200,181.537,181.49900000000002,0.0141,0.0159
29.07.2020 03:47:47.941 GMT+0200,181.537,181.498,0.0141,0.0159
29.07.2020 03:47:57.089 GMT+0200,181.535,181.497,0.0141,0.0159
29.07.2020 03:47:57.581 GMT+0200,181.55200000000002,181.513,0.0141,0.0159
29.07.2020 03:47:58.581 GMT+0200,181.536,181.498,0.0141,0.0159
29.07.2020 03:47:58.712 GMT+0200,181.535,181.497,0.0141,0.0159
29.07.2020 03:48:35.339 GMT+0200,181.533,181.49900000000002,0.0141,0.0159
29.07.2020 03:48:47.231 GMT+0200,181.537,181.49599999999998,0.0141,0.0159
29.07.2020 03:48:55.520 GMT+0200,181.536,181.495,0.0141,0.0159
29.07.2020 03:48:56.101 GMT+0200,181.53099999999998,181.49900000000002,0.0141,0.0159
29.07.2020 03:49:03.875 GMT+0200,181.53099999999998,181.49900000000002,0.0141,0.0159
29.07.2020 03:49:06.305 GMT+0200,181.535,181.50099999999998,0.0141,0.0159
29.07.2020 03:49:12.842 GMT+0200,181.53099999999998,181.498,0.0141,0.0159
29.07.2020 03:49:17.121 GMT+0200,181.537,181.498,0.0141,0.0159
29.07.2020 03:50:32.383 GMT+0200,181.535,181.495,0.0141,0.0159
29.07.2020 03:50:40.969 GMT+0200,181.53799999999998,181.498,0.0141,0.0159
29.07.2020 03:51:04.848 GMT+0200,181.537,181.50099999999998,0.0141,0.0159
29.07.2020 03:51:05.073 GMT+0200,181.535,181.50099999999998,0.0141,0.0159
29.07.2020 03:51:40.295 GMT+0200,181.53099999999998,181.49900000000002,0.0141,0.0159
29.07.2020 03:51:44.810 GMT+0200,181.537,181.49900000000002,0.0141,0.0159
29.07.2020 03:51:47.104 GMT+0200,181.536,181.49400000000003,0.0141,0.0159
29.07.2020 03:52:07.736 GMT+0200,181.536,181.49599999999998,0.0141,0.0159
29.07.2020 03:52:32.516 GMT+0200,181.53799999999998,181.495,0.0141,0.0159
29.07.2020 03:53:00.162 GMT+0200,181.53799999999998,181.49400000000003,0.0141,0.0159
29.07.2020 03:53:00.772 GMT+0200,181.535,181.50099999999998,0.0141,0.0159
29.07.2020 03:53:04.218 GMT+0200,181.533,181.49400000000003,0.0141,0.0159
29.07.2020 03:53:04.430 GMT+0200,181.533,181.497,0.0141,0.0159
29.07.2020 03:53:22.341 GMT+0200,181.537,181.49400000000003,0.0141,0.0159
29.07.2020 03:53:37.625 GMT+0200,181.53099999999998,181.49900000000002,0.0141,0.0159
29.07.2020 03:53:46.610 GMT+0200,181.53400000000002,181.497,0.0141,0.0159
29.07.2020 03:53:53.395 GMT+0200,181.53099999999998,181.497,0.0141,0.0159
29.07.2020 03:54:00.250 GMT+0200,181.535,181.50099999999998,0.0141,0.0159
29.07.2020 03:54:03.774 GMT+0200,181.533,181.49900000000002,0.0141,0.0159
29.07.2020 03:54:14.761 GMT+0200,181.53099999999998,181.49900000000002,0.0141,0.0159
29.07.2020 03:54:37.273 GMT+0200,181.53799999999998,181.49900000000002,0.0141,0.0159
29.07.2020 03:54:37.378 GMT+0200,181.536,181.49900000000002,0.0141,0.0159
29.07.2020 03:54:37.829 GMT+0200,181.533,181.498,0.0141,0.0159
29.07.2020 03:55:06.436 GMT+0200,181.565,181.525,0.0141,0.0159
29.07.2020 03:55:07.239 GMT+0200,181.56799999999998,181.53,0.0141,0.0159
29.07.2020 03:55:42.280 GMT+0200,181.535,181.49599999999998,0.0141,0.0159
29.07.2020 03:55:42.470 GMT+0200,181.533,181.50099999999998,0.0141,0.0159
29.07.2020 03:55:43.351 GMT+0200,181.535,181.498,0.0141,0.0159
29.07.2020 03:56:12.506 GMT+0200,181.535,181.49900000000002,0.0141,0.0159
29.07.2020 03:56:51.458 GMT+0200,181.53400000000002,181.49400000000003,0.0141,0.0159
29.07.2020 03:56:52.176 GMT+0200,181.537,181.498,0.0141,0.0159
29.07.2020 03:56:52.644 GMT+0200,181.53099999999998,181.495,0.0141,0.0159
29.07.2020 03:57:14.452 GMT+0200,181.536,181.498,0.0141,0.0159
29.07.2020 03:57:15.885 GMT+0200,181.537,181.495,0.0141,0.0159
29.07.2020 03:58:00.238 GMT+0200,181.535,181.50099999999998,0.0141,0.0159
29.07.2020 03:58:28.955 GMT+0200,181.53799999999998,181.497,0.0141,0.0159
29.07.2020 03:58:36.970 GMT+0200,181.533,181.50099999999998,0.0141,0.0159
29.07.2020 03:59:30.275 GMT+0200,181.53099999999998,181.497,0.0141,0.0159
29.07.2020 03:59:44.450 GMT+0200,181.53400000000002,181.50099999999998,0.0141,0.0159
29.07.2020 03:59:45.760 GMT+0200,181.533,181.49400000000003,0.0141,0.0159
29.07.2020 03:59:55.454 GMT+0200,181.506,181.463,0.0141,0.0159
29.07.2020 03:59:55.559 GMT+0200,181.50400000000002,181.467,0.0141,0.0159
29.07.2020 03:59:57.372 GMT+0200,181.507,181.47,0.0141,0.0159
29.07.2020 04:00:05.334 GMT+0200,181.502,181.467,0.0141,0.0159
29.07.2020 04:00:12.637 GMT+0200,181.507,181.468,0.0141,0.0159
29.07.2020 04:00:14.350 GMT+0200,181.53799999999998,181.49900000000002,0.0141,0.0159
29.07.2020 04:00:14.480 GMT+0200,181.518,181.481,0.0141,0.0159
29.07.2020 04:00:14.586 GMT+0200,181.50400000000002,181.46599999999998,0.0141,0.0159
29.07.2020 04:00:15.862 GMT+0200,181.53400000000002,181.50099999999998,0.0141,0.0159
29.07.2020 04:00:16.129 GMT+0200,181.533,181.50099999999998,0.0141,0.0159
29.07.2020 04:00:16.406 GMT+0200,181.502,181.46400000000003,0.0141,0.0159
29.07.2020 04:00:17.794 GMT+0200,181.506,181.46599999999998,0.0141,0.0159
29.07.2020 04:00:19.619 GMT+0200,181.536,181.49900000000002,0.0141,0.0159
29.07.2020 04:00:19.814 GMT+0200,181.53799999999998,181.495,0.0141,0.0159
29.07.2020 04:00:24.330 GMT+0200,181.502,181.465,0.0141,0.0159
29.07.2020 04:00:24.881 GMT+0200,181.518,181.48,0.0141,0.0159
29.07.2020 04:00:25.042 GMT+0200,181.502,181.465,0.0141,0.0159
29.07.2020 04:00:27.058 GMT+0200,181.537,181.49900000000002,0.0141,0.0159
29.07.2020 04:00:27.108 GMT+0200,181.506,181.47,0.0141,0.0159
29.07.2020 04:00:27.281 GMT+0200,181.505,181.47,0.0141,0.0159
29.07.2020 04:00:30.999 GMT+0200,181.505,181.463,0.0141,0.0159
29.07.2020 04:00:34.285 GMT+0200,181.502,181.465,0.0141,0.0159
29.07.2020 04:00:35.275 GMT+0200,181.506,181.46599999999998,0.0141,0.0159
29.07.2020 04:00:35.936 GMT+0200,181.502,181.463,0.0141,0.0159
29.07.2020 04:00:40.983 GMT+0200,181.502,181.468,0.0141,0.0159
29.07.2020 04:00:43.099 GMT+0200,181.507,181.468,0.0141,0.0159
29.07.2020 04:00:53.202 GMT+0200,181.503,181.463,0.0141,0.0159
29.07.2020 04:00:54.524 GMT+0200,181.503,181.465,0.0141,0.0159
29.07.2020 04:01:19.748 GMT+0200,181.536,181.50099999999998,0.0141,0.0159
29.07.2020 04:01:19.965 GMT+0200,181.53400000000002,181.49599999999998,0.0141,0.0159
29.07.2020 04:01:20.102 GMT+0200,181.503,181.46400000000003,0.0141,0.0159
29.07.2020 04:01:20.845 GMT+0200,181.516,181.481,0.0141,0.0159
29.07.2020 04:01:21.846 GMT+0200,181.502,181.46599999999998,0.0141,0.0159
29.07.2020 04:01:22.064 GMT+0200,181.505,181.465,0.0141,0.0159
29.07.2020 04:01:39.335 GMT+0200,181.516,181.479,0.0141,0.0159
29.07.2020 04:01:41.951 GMT+0200,181.523,181.48,0.0141,0.0159
29.07.2020 04:01:45.138 GMT+0200,181.5,181.468,0.0141,0.0159
29.07.2020 04:01:45.337 GMT+0200,181.5,181.463,0.0141,0.0159
29.07.2020 04:01:47.656 GMT+0200,181.52,181.481,0.0141,0.0159
29.07.2020 04:01:47.808 GMT+0200,181.52,181.48,0.0141,0.0159
29.07.2020 04:01:55.540 GMT+0200,181.53400000000002,181.49599999999998,0.0141,0.0159
29.07.2020 04:01:55.650 GMT+0200,181.53799999999998,181.50099999999998,0.0141,0.0159
29.07.2020 04:01:56.939 GMT+0200,181.502,181.46400000000003,0.0141,0.0159
29.07.2020 04:01:58.045 GMT+0200,181.505,181.465,0.0141,0.0159
29.07.2020 04:02:05.593 GMT+0200,181.505,181.46400000000003,0.0141,0.0159
29.07.2020 04:02:06.082 GMT+0200,181.502,181.47,0.0141,0.0159
29.07.2020 04:02:15.964 GMT+0200,181.507,181.463,0.0141,0.0159
29.07.2020 04:02:36.743 GMT+0200,181.50400000000002,181.467,0.0141,0.0159
29.07.2020 04:02:41.550 GMT+0200,181.503,181.463,0.0141,0.0159
29.07.2020 04:02:45.710 GMT+0200,181.507,181.467,0.0141,0.0159
29.07.2020 04:03:06.344 GMT+0200,181.505,181.463,0.0141,0.0159
29.07.2020 04:03:29.889 GMT+0200,181.503,181.463,0.0141,0.0159
29.07.2020 04:03:57.479 GMT+0200,181.503,181.465,0.0141,0.0159
29.07.2020 04:04:13.460 GMT+0200,181.506,181.46400000000003,0.0141,0.0159
29.07.2020 04:04:15.526 GMT+0200,181.506,181.47,0.0141,0.0159
29.07.2020 04:05:10.152 GMT+0200,181.507,181.467,0.0141,0.0159
29.07.2020 04:05:16.184 GMT+0200,181.502,181.46599999999998,0.0141,0.0159
29.07.2020 04:05:16.564 GMT+0200,181.507,181.468,0.0141,0.0159
29.07.2020 04:05:18.769 GMT+0200,181.5,181.468,0.0141,0.0159
29.07.2020 04:05:34.928 GMT+0200,181.502,181.46400000000003,0.0141,0.0159
29.07.2020 04:06:01.758 GMT+0200,181.502,181.467,0.0141,0.0159
29.07.2020 04:06:02.205 GMT+0200,181.5,181.46400000000003,0.0141,0.0159
29.07.2020 04:06:31.038 GMT+0200,181.50400000000002,181.468,0.0141,0.0159
29.07.2020 04:07:18.921 GMT+0200,181.505,181.47,0.0141,0.0159
29.07.2020 04:07:29.150 GMT+0200,181.507,181.465,0.0141,0.0159
29.07.2020 04:07:31.802 GMT+0200,181.505,181.46400000000003,0.0141,0.0159
29.07.2020 04:07:34.352 GMT+0200,181.50400000000002,181.47,0.0141,0.0159
29.07.2020 04:07:38.383 GMT+0200,181.503,181.465,0.0141,0.0159
29.07.2020 04:07:38.571 GMT+0200,181.507,181.468,0.0141,0.0159
29.07.2020 04:07:52.997 GMT+0200,181.506,181.468,0.0141,0.0159
29.07.2020 04:07:53.657 GMT+0200,181.505,181.46400000000003,0.0141,0.0159
29.07.2020 04:08:04.891 GMT+0200,181.5,181.47,0.0141,0.0159
29.07.2020 04:08:22.048 GMT+0200,181.507,181.46599999999998,0.0141,0.0159
29.07.2020 04:08:26.600 GMT+0200,181.5,181.46400000000003,0.0141,0.0159
29.07.2020 04:08:34.383 GMT+0200,181.507,181.467,0.0141,0.0159
29.07.2020 04:08:38.362 GMT+0200,181.5,181.465,0.0141,0.0159
29.07.2020 04:08:42.434 GMT+0200,181.502,181.465,0.0141,0.0159
29.07.2020 04:08:59.506 GMT+0200,181.5,181.46599999999998,0.0141,0.0159
29.07.2020 04:09:01.893 GMT+0200,181.507,181.468,0.0141,0.0159
29.07.2020 04:09:02.915 GMT+0200,181.502,181.467,0.0141,0.0159
29.07.2020 04:09:03.653 GMT+0200,181.507,181.463,0.0141,0.0159
29.07.2020 04:09:06.199 GMT+0200,181.502,181.47,0.0141,0.0159
29.07.2020 04:09:07.931 GMT+0200,181.50400000000002,181.468,0.0141,0.0159
29.07.2020 04:09:53.309 GMT+0200,181.507,181.46599999999998,0.0141,0.0159
29.07.2020 04:09:58.037 GMT+0200,181.502,181.467,0.0141,0.0159
29.07.2020 04:09:59.436 GMT+0200,181.50400000000002,181.467,0.0141,0.0159
29.07.2020 04:10:03.057 GMT+0200,181.5,181.463,0.0141,0.0159
29.07.2020 04:10:03.197 GMT+0200,181.507,181.468,0.0141,0.0159
29.07.2020 04:10:09.119 GMT+0200,181.505,181.468,0.0141,0.0159
29.07.2020 04:10:10.343 GMT+0200,181.506,181.47,0.0141,0.0159
29.07.2020 04:10:11.495 GMT+0200,181.50400000000002,181.468,0.0141,0.0159
29.07.2020 04:10:16.458 GMT+0200,181.507,181.467,0.0141,0.0159
29.07.2020 04:10:23.431 GMT+0200,181.50400000000002,181.468,0.0141,0.0159
29.07.2020 04:10:26.494 GMT+0200,181.506,181.46599999999998,0.0141,0.0159
29.07.2020 04:10:28.011 GMT+0200,181.507,181.46599999999998,0.0141,0.0159
29.07.2020 04:10:39.113 GMT+0200,181.46900000000002,181.43400000000003,0.0141,0.0159
29.07.2020 04:10:39.214 GMT+0200,181.47099999999998,181.43900000000002,0.0141,0.0159
29.07.2020 04:10:41.728 GMT+0200,181.476,181.43400000000003,0.0141,0.0159
29.07.2020 04:10:48.331 GMT+0200,181.475,181.437,0.0141,0.0159
29.07.2020 04:10:49.296 GMT+0200,181.47299999999998,181.43400000000003,0.0141,0.0159
29.07.2020 04:10:54.442 GMT+0200,181.47400000000002,181.433,0.0141,0.0159
29.07.2020 04:10:54.552 GMT+0200,181.472,181.43200000000002,0.0141,0.0159
29.07.2020 04:11:53.503 GMT+0200,181.475,181.43200000000002,0.0141,0.0159
29.07.2020 04:12:05.111 GMT+0200,181.46900000000002,181.435,0.0141,0.0159
29.07.2020 04:12:09.236 GMT+0200,181.472,181.43400000000003,0.0141,0.0159
29.07.2020 04:12:25.215 GMT+0200,181.475,181.43900000000002,0.0141,0.0159
29.07.2020 04:12:26.043 GMT+0200,181.472,181.43200000000002,0.0141,0.0159
29.07.2020 04:12:27.363 GMT+0200,181.46900000000002,181.43900000000002,0.0141,0.0159
29.07.2020 04:12:29.129 GMT+0200,181.46900000000002,181.43200000000002,0.0141,0.0159
29.07.2020 04:13:01.036 GMT+0200,181.476,181.43599999999998,0.0141,0.0159
29.07.2020 04:13:01.127 GMT+0200,181.47099999999998,181.433,0.0141,0.0159
29.07.2020 04:13:01.247 GMT+0200,181.475,181.433,0.0141,0.0159
29.07.2020 04:15:09.465 GMT+0200,181.476,181.43200000000002,0.0141,0.0159
29.07.2020 04:15:10.133 GMT+0200,181.476,181.433,0.0141,0.0159
29.07.2020 04:15:10.747 GMT+0200,181.475,181.43900000000002,0.0141,0.0159
29.07.2020 04:15:11.556 GMT+0200,181.47400000000002,181.43900000000002,0.0141,0.0159
29.07.2020 04:15:13.146 GMT+0200,181.47400000000002,181.43400000000003,0.0141,0.0159
29.07.2020 04:15:14.339 GMT+0200,181.47299999999998,181.433,0.0141,0.0159
29.07.2020 04:15:14.422 GMT+0200,181.476,181.435,0.0141,0.0159
29.07.2020 04:15:15.412 GMT+0200,181.472,181.435,0.0141,0.0159
29.07.2020 04:15:17.640 GMT+0200,181.47400000000002,181.435,0.0141,0.0159
29.07.2020 04:15:18.145 GMT+0200,181.475,181.43599999999998,0.0141,0.0159
29.07.2020 04:15:54.838 GMT+0200,181.47400000000002,181.433,0.0141,0.0159
29.07.2020 04:15:56.014 GMT+0200,181.475,181.43900000000002,0.0141,0.0159
29.07.2020 04:16:02.471 GMT+0200,181.47400000000002,181.43599999999998,0.0141,0.0159
29.07.2020 04:16:02.797 GMT+0200,181.476,181.43599999999998,0.0141,0.0159
29.07.2020 04:16:03.525 GMT+0200,181.475,181.43200000000002,0.0141,0.0159
29.07.2020 04:16:17.670 GMT+0200,181.47099999999998,181.433,0.0141,0.0159
29.07.2020 04:16:20.697 GMT+0200,181.46900000000002,181.433,0.0141,0.0159
29.07.2020 04:16:26.029 GMT+0200,181.476,181.43900000000002,0.0141,0.0159
29.07.2020 04:16:30.481 GMT+0200,181.47299999999998,181.433,0.0141,0.0159
29.07.2020 04:16:43.338 GMT+0200,181.46900000000002,181.43900000000002,0.0141,0.0159
29.07.2020 04:16:51.745 GMT+0200,181.46900000000002,181.433,0.0141,0.0159
29.07.2020 04:16:52.987 GMT+0200,181.47099999999998,181.437,0.0141,0.0159
29.07.2020 04:16:54.516 GMT+0200,181.47099999999998,181.43400000000003,0.0141,0.0159
29.07.2020 04:17:08.280 GMT+0200,181.47400000000002,181.43599999999998,0.0141,0.0159
29.07.2020 04:17:09.351 GMT+0200,181.472,181.43900000000002,0.0141,0.0159
29.07.2020 04:17:18.599 GMT+0200,181.47299999999998,181.435,0.0141,0.0159
29.07.2020 04:17:22.657 GMT+0200,181.47299999999998,181.433,0.0141,0.0159
29.07.2020 04:17:28.514 GMT+0200,181.47099999999998,181.43599999999998,0.0141,0.0159
29.07.2020 04:17:31.307 GMT+0200,181.475,181.435,0.0141,0.0159
29.07.2020 04:18:02.237 GMT+0200,181.475,181.43599999999998,0.0141,0.0159
29.07.2020 04:18:02.571 GMT+0200,181.47099999999998,181.43200000000002,0.0141,0.0159
29.07.2020 04:18:18.006 GMT+0200,181.47299999999998,181.433,0.0141,0.0159
29.07.2020 04:18:25.864 GMT+0200,181.472,181.435,0.0141,0.0159
29.07.2020 04:18:30.026 GMT+0200,181.46900000000002,181.435,0.0141,0.0159
29.07.2020 04:19:17.534 GMT+0200,181.47299999999998,181.433,0.0141,0.0159
29.07.2020 04:20:03.441 GMT+0200,181.476,181.437,0.0141,0.0159
29.07.2020 04:20:07.105 GMT+0200,181.47299999999998,181.437,0.0141,0.0159
29.07.2020 04:20:11.515 GMT+0200,181.476,181.435,0.0141,0.0159
29.07.2020 04:20:25.013 GMT+0200,181.47099999999998,181.433,0.0141,0.0159
29.07.2020 04:20:26.021 GMT+0200,181.472,181.43599999999998,0.0141,0.0159
29.07.2020 04:20:26.434 GMT+0200,181.47299999999998,181.433,0.0141,0.0159
29.07.2020 04:21:02.549 GMT+0200,181.47400000000002,181.435,0.0141,0.0159
29.07.2020 04:21:15.876 GMT+0200,181.47400000000002,181.43400000000003,0.0141,0.0159
29.07.2020 04:21:22.547 GMT+0200,181.472,181.435,0.0141,0.0159
29.07.2020 04:21:22.644 GMT+0200,181.47299999999998,181.433,0.0141,0.0159
29.07.2020 04:21:29.922 GMT+0200,181.475,181.43400000000003,0.0141,0.0159
29.07.2020 04:21:33.922 GMT+0200,181.472,181.43200000000002,0.0141,0.0159
29.07.2020 04:21:57.652 GMT+0200,181.472,181.437,0.0141,0.0159
29.07.2020 04:22:03.415 GMT+0200,181.47400000000002,181.43400000000003,0.0141,0.0159
29.07.2020 04:22:04.484 GMT+0200,181.47099999999998,181.43599999999998,0.0141,0.0159
29.07.2020 04:22:05.785 GMT+0200,181.472,181.433,0.0141,0.0159
29.07.2020 04:22:18.331 GMT+0200,181.47400000000002,181.437,0.0141,0.0159
29.07.2020 04:23:45.487 GMT+0200,181.476,181.43400000000003,0.0141,0.0159
29.07.2020 04:23:56.347 GMT+0200,181.475,181.43400000000003,0.0141,0.0159
29.07.2020 04:24:35.201 GMT+0200,181.46900000000002,181.43400000000003,0.0141,0.0159
29.07.2020 04:24:40.938 GMT+0200,181.476,181.437,0.0141,0.0159
29.07.2020 04:24:59.148 GMT+0200,181.47299999999998,181.43599999999998,0.0141,0.0159
29.07.2020 04:25:08.743 GMT+0200,181.47099999999998,181.435,0.0141,0.0159
29.07.2020 04:25:19.151 GMT+0200,181.47099999999998,181.433,0.0141,0.0159
29.07.2020 04:25:31.537 GMT+0200,181.47099999999998,181.437,0.0141,0.0159
29.07.2020 04:25:43.089 GMT+0200,181.472,181.43200000000002,0.0141,0.0159
29.07.2020 04:25:47.578 GMT+0200,181.47099999999998,181.43200000000002,0.0141,0.0159
29.07.2020 04:26:14.121 GMT+0200,181.476,181.437,0.0141,0.0159
29.07.2020 04:26:17.203 GMT+0200,181.47099999999998,181.43400000000003,0.0141,0.0159
29.07.2020 04:26:18.193 GMT+0200,181.472,181.43599999999998,0.0141,0.0159
29.07.2020 04:26:19.102 GMT+0200,181.502,181.463,0.0141,0.0159
29.07.2020 04:26:19.153 GMT+0200,181.46900000000002,181.435,0.0141,0.0159
29.07.2020 04:26:19.299 GMT+0200,181.476,181.43900000000002,0.0141,0.0159
29.07.2020 04:26:19.587 GMT+0200,181.46900000000002,181.43599999999998,0.0141,0.0159
29.07.2020 04:26:49.253 GMT+0200,181.46900000000002,181.43400000000003,0.0141,0.0159
29.07.2020 04:26:49.935 GMT+0200,181.475,181.435,0.0141,0.0159
29.07.2020 04:26:58.242 GMT+0200,181.476,181.435,0.0141,0.0159
29.07.2020 04:27:01.999 GMT+0200,181.475,181.437,0.0141,0.0159
29.07.2020 04:27:02.776 GMT+0200,181.47299999999998,181.433,0.0141,0.0159
29.07.2020 04:28:02.198 GMT+0200,181.476,181.43599999999998,0.0141,0.0159
29.07.2020 04:29:32.863 GMT+0200,181.475,181.435,0.0141,0.0159
29.07.2020 04:29:42.092 GMT+0200,181.47299999999998,181.43400000000003,0.0141,0.0159
29.07.2020 04:29:42.733 GMT+0200,181.475,181.433,0.0141,0.0159
29.07.2020 04:29:43.712 GMT+0200,181.475,181.43599999999998,0.0141,0.0159
29.07.2020 04:29:49.038 GMT+0200,181.476,181.433,0.0141,0.0159
29.07.2020 04:29:52.731 GMT+0200,181.472,181.437,0.0141,0.0159
29.07.2020 04:29:53.591 GMT+0200,181.47099999999998,181.435,0.0141,0.0159
29.07.2020 04:29:56.053 GMT+0200,181.46900000000002,181.43599999999998,0.0141,0.0159
29.07.2020 04:30:02.299 GMT+0200,181.47400000000002,181.43200000000002,0.0141,0.0159
29.07.2020 04:30:19.389 GMT+0200,181.46900000000002,181.433,0.0141,0.0159
29.07.2020 04:30:39.701 GMT+0200,181.46900000000002,181.43400000000003,0.0141,0.0159
29.07.2020 04:30:39.817 GMT+0200,181.47400000000002,181.43599999999998,0.0141,0.0159
29.07.2020 04:30:46.878 GMT+0200,181.476,181.43599999999998,0.0141,0.0159
29.07.2020 04:31:02.213 GMT+0200,181.47400000000002,181.43599999999998,0.0141,0.0159
