Local time,Ask,Bid,AskVolume,BidVolume
18.06.2014 00:00:01.078 GMT+0100,1942.6270000000002,1942.191,0.0004,0.0001
18.06.2014 00:00:12.288 GMT+0100,1942.638,1942.174,0.0004,0.0001
18.06.2014 00:00:21.598 GMT+0100,1942.6329999999998,1942.1770000000001,0.0004,0.0001
18.06.2014 00:00:21.899 GMT+0100,1942.41,1941.9879999999998,0.0001,0.002
18.06.2014 00:00:26.103 GMT+0100,1942.4279999999999,1941.96,0.0001,0.001
18.06.2014 00:00:54.536 GMT+0100,1942.4060000000002,1941.973,0.0001,0.001
18.06.2014 00:01:25.670 GMT+0100,1942.443,1941.959,0.0001,0.001
18.06.2014 00:01:31.278 GMT+0100,1942.4420000000002,1941.9620000000002,0.0001,0.001
18.06.2014 00:01:45.495 GMT+0100,1942.41,1941.9879999999998,0.0001,0.001
18.06.2014 00:01:54.505 GMT+0100,1942.441,1941.984,0.0001,0.001
18.06.2014 00:02:02.214 GMT+0100,1942.4370000000001,1941.991,0.0001,0.001
18.06.2014 00:02:13.326 GMT+0100,1942.434,1941.996,0.0001,0.001
18.06.2014 00:02:34.150 GMT+0100,1942.431,1941.977,0.0001,0.001
18.06.2014 00:02:43.461 GMT+0100,1942.4060000000002,1941.9820000000002,0.0001,0.001
18.06.2014 00:02:52.772 GMT+0100,1942.4279999999999,1941.979,0.0001,0.001
18.06.2014 00:02:59.880 GMT+0100,1942.4170000000001,1941.9750000000001,0.0001,0.001
18.06.2014 00:03:13.797 GMT+0100,1942.4379999999999,1941.971,0.0001,0.001
18.06.2014 00:04:34.690 GMT+0100,1942.44,1941.973,0.0001,0.001
18.06.2014 00:04:50.208 GMT+0100,1942.433,1941.959,0.0001,0.001
18.06.2014 00:05:29.659 GMT+0100,1942.4070000000002,1941.981,0.0001,0.001
18.06.2014 00:05:40.072 GMT+0100,1942.439,1941.989,0.0001,0.001
18.06.2014 00:05:57.993 GMT+0100,1942.4160000000002,1941.963,0.0001,0.001
18.06.2014 00:06:01.596 GMT+0100,1942.431,1941.957,0.0001,0.001
18.06.2014 00:06:06.402 GMT+0100,1942.415,1941.99,0.0001,0.001
18.06.2014 00:06:31.331 GMT+0100,1942.434,1941.969,0.0001,0.001
18.06.2014 00:07:52.125 GMT+0100,1942.42,1941.989,0.0001,0.001
18.06.2014 00:08:45.288 GMT+0100,1942.414,1941.9750000000001,0.0001,0.001
18.06.2014 00:08:45.589 GMT+0100,1942.105,1941.6879999999999,0.0002,0.0006
18.06.2014 00:08:52.497 GMT+0100,1942.139,1941.6589999999999,0.0001,0.0003
18.06.2014 00:09:06.814 GMT+0100,1942.122,1941.675,0.0002,0.0003
18.06.2014 00:09:32.245 GMT+0100,1942.122,1941.679,0.0002,0.0003
18.06.2014 00:09:57.275 GMT+0100,1942.1129999999998,1941.679,0.0002,0.0003
18.06.2014 00:10:02.287 GMT+0100,1942.1329999999998,1941.66,0.0002,0.0003
18.06.2014 00:10:22.438 GMT+0100,1942.112,1941.685,0.0002,0.0003
18.06.2014 00:10:25.514 GMT+0100,1942.13,1941.695,0.0002,0.0003
18.06.2014 00:10:40.534 GMT+0100,1942.408,1941.98,0,0.0002
18.06.2014 00:11:02.462 GMT+0100,1942.4279999999999,1941.997,0.0001,0.0002
18.06.2014 00:11:12.074 GMT+0100,1942.4279999999999,1941.987,0.0001,0.0002
18.06.2014 00:11:29.794 GMT+0100,1942.423,1941.9820000000002,0.0001,0.0002
18.06.2014 00:11:58.831 GMT+0100,1942.405,1941.994,0.0001,0.0002
18.06.2014 00:12:16.453 GMT+0100,1942.4260000000002,1941.9660000000001,0.0001,0.0002
18.06.2014 00:12:32.273 GMT+0100,1942.405,1941.974,0.0001,0.0002
18.06.2014 00:12:43.688 GMT+0100,1942.4320000000002,1941.9779999999998,0.0001,0.0002
18.06.2014 00:13:04.613 GMT+0100,1942.411,1941.976,0.0001,0.0002
18.06.2014 00:13:38.255 GMT+0100,1942.429,1941.9650000000001,0.0001,0.0002
18.06.2014 00:13:52.873 GMT+0100,1942.421,1941.9650000000001,0.0001,0.0002
18.06.2014 00:14:07.091 GMT+0100,1942.421,1941.957,0.0001,0.0002
18.06.2014 00:14:33.724 GMT+0100,1942.413,1941.997,0.0001,0.0002
18.06.2014 00:15:00.257 GMT+0100,1942.415,1941.964,0.0001,0.0002
18.06.2014 00:15:40.612 GMT+0100,1942.44,1941.969,0.0002,0.0001
18.06.2014 00:16:16.956 GMT+0100,1942.43,1941.9879999999998,0.0002,0.0001
18.06.2014 00:16:32.174 GMT+0100,1942.434,1941.984,0.0002,0.0001
18.06.2014 00:16:50.897 GMT+0100,1942.435,1941.9660000000001,0.0002,0.0001
18.06.2014 00:17:17.336 GMT+0100,1942.408,1941.99,0.0002,0.0008
18.06.2014 00:17:26.747 GMT+0100,1942.42,1941.99,0.0002,0.0009
18.06.2014 00:17:32.254 GMT+0100,1942.429,1941.97,0.0002,0.0009
18.06.2014 00:18:02.893 GMT+0100,1942.418,1941.989,0.0002,0.0008
18.06.2014 00:18:40.939 GMT+0100,1942.4270000000001,1941.9950000000001,0.0002,0.0008
18.06.2014 00:19:29.597 GMT+0100,1942.443,1941.983,0.0002,0.0009
18.06.2014 00:19:43.214 GMT+0100,1942.403,1941.9920000000002,0.0002,0.0008
18.06.2014 00:20:32.483 GMT+0100,1942.4060000000002,1941.967,0.0002,0.0008
18.06.2014 00:20:49.004 GMT+0100,1942.429,1941.994,0.0002,0.0008
18.06.2014 00:21:01.319 GMT+0100,1942.43,1941.986,0.0002,0.0008
18.06.2014 00:21:20.743 GMT+0100,1942.4320000000002,1941.96,0.0002,0.0008
18.06.2014 00:21:24.147 GMT+0100,1942.424,1941.9820000000002,0.0002,0.0008
18.06.2014 00:21:28.353 GMT+0100,1942.4260000000002,1941.9850000000001,0.0002,0.0008
18.06.2014 00:21:46.673 GMT+0100,1942.405,1941.99,0.0002,0.0008
18.06.2014 00:23:02.269 GMT+0100,1942.4189999999999,1941.987,0.0002,0.0008
18.06.2014 00:24:18.263 GMT+0100,1942.4170000000001,1941.974,0.0002,0.0008
18.06.2014 00:24:39.888 GMT+0100,1942.431,1941.99,0.0002,0.0008
18.06.2014 00:24:48.198 GMT+0100,1942.404,1941.96,0.0002,0.0008
18.06.2014 00:24:56.309 GMT+0100,1942.423,1941.963,0.0002,0.0008
18.06.2014 00:25:01.214 GMT+0100,1942.4279999999999,1941.994,0.0002,0.0008
18.06.2014 00:25:21.042 GMT+0100,1942.4360000000001,1941.981,0.0002,0.0008
18.06.2014 00:25:32.155 GMT+0100,1942.439,1941.96,0.0002,0.0008
18.06.2014 00:25:35.960 GMT+0100,1942.4270000000001,1941.9820000000002,0.0002,0.0008
18.06.2014 00:26:02.299 GMT+0100,1942.4060000000002,1941.991,0.0002,0.0008
18.06.2014 00:26:40.745 GMT+0100,1942.4360000000001,1941.983,0.0002,0.0008
18.06.2014 00:27:51.924 GMT+0100,1942.43,1941.974,0.0002,0.0008
18.06.2014 00:27:55.428 GMT+0100,1942.4070000000002,1941.983,0.0002,0.0008
18.06.2014 00:28:14.153 GMT+0100,1942.414,1941.9650000000001,0.0002,0.0008
18.06.2014 00:28:38.984 GMT+0100,1942.4220000000003,1941.974,0.0002,0.0008
18.06.2014 00:29:06.317 GMT+0100,1942.4160000000002,1941.979,0.0002,0.0008
18.06.2014 00:30:32.221 GMT+0100,1942.404,1941.9779999999998,0.0002,0.0008
18.06.2014 00:30:50.944 GMT+0100,1942.4160000000002,1941.957,0.0002,0.0008
18.06.2014 00:31:38.702 GMT+0100,1942.403,1941.97,0.0002,0.0008
18.06.2014 00:31:50.918 GMT+0100,1942.4089999999999,1941.993,0.0002,0.0008
18.06.2014 00:32:02.332 GMT+0100,1942.4360000000001,1941.959,0.0002,0.0008
18.06.2014 00:32:26.362 GMT+0100,1942.4120000000003,1941.977,0.0001,0.0008
18.06.2014 00:32:32.470 GMT+0100,1942.132,1941.6920000000002,0,0.0007
18.06.2014 00:32:50.793 GMT+0100,1942.125,1941.658,0,0.0007
18.06.2014 00:32:52.996 GMT+0100,1942.4220000000003,1941.9679999999998,0.0002,0
18.06.2014 00:33:10.117 GMT+0100,1942.1129999999998,1941.665,0.0004,0.0007
18.06.2014 00:33:27.638 GMT+0100,1942.1329999999998,1941.6820000000002,0.0004,0.0006
18.06.2014 00:33:39.953 GMT+0100,1942.139,1941.694,0.0004,0.0006
18.06.2014 00:35:02.255 GMT+0100,1942.118,1941.6779999999999,0.0005,0.0006
18.06.2014 00:35:10.966 GMT+0100,1941.9379999999999,1941.464,0.0001,0.003
18.06.2014 00:35:39.099 GMT+0100,1941.911,1941.483,0.0001,0.003
18.06.2014 00:35:49.612 GMT+0100,1941.905,1941.49,0.0001,0.003
18.06.2014 00:36:01.826 GMT+0100,1941.9220000000003,1941.486,0.0001,0.003
18.06.2014 00:36:04.629 GMT+0100,1942.111,1941.6879999999999,0.0005,0
18.06.2014 00:36:09.937 GMT+0100,1942.114,1941.6920000000002,0.0005,0
18.06.2014 00:36:17.947 GMT+0100,1942.108,1941.683,0.0005,0
18.06.2014 00:36:18.147 GMT+0100,1941.925,1941.479,0.0001,0.003
18.06.2014 00:36:30.363 GMT+0100,1941.9070000000002,1941.4820000000002,0.0001,0.003
18.06.2014 00:36:40.776 GMT+0100,1941.941,1941.477,0.0001,0.003
18.06.2014 00:36:50.389 GMT+0100,1942.1370000000002,1941.6689999999999,0.0005,0
18.06.2014 00:37:10.614 GMT+0100,1942.142,1941.6720000000003,0.0005,0
18.06.2014 00:37:39.548 GMT+0100,1942.131,1941.693,0.0005,0
18.06.2014 00:37:46.857 GMT+0100,1942.1170000000002,1941.6760000000002,0.0005,0
18.06.2014 00:38:04.779 GMT+0100,1942.1129999999998,1941.6660000000002,0.0005,0
18.06.2014 00:38:25.103 GMT+0100,1942.1260000000002,1941.6870000000001,0.0005,0
18.06.2014 00:38:32.212 GMT+0100,1942.112,1941.6689999999999,0.0005,0
18.06.2014 00:38:41.123 GMT+0100,1942.138,1941.67,0.0005,0
18.06.2014 00:38:52.538 GMT+0100,1942.128,1941.671,0.0005,0
18.06.2014 00:38:56.243 GMT+0100,1942.1129999999998,1941.67,0.0005,0
18.06.2014 00:39:21.977 GMT+0100,1942.129,1941.668,0.0005,0
18.06.2014 00:39:35.094 GMT+0100,1942.141,1941.67,0.0005,0
18.06.2014 00:39:39.800 GMT+0100,1942.1260000000002,1941.684,0.0005,0
18.06.2014 00:39:55.419 GMT+0100,1942.104,1941.694,0.0005,0
18.06.2014 00:40:32.369 GMT+0100,1942.135,1941.664,0.0005,0
18.06.2014 00:41:02.407 GMT+0100,1942.144,1941.6779999999999,0.0005,0
18.06.2014 00:41:17.627 GMT+0100,1942.1229999999998,1941.694,0.0005,0
18.06.2014 00:41:50.768 GMT+0100,1942.128,1941.6689999999999,0.0005,0
18.06.2014 00:42:00.180 GMT+0100,1942.119,1941.679,0.0005,0
18.06.2014 00:42:09.091 GMT+0100,1942.129,1941.663,0.0005,0.0001
18.06.2014 00:42:32.220 GMT+0100,1942.118,1941.6670000000001,0.0005,0.0001
18.06.2014 00:42:36.926 GMT+0100,1942.111,1941.681,0.0005,0.0001
18.06.2014 00:42:52.445 GMT+0100,1942.118,1941.664,0.0005,0.0001
18.06.2014 00:43:02.558 GMT+0100,1942.112,1941.6960000000001,0.0005,0.0001
18.06.2014 00:43:32.194 GMT+0100,1942.112,1941.693,0.0005,0.0001
18.06.2014 00:44:02.428 GMT+0100,1942.104,1941.663,0.0005,0.0001
18.06.2014 00:44:07.233 GMT+0100,1942.1100000000001,1941.6779999999999,0.0005,0.0001
18.06.2014 00:44:14.742 GMT+0100,1942.106,1941.694,0.0005,0.0001
18.06.2014 00:44:32.161 GMT+0100,1942.129,1941.6779999999999,0.0005,0.0001
18.06.2014 00:44:40.370 GMT+0100,1942.1229999999998,1941.661,0.0005,0.0001
18.06.2014 00:44:47.580 GMT+0100,1942.1200000000001,1941.665,0.0005,0.0001
18.06.2014 00:44:50.683 GMT+0100,1942.122,1941.68,0.0005,0.0001
18.06.2014 00:45:00.896 GMT+0100,1942.128,1941.6870000000001,0.0005,0.0001
18.06.2014 00:46:25.489 GMT+0100,1942.124,1941.6620000000003,0.0005,0.0001
18.06.2014 00:47:09.439 GMT+0100,1942.135,1941.6920000000002,0.0005,0.0001
18.06.2014 00:47:33.265 GMT+0100,1942.1170000000002,1941.67,0.0005,0.0001
18.06.2014 00:47:43.077 GMT+0100,1942.1070000000002,1941.695,0.0005,0.0001
18.06.2014 00:48:02.497 GMT+0100,1942.1200000000001,1941.683,0.0005,0.0001
18.06.2014 00:48:15.112 GMT+0100,1942.14,1941.6670000000001,0.0005,0.0001
18.06.2014 00:48:22.721 GMT+0100,1942.138,1941.694,0.0005,0.0001
18.06.2014 00:48:26.625 GMT+0100,1942.1270000000002,1941.679,0.0005,0.0001
18.06.2014 00:48:30.329 GMT+0100,1942.134,1941.695,0.0005,0.0001
18.06.2014 00:48:36.937 GMT+0100,1942.112,1941.67,0.0005,0.0001
18.06.2014 00:48:53.155 GMT+0100,1942.131,1941.685,0.0005,0.0001
18.06.2014 00:48:55.758 GMT+0100,1941.935,1941.49,0,0.003
18.06.2014 00:49:20.386 GMT+0100,1941.935,1941.4679999999998,0,0.003
18.06.2014 00:49:45.715 GMT+0100,1941.908,1941.4879999999998,0.0001,0.003
18.06.2014 00:49:53.324 GMT+0100,1942.114,1941.6860000000001,0.0005,0
18.06.2014 00:50:22.759 GMT+0100,1942.0410000000002,1941.5670000000002,0.0005,0.003
18.06.2014 00:50:27.365 GMT+0100,1942.128,1941.6779999999999,0.0005,0
18.06.2014 00:50:42.582 GMT+0100,1942.134,1941.664,0.0005,0
18.06.2014 00:50:43.083 GMT+0100,1942.028,1941.592,0.0005,0.003
18.06.2014 00:50:43.584 GMT+0100,1941.9260000000002,1941.494,0.0001,0.003
18.06.2014 00:51:08.013 GMT+0100,1941.9160000000002,1941.459,0.0001,0.003
18.06.2014 00:51:11.417 GMT+0100,1941.9279999999999,1941.487,0.0001,0.003
18.06.2014 00:51:16.022 GMT+0100,1941.92,1941.469,0.0001,0.003
18.06.2014 00:52:06.583 GMT+0100,1941.9360000000001,1941.4660000000001,0.0001,0.003
18.06.2014 00:52:17.797 GMT+0100,1941.94,1941.457,0.0001,0.003
18.06.2014 00:53:00.451 GMT+0100,1941.9379999999999,1941.4579999999999,0.0001,0.003
18.06.2014 00:53:07.560 GMT+0100,1941.904,1941.459,0.0001,0.003
18.06.2014 00:53:14.068 GMT+0100,1941.918,1941.493,0.0001,0.003
18.06.2014 00:53:32.790 GMT+0100,1941.918,1941.4660000000001,0.0002,0.003
18.06.2014 00:53:51.313 GMT+0100,1941.9060000000002,1941.496,0.0002,0.003
18.06.2014 00:54:03.227 GMT+0100,1941.9260000000002,1941.464,0.0002,0.003
18.06.2014 00:54:21.349 GMT+0100,1941.9220000000003,1941.47,0.0002,0.003
18.06.2014 00:54:24.353 GMT+0100,1941.924,1941.4579999999999,0.0002,0.003
18.06.2014 00:54:32.663 GMT+0100,1941.929,1941.484,0.0002,0.003
18.06.2014 00:54:39.472 GMT+0100,1941.9070000000002,1941.4750000000001,0.0002,0.003
18.06.2014 00:54:47.882 GMT+0100,1941.91,1941.4720000000002,0.0002,0.003
18.06.2014 00:55:20.027 GMT+0100,1941.935,1941.489,0.0002,0.003
18.06.2014 00:55:39.652 GMT+0100,1941.935,1941.486,0.0002,0.003
18.06.2014 00:55:49.165 GMT+0100,1941.9320000000002,1941.473,0.0002,0.003
18.06.2014 00:56:13.594 GMT+0100,1941.911,1941.489,0.0002,0.003
18.06.2014 00:56:23.106 GMT+0100,1941.929,1941.457,0.0002,0.003
18.06.2014 00:56:29.414 GMT+0100,1941.9270000000001,1941.4750000000001,0.0002,0.003
18.06.2014 00:56:32.518 GMT+0100,1941.94,1941.4660000000001,0.0002,0.003
18.06.2014 00:56:49.339 GMT+0100,1941.9360000000001,1941.484,0.0002,0.003
18.06.2014 00:56:57.349 GMT+0100,1941.923,1941.459,0.0002,0.003
18.06.2014 00:57:03.557 GMT+0100,1941.9320000000002,1941.469,0.0002,0.003
18.06.2014 00:57:08.062 GMT+0100,1941.935,1941.4879999999998,0.0002,0.003
18.06.2014 00:57:32.293 GMT+0100,1941.903,1941.47,0.0002,0.003
18.06.2014 00:57:40.005 GMT+0100,1941.923,1941.49,0.0002,0.003
18.06.2014 00:57:45.112 GMT+0100,1941.911,1941.464,0.0002,0.003
18.06.2014 00:58:32.573 GMT+0100,1941.9360000000001,1941.4820000000002,0.0002,0.002
18.06.2014 00:58:49.796 GMT+0100,1941.908,1941.4579999999999,0.0002,0.002
18.06.2014 00:58:58.006 GMT+0100,1941.9370000000001,1941.469,0.0002,0.002
18.06.2014 00:59:13.026 GMT+0100,1941.91,1941.496,0.0002,0.002
18.06.2014 00:59:30.750 GMT+0100,1941.9089999999999,1941.4720000000002,0.0002,0.002
18.06.2014 01:00:09.506 GMT+0100,1941.934,1941.4779999999998,0.0002,0.002
18.06.2014 01:00:25.026 GMT+0100,1941.941,1941.4950000000001,0.0002,0.002
18.06.2014 01:00:32.435 GMT+0100,1941.918,1941.474,0.0002,0.002
18.06.2014 01:00:42.346 GMT+0100,1941.9260000000002,1941.4950000000001,0.0002,0.002
18.06.2014 01:00:53.458 GMT+0100,1941.913,1941.4750000000001,0.0002,0.002
18.06.2014 01:00:58.064 GMT+0100,1941.9379999999999,1941.491,0.0002,0.002
18.06.2014 01:01:10.679 GMT+0100,1941.915,1941.493,0.0002,0.002
18.06.2014 01:01:23.495 GMT+0100,1941.9260000000002,1941.483,0.0002,0.002
18.06.2014 01:01:43.220 GMT+0100,1941.934,1941.479,0.0003,0.002
18.06.2014 01:01:49.929 GMT+0100,1941.921,1941.487,0.0003,0.002
18.06.2014 01:02:01.744 GMT+0100,1941.606,1941.175,0.0003,0.0007
18.06.2014 01:02:25.675 GMT+0100,1941.6100000000001,1941.1860000000001,0.0004,0.0005
18.06.2014 01:02:29.180 GMT+0100,1941.621,1941.163,0.0004,0.0005
18.06.2014 01:02:36.990 GMT+0100,1941.4120000000003,1940.971,0,0.0006
18.06.2014 01:03:11.729 GMT+0100,1941.42,1940.9820000000002,0.0002,0.0003
18.06.2014 01:03:26.046 GMT+0100,1941.408,1940.9920000000002,0.0002,0.0005
18.06.2014 01:03:37.959 GMT+0100,1941.408,1940.97,0.0002,0.0005
18.06.2014 01:04:00.688 GMT+0100,1941.632,1941.164,0.0004,0
18.06.2014 01:04:38.737 GMT+0100,1941.435,1940.971,0,0.0005
18.06.2014 01:04:46.948 GMT+0100,1941.608,1941.158,0.0004,0
18.06.2014 01:04:47.749 GMT+0100,1941.4189999999999,1940.993,0,0.0005
18.06.2014 01:05:00.265 GMT+0100,1941.4070000000002,1940.987,0.0001,0.0005
18.06.2014 01:05:30.108 GMT+0100,1941.4170000000001,1940.96,0.0001,0.0005
18.06.2014 01:05:36.716 GMT+0100,1941.415,1940.9920000000002,0.0001,0.0005
18.06.2014 01:05:44.626 GMT+0100,1941.413,1940.996,0.0001,0.0005
18.06.2014 01:05:59.945 GMT+0100,1941.4220000000003,1940.9950000000001,0,0.0005
18.06.2014 01:06:11.559 GMT+0100,1941.435,1940.996,0,0.0005
18.06.2014 01:06:23.875 GMT+0100,1941.4370000000001,1940.997,0,0.0005
18.06.2014 01:06:29.082 GMT+0100,1941.431,1940.974,0,0.0005
18.06.2014 01:06:40.498 GMT+0100,1941.63,1941.174,0.0004,0
18.06.2014 01:06:48.509 GMT+0100,1941.4320000000002,1940.974,0,0.0007
18.06.2014 01:06:48.909 GMT+0100,1941.6329999999998,1941.194,0.0004,0
18.06.2014 01:07:08.834 GMT+0100,1941.6329999999998,1941.1689999999999,0.0004,0.0001
18.06.2014 01:07:23.352 GMT+0100,1941.621,1941.1960000000001,0.0004,0.0001
18.06.2014 01:07:40.774 GMT+0100,1941.611,1941.171,0.0004,0.0001
18.06.2014 01:07:51.788 GMT+0100,1941.641,1941.171,0.0004,0.0001
18.06.2014 01:08:56.070 GMT+0100,1941.6070000000002,1941.158,0.0004,0.0002
18.06.2014 01:09:15.194 GMT+0100,1941.624,1941.163,0.0004,0.0002
18.06.2014 01:09:31.514 GMT+0100,1941.615,1941.1779999999999,0.0004,0.0002
18.06.2014 01:09:46.933 GMT+0100,1941.608,1941.1620000000003,0.0004,0.0002
18.06.2014 01:10:13.771 GMT+0100,1941.639,1941.18,0.0004,0.0002
18.06.2014 01:10:50.116 GMT+0100,1941.635,1941.164,0.0004,0.0002
18.06.2014 01:11:13.445 GMT+0100,1941.625,1941.158,0.0004,0.0002
18.06.2014 01:11:19.052 GMT+0100,1941.6260000000002,1941.163,0.0004,0.0002
18.06.2014 01:11:28.163 GMT+0100,1941.6270000000002,1941.1960000000001,0.0004,0.0002
18.06.2014 01:11:49.890 GMT+0100,1941.632,1941.19,0.0004,0.0002
18.06.2014 01:11:54.897 GMT+0100,1941.621,1941.1860000000001,0.0004,0.0002
18.06.2014 01:12:01.905 GMT+0100,1941.602,1941.184,0.0004,0.0002
18.06.2014 01:12:15.322 GMT+0100,1941.639,1941.18,0.0004,0.0002
18.06.2014 01:12:19.628 GMT+0100,1941.635,1941.1920000000002,0.0004,0.0002
18.06.2014 01:12:19.828 GMT+0100,1941.4070000000002,1940.964,0,0.0007
18.06.2014 01:12:34.946 GMT+0100,1941.415,1940.9679999999998,0.0001,0.0007
18.06.2014 01:12:43.957 GMT+0100,1941.4279999999999,1940.96,0,0.0007
18.06.2014 01:12:55.672 GMT+0100,1941.42,1940.997,0,0.0007
18.06.2014 01:12:57.475 GMT+0100,1941.639,1941.1720000000003,0.0004,0
18.06.2014 01:13:12.795 GMT+0100,1941.621,1941.158,0.0004,0.0001
18.06.2014 01:13:30.618 GMT+0100,1941.6270000000002,1941.179,0.0004,0.0001
18.06.2014 01:13:33.922 GMT+0100,1941.616,1941.185,0.0004,0.0001
18.06.2014 01:14:20.077 GMT+0100,1941.612,1941.1870000000001,0.0002,0.0003
18.06.2014 01:14:51.217 GMT+0100,1941.622,1941.1620000000003,0.0002,0.0003
18.06.2014 01:15:00.829 GMT+0100,1941.6370000000002,1941.175,0.0002,0.0003
18.06.2014 01:15:15.850 GMT+0100,1941.618,1941.164,0.0002,0.0003
18.06.2014 01:15:24.661 GMT+0100,1941.611,1941.183,0.0002,0.0003
18.06.2014 01:15:33.071 GMT+0100,1941.618,1941.183,0.0002,0.0003
18.06.2014 01:15:37.477 GMT+0100,1941.616,1941.1960000000001,0.0002,0.0003
18.06.2014 01:16:21.132 GMT+0100,1941.615,1941.175,0.0002,0.0003
18.06.2014 01:16:34.148 GMT+0100,1941.6260000000002,1941.17,0.0002,0.0003
18.06.2014 01:16:40.957 GMT+0100,1941.624,1941.1620000000003,0.0002,0.0003
18.06.2014 01:16:51.070 GMT+0100,1941.6270000000002,1941.171,0.0002,0.0002
18.06.2014 01:16:54.173 GMT+0100,1941.619,1941.1970000000001,0.0002,0.0002
18.06.2014 01:17:08.291 GMT+0100,1941.64,1941.1620000000003,0.0002,0.0002
18.06.2014 01:17:16.402 GMT+0100,1941.614,1941.191,0.0002,0.0002
18.06.2014 01:17:40.232 GMT+0100,1941.628,1941.175,0.0002,0.0002
18.06.2014 01:19:03.630 GMT+0100,1941.628,1941.1879999999999,0.0002,0.0002
18.06.2014 01:19:14.044 GMT+0100,1941.6229999999998,1941.184,0.0002,0.0002
18.06.2014 01:19:38.873 GMT+0100,1941.631,1941.161,0.0002,0.0002
18.06.2014 01:19:59.899 GMT+0100,1941.614,1941.163,0.0002,0.0002
18.06.2014 01:20:10.349 GMT+0100,1941.6029999999998,1941.174,0.0002,0.0002
18.06.2014 01:21:11.389 GMT+0100,1941.612,1941.1770000000001,0.0002,0.0002
18.06.2014 01:21:18.298 GMT+0100,1941.612,1941.1960000000001,0.0002,0.0002
18.06.2014 01:22:22.277 GMT+0100,1941.639,1941.1960000000001,0.0002,0.0002
18.06.2014 01:22:44.505 GMT+0100,1941.64,1941.158,0.0002,0.0002
18.06.2014 01:23:07.635 GMT+0100,1941.629,1941.1760000000002,0.0002,0.0002
18.06.2014 01:23:26.759 GMT+0100,1941.606,1941.16,0.0002,0.0002
18.06.2014 01:23:42.478 GMT+0100,1941.642,1941.1570000000002,0.0002,0.0002
18.06.2014 01:25:20.004 GMT+0100,1941.641,1941.1620000000003,0.0002,0.0003
18.06.2014 01:25:38.927 GMT+0100,1941.624,1941.1970000000001,0.0002,0.0003
18.06.2014 01:25:48.539 GMT+0100,1941.615,1941.1979999999999,0.0002,0.0003
18.06.2014 01:25:52.144 GMT+0100,1941.604,1941.158,0.0002,0.0003
18.06.2014 01:25:58.752 GMT+0100,1941.6170000000002,1941.175,0.0002,0.0003
18.06.2014 01:26:29.891 GMT+0100,1941.605,1941.1870000000001,0.0002,0.0003
18.06.2014 01:26:37.500 GMT+0100,1941.602,1941.193,0.0002,0.0003
18.06.2014 01:26:42.106 GMT+0100,1941.614,1941.194,0.0002,0.0003
18.06.2014 01:26:52.118 GMT+0100,1941.608,1941.19,0.0002,0.0003
18.06.2014 01:27:23.156 GMT+0100,1941.616,1941.164,0.0002,0.0003
18.06.2014 01:27:28.363 GMT+0100,1941.642,1941.184,0.0002,0.0003
18.06.2014 01:27:54.194 GMT+0100,1941.606,1941.175,0.0002,0.0003
18.06.2014 01:27:57.398 GMT+0100,1941.6260000000002,1941.171,0.0002,0.0003
18.06.2014 01:28:04.807 GMT+0100,1941.625,1941.185,0.0002,0.0003
18.06.2014 01:28:08.412 GMT+0100,1941.64,1941.181,0.0002,0.0003
18.06.2014 01:29:35.619 GMT+0100,1941.605,1941.171,0.0002,0.0003
18.06.2014 01:29:48.134 GMT+0100,1941.614,1941.1760000000002,0.0002,0.0003
18.06.2014 01:30:00.651 GMT+0100,1941.612,1941.1620000000003,0.0002,0.0003
18.06.2014 01:30:11.769 GMT+0100,1941.614,1941.179,0.0002,0.0002
18.06.2014 01:30:25.186 GMT+0100,1941.638,1941.179,0.0002,0.0002
18.06.2014 01:30:41.306 GMT+0100,1941.64,1941.173,0.0002,0.0002
18.06.2014 01:31:02.229 GMT+0100,1941.641,1941.168,0.0002,0.0003
18.06.2014 01:31:20.850 GMT+0100,1941.642,1941.1770000000001,0.0002,0.0003
18.06.2014 01:31:43.378 GMT+0100,1941.615,1941.1970000000001,0.0002,0.0003
18.06.2014 01:32:38.742 GMT+0100,1941.6260000000002,1941.1820000000002,0.0002,0.0002
18.06.2014 01:33:29.705 GMT+0100,1941.618,1941.1860000000001,0.0002,0.0003
18.06.2014 01:34:45.701 GMT+0100,1941.618,1941.1820000000002,0.0002,0.0003
18.06.2014 01:34:58.517 GMT+0100,1941.624,1941.184,0.0002,0.0003
18.06.2014 01:35:03.125 GMT+0100,1941.6100000000001,1941.189,0.0002,0.0003
18.06.2014 01:35:29.058 GMT+0100,1941.616,1941.1760000000002,0.0002,0.0003
18.06.2014 01:36:39.248 GMT+0100,1941.6229999999998,1941.1879999999999,0.0002,0.0003
18.06.2014 01:37:41.628 GMT+0100,1941.619,1941.168,0.0002,0.0003
18.06.2014 01:37:57.345 GMT+0100,1941.619,1941.163,0.0002,0.0003
18.06.2014 01:38:07.857 GMT+0100,1941.92,1941.483,0.0005,0.0001
18.06.2014 01:38:20.371 GMT+0100,1941.9370000000001,1941.471,0.0005,0.0002
18.06.2014 01:38:28.480 GMT+0100,1941.904,1941.477,0.0005,0.0002
18.06.2014 01:38:41.695 GMT+0100,1941.925,1941.4779999999998,0.0005,0.0002
18.06.2014 01:39:22.540 GMT+0100,1941.9189999999999,1941.4620000000002,0.0005,0.0002
18.06.2014 01:39:28.848 GMT+0100,1941.9379999999999,1941.496,0.0005,0.0002
18.06.2014 01:39:33.254 GMT+0100,1941.9320000000002,1941.4660000000001,0.0005,0.0002
18.06.2014 01:39:38.060 GMT+0100,1941.904,1941.4879999999998,0.0005,0.0002
18.06.2014 01:39:45.268 GMT+0100,1941.914,1941.4850000000001,0.0005,0.0002
18.06.2014 01:41:01.770 GMT+0100,1941.9189999999999,1941.476,0.0005,0.0002
18.06.2014 01:41:45.124 GMT+0100,1941.9379999999999,1941.4650000000001,0.0004,0.0002
18.06.2014 01:42:10.555 GMT+0100,1941.921,1941.4950000000001,0.0004,0.0002
18.06.2014 01:42:18.564 GMT+0100,1941.9360000000001,1941.463,0.0004,0.0002
18.06.2014 01:42:25.573 GMT+0100,1941.9270000000001,1941.4650000000001,0.0004,0.0002
18.06.2014 01:42:46.100 GMT+0100,1941.915,1941.4650000000001,0.0004,0.0002
18.06.2014 01:42:59.117 GMT+0100,1941.935,1941.467,0.0004,0.0002
18.06.2014 01:43:07.226 GMT+0100,1941.9370000000001,1941.486,0.0004,0.0002
18.06.2014 01:43:19.139 GMT+0100,1941.94,1941.4950000000001,0.0004,0.0002
18.06.2014 01:43:48.873 GMT+0100,1941.9170000000001,1941.4920000000002,0.0004,0.0002
18.06.2014 01:43:49.074 GMT+0100,1941.619,1941.17,0.0002,0.0003
18.06.2014 01:44:12.701 GMT+0100,1941.602,1941.191,0.0002,0.0003
18.06.2014 01:44:28.218 GMT+0100,1941.621,1941.1820000000002,0.0002,0.0003
18.06.2014 01:44:36.227 GMT+0100,1941.615,1941.163,0.0002,0.0002
18.06.2014 01:44:41.133 GMT+0100,1941.612,1941.165,0.0002,0.0002
18.06.2014 01:44:55.851 GMT+0100,1941.6260000000002,1941.1779999999999,0.0002,0.0002
18.06.2014 01:44:59.760 GMT+0100,1941.606,1941.1689999999999,0.0002,0.0002
18.06.2014 01:45:00.261 GMT+0100,1941.614,1941.1620000000003,0.0002,0.0002
18.06.2014 01:45:42.115 GMT+0100,1941.638,1941.164,0.0002,0.0002
18.06.2014 01:45:45.619 GMT+0100,1941.6200000000001,1941.181,0.0002,0.0002
18.06.2014 01:46:12.353 GMT+0100,1941.625,1941.173,0.0002,0.0002
18.06.2014 01:46:17.059 GMT+0100,1941.64,1941.163,0.0002,0.0002
18.06.2014 01:46:49.196 GMT+0100,1941.615,1941.179,0.0002,0.0002
18.06.2014 01:47:23.739 GMT+0100,1941.6170000000002,1941.1820000000002,0.0002,0.0002
18.06.2014 01:47:47.570 GMT+0100,1941.624,1941.161,0.0002,0.0002
18.06.2014 01:47:55.379 GMT+0100,1941.64,1941.1770000000001,0.0002,0.0002
18.06.2014 01:48:18.307 GMT+0100,1941.6270000000002,1941.1660000000002,0.0002,0.0002
18.06.2014 01:48:38.632 GMT+0100,1941.634,1941.168,0.0002,0.0002
18.06.2014 01:49:41.913 GMT+0100,1941.625,1941.168,0.0002,0.0002
18.06.2014 01:50:09.751 GMT+0100,1941.629,1941.184,0.0002,0.0002
18.06.2014 01:50:20.565 GMT+0100,1941.643,1941.1860000000001,0.0002,0.0002
18.06.2014 01:50:34.182 GMT+0100,1941.6129999999998,1941.1779999999999,0.0002,0.0002
18.06.2014 01:51:15.234 GMT+0100,1941.6170000000002,1941.1689999999999,0.0002,0.0002
18.06.2014 01:51:33.258 GMT+0100,1941.614,1941.191,0.0002,0.0002
18.06.2014 01:51:42.770 GMT+0100,1941.615,1941.185,0.0002,0.0002
18.06.2014 01:51:50.079 GMT+0100,1941.625,1941.183,0.0002,0.0002
18.06.2014 01:52:03.496 GMT+0100,1941.6229999999998,1941.16,0.0002,0.0002
18.06.2014 01:52:19.715 GMT+0100,1941.624,1941.19,0.0002,0.0002
18.06.2014 01:52:40.741 GMT+0100,1941.6200000000001,1941.17,0.0002,0.0002
18.06.2014 01:53:10.780 GMT+0100,1941.64,1941.193,0.0002,0.0002
18.06.2014 01:53:44.123 GMT+0100,1941.606,1941.168,0.0002,0.0002
18.06.2014 01:53:58.141 GMT+0100,1941.6270000000002,1941.1860000000001,0.0002,0.0002
18.06.2014 01:54:14.061 GMT+0100,1941.6100000000001,1941.1670000000001,0.0002,0.0002
18.06.2014 01:54:17.965 GMT+0100,1941.619,1941.1920000000002,0.0002,0.0002
18.06.2014 01:54:31.681 GMT+0100,1941.611,1941.173,0.0002,0.0002
18.06.2014 01:54:35.985 GMT+0100,1941.629,1941.173,0.0002,0.0002
18.06.2014 01:55:28.048 GMT+0100,1941.628,1941.1860000000001,0.0002,0.0002
18.06.2014 01:55:51.876 GMT+0100,1941.615,1941.193,0.0001,0.0002
18.06.2014 01:56:06.292 GMT+0100,1941.6329999999998,1941.1760000000002,0.0001,0.0002
18.06.2014 01:56:29.320 GMT+0100,1941.614,1941.1960000000001,0.0001,0.0002
18.06.2014 01:56:57.652 GMT+0100,1941.621,1941.191,0.0001,0.0002
18.06.2014 01:57:04.760 GMT+0100,1941.6170000000002,1941.1960000000001,0.0001,0.0002
18.06.2014 01:57:10.467 GMT+0100,1941.6129999999998,1941.185,0.0001,0.0002
18.06.2014 01:57:36.395 GMT+0100,1941.625,1941.184,0.0001,0.0002
18.06.2014 01:57:59.622 GMT+0100,1941.631,1941.1820000000002,0.0001,0.0002
18.06.2014 01:58:06.630 GMT+0100,1941.6100000000001,1941.1979999999999,0.0001,0.0002
18.06.2014 01:58:39.066 GMT+0100,1941.6100000000001,1941.191,0.0001,0.0002
18.06.2014 01:59:05.395 GMT+0100,1941.6200000000001,1941.173,0.0001,0.0002
18.06.2014 01:59:16.608 GMT+0100,1941.6170000000002,1941.174,0.0001,0.0002
18.06.2014 01:59:56.655 GMT+0100,1941.614,1941.179,0,0.0002
18.06.2014 02:00:00.459 GMT+0100,1941.605,1941.1570000000002,0,0.0002
18.06.2014 02:00:26.290 GMT+0100,1941.6029999999998,1941.193,0,0.0002
18.06.2014 02:00:49.215 GMT+0100,1941.6100000000001,1941.1970000000001,0,0.0002
18.06.2014 02:01:29.560 GMT+0100,1941.621,1941.1970000000001,0.0001,0.0002
18.06.2014 02:01:49.583 GMT+0100,1941.618,1941.184,0.0002,0.0002
18.06.2014 02:01:56.691 GMT+0100,1941.6129999999998,1941.17,0.0002,0.0001
18.06.2014 02:02:03.700 GMT+0100,1941.614,1941.173,0.0002,0.0001
18.06.2014 02:02:14.814 GMT+0100,1941.905,1941.467,0.0005,0
18.06.2014 02:02:18.918 GMT+0100,1941.9260000000002,1941.4779999999998,0.0005,0
18.06.2014 02:02:24.525 GMT+0100,1941.904,1941.48,0.0005,0
18.06.2014 02:02:26.027 GMT+0100,1941.64,1941.173,0.0002,0.0001
18.06.2014 02:02:40.641 GMT+0100,1941.6360000000002,1941.173,0.0003,0
18.06.2014 02:02:48.249 GMT+0100,1941.619,1941.1570000000002,0.0003,0
18.06.2014 02:03:05.268 GMT+0100,1941.608,1941.194,0.0003,0
18.06.2014 02:03:25.391 GMT+0100,1941.6329999999998,1941.1589999999999,0.0003,0
18.06.2014 02:03:33.099 GMT+0100,1941.642,1941.163,0.0003,0
18.06.2014 02:03:43.110 GMT+0100,1941.632,1941.1860000000001,0.0003,0
18.06.2014 02:04:03.433 GMT+0100,1941.624,1941.1870000000001,0.0003,0
18.06.2014 02:04:15.947 GMT+0100,1941.608,1941.175,0.0003,0
18.06.2014 02:04:33.768 GMT+0100,1941.618,1941.163,0.0003,0
18.06.2014 02:04:46.782 GMT+0100,1941.6029999999998,1941.184,0.0003,0
18.06.2014 02:04:46.982 GMT+0100,1941.528,1941.095,0.0003,0.0008
18.06.2014 02:04:53.289 GMT+0100,1941.506,1941.0910000000001,0.0003,0.0008
18.06.2014 02:05:07.610 GMT+0100,1941.4320000000002,1940.9660000000001,0,0.0008
18.06.2014 02:05:10.814 GMT+0100,1941.536,1941.086,0.0003,0.0008
18.06.2014 02:05:13.216 GMT+0100,1941.6029999999998,1941.18,0.0003,0
18.06.2014 02:05:19.524 GMT+0100,1941.642,1941.1960000000001,0.0003,0
18.06.2014 02:05:19.825 GMT+0100,1941.429,1940.99,0,0.0008
18.06.2014 02:05:28.134 GMT+0100,1941.4320000000002,1940.9820000000002,0,0.0008
18.06.2014 02:05:33.741 GMT+0100,1941.429,1940.971,0,0.0008
18.06.2014 02:05:34.441 GMT+0100,1941.624,1941.1770000000001,0.0003,0
18.06.2014 02:05:39.748 GMT+0100,1941.634,1941.158,0.0003,0
18.06.2014 02:06:09.782 GMT+0100,1941.625,1941.1870000000001,0.0003,0
18.06.2014 02:06:15.589 GMT+0100,1941.629,1941.193,0.0003,0
18.06.2014 02:06:29.505 GMT+0100,1941.604,1941.1670000000001,0.0003,0
18.06.2014 02:06:54.132 GMT+0100,1941.6370000000002,1941.195,0.0003,0
18.06.2014 02:07:03.442 GMT+0100,1941.6170000000002,1941.1770000000001,0.0003,0
18.06.2014 02:07:15.055 GMT+0100,1941.6170000000002,1941.1660000000002,0.0003,0
18.06.2014 02:07:23.264 GMT+0100,1941.624,1941.185,0.0003,0
18.06.2014 02:07:44.488 GMT+0100,1941.507,1941.082,0.0003,0.0008
18.06.2014 02:07:53.198 GMT+0100,1941.6329999999998,1941.193,0.0003,0
18.06.2014 02:08:06.313 GMT+0100,1941.622,1941.1589999999999,0.0003,0
18.06.2014 02:08:21.831 GMT+0100,1941.638,1941.184,0.0003,0
18.06.2014 02:08:27.037 GMT+0100,1941.629,1941.1870000000001,0.0003,0
18.06.2014 02:08:45.558 GMT+0100,1941.6129999999998,1941.1620000000003,0.0003,0
18.06.2014 02:09:23.201 GMT+0100,1941.639,1941.158,0.0003,0
18.06.2014 02:09:39.620 GMT+0100,1941.628,1941.1870000000001,0.0003,0
18.06.2014 02:10:31.181 GMT+0100,1941.615,1941.1820000000002,0.0003,0.0001
18.06.2014 02:10:35.887 GMT+0100,1941.6229999999998,1941.1660000000002,0.0003,0.0001
18.06.2014 02:11:04.119 GMT+0100,1941.608,1941.1689999999999,0.0003,0
18.06.2014 02:11:18.235 GMT+0100,1941.631,1941.1960000000001,0.0003,0
18.06.2014 02:11:32.352 GMT+0100,1941.614,1941.183,0.0003,0
18.06.2014 02:11:40.862 GMT+0100,1941.6170000000002,1941.191,0.0003,0
18.06.2014 02:11:50.174 GMT+0100,1941.6370000000002,1941.1920000000002,0.0003,0
18.06.2014 02:11:59.585 GMT+0100,1941.609,1941.1689999999999,0.0003,0
18.06.2014 02:12:12.900 GMT+0100,1941.621,1941.193,0.0003,0
18.06.2014 02:12:29.118 GMT+0100,1941.605,1941.1779999999999,0.0003,0
18.06.2014 02:12:56.650 GMT+0100,1941.622,1941.171,0.0003,0.0001
18.06.2014 02:13:04.658 GMT+0100,1941.604,1941.1689999999999,0.0003,0.0001
18.06.2014 02:13:06.861 GMT+0100,1941.9120000000003,1941.4850000000001,0.0005,0
18.06.2014 02:13:29.386 GMT+0100,1941.9070000000002,1941.484,0.0005,0
18.06.2014 02:13:33.390 GMT+0100,1941.943,1941.484,0.0005,0
18.06.2014 02:13:50.110 GMT+0100,1941.9279999999999,1941.497,0.0005,0
18.06.2014 02:13:59.920 GMT+0100,1941.934,1941.48,0.0005,0
18.06.2014 02:14:03.725 GMT+0100,1941.929,1941.483,0.0005,0
18.06.2014 02:14:10.733 GMT+0100,1941.64,1941.163,0,0.0002
18.06.2014 02:14:29.255 GMT+0100,1941.609,1941.158,0.0001,0.0002
18.06.2014 02:14:34.360 GMT+0100,1941.643,1941.1570000000002,0.0002,0.0002
18.06.2014 02:14:54.585 GMT+0100,1941.6329999999998,1941.175,0.0002,0.0002
18.06.2014 02:14:59.991 GMT+0100,1941.6170000000002,1941.163,0.0002,0.0002
18.06.2014 02:15:12.111 GMT+0100,1941.615,1941.1779999999999,0.0001,0.0002
18.06.2014 02:15:51.956 GMT+0100,1941.6270000000002,1941.179,0,0.0002
18.06.2014 02:16:06.974 GMT+0100,1941.809,1941.3870000000002,0.0005,0.0002
18.06.2014 02:16:09.877 GMT+0100,1941.94,1941.477,0.0005,0
18.06.2014 02:16:10.177 GMT+0100,1941.608,1941.174,0,0.0002
18.06.2014 02:16:25.896 GMT+0100,1941.64,1941.161,0,0.0002
18.06.2014 02:16:52.928 GMT+0100,1941.631,1941.184,0,0.0002
18.06.2014 02:17:34.581 GMT+0100,1941.6029999999998,1941.1589999999999,0.0001,0.0002
18.06.2014 02:18:14.731 GMT+0100,1941.632,1941.1870000000001,0.0001,0.0002
18.06.2014 02:18:34.356 GMT+0100,1941.619,1941.1770000000001,0,0.0002
18.06.2014 02:18:34.456 GMT+0100,1941.9170000000001,1941.473,0.0005,0
18.06.2014 02:19:03.996 GMT+0100,1941.935,1941.4679999999998,0.0005,0
18.06.2014 02:19:16.611 GMT+0100,1941.92,1941.496,0.0005,0
18.06.2014 02:19:45.047 GMT+0100,1941.9420000000002,1941.479,0.0005,0
18.06.2014 02:19:58.365 GMT+0100,1941.9089999999999,1941.493,0.0005,0.0001
18.06.2014 02:20:34.811 GMT+0100,1941.9270000000001,1941.47,0.0005,0
18.06.2014 02:20:38.716 GMT+0100,1941.93,1941.459,0.0005,0
18.06.2014 02:20:54.736 GMT+0100,1941.941,1941.496,0.0004,0
18.06.2014 02:21:04.448 GMT+0100,1941.9379999999999,1941.463,0.0004,0.0001
18.06.2014 02:21:28.378 GMT+0100,1941.9160000000002,1941.486,0.0004,0.0001
18.06.2014 02:21:41.094 GMT+0100,1941.9070000000002,1941.461,0.0004,0.0001
18.06.2014 02:21:44.599 GMT+0100,1941.94,1941.461,0.0004,0.0001
18.06.2014 02:22:22.346 GMT+0100,1941.92,1941.4620000000002,0.0004,0.0001
18.06.2014 02:22:44.975 GMT+0100,1941.9060000000002,1941.48,0.0004,0.0001
18.06.2014 02:23:13.711 GMT+0100,1941.921,1941.461,0.0004,0.0001
18.06.2014 02:23:48.755 GMT+0100,1941.934,1941.496,0.0004,0.0001
18.06.2014 02:24:04.976 GMT+0100,1941.914,1941.457,0.0004,0.0001
18.06.2014 02:24:10.683 GMT+0100,1941.908,1941.4720000000002,0.0004,0.0001
18.06.2014 02:24:30.709 GMT+0100,1941.9120000000003,1941.471,0.0004,0.0001
18.06.2014 02:24:37.818 GMT+0100,1941.9260000000002,1941.4720000000002,0.0004,0.0001
18.06.2014 02:24:46.730 GMT+0100,1941.92,1941.4779999999998,0.0004,0.0001
18.06.2014 02:25:02.352 GMT+0100,1941.915,1941.461,0.0004,0.0001
18.06.2014 02:25:18.171 GMT+0100,1941.9370000000001,1941.491,0.0004,0.0002
18.06.2014 02:25:31.688 GMT+0100,1941.9120000000003,1941.496,0.0004,0.0002
18.06.2014 02:25:55.019 GMT+0100,1941.9279999999999,1941.461,0.0004,0.0002
18.06.2014 02:26:23.055 GMT+0100,1941.921,1941.4679999999998,0.0004,0.0002
18.06.2014 02:26:26.659 GMT+0100,1941.9120000000003,1941.4879999999998,0.0004,0.0002
18.06.2014 02:26:53.494 GMT+0100,1941.9170000000001,1941.4579999999999,0.0004,0.0002
18.06.2014 02:26:59.501 GMT+0100,1941.904,1941.48,0.0004,0.0002
18.06.2014 02:27:02.605 GMT+0100,1941.92,1941.47,0.0004,0.0002
18.06.2014 02:27:11.516 GMT+0100,1941.918,1941.497,0.0004,0.0002
18.06.2014 02:27:22.831 GMT+0100,1941.905,1941.467,0.0004,0.0002
18.06.2014 02:27:37.049 GMT+0100,1941.6070000000002,1941.163,0,0.0003
18.06.2014 02:27:56.374 GMT+0100,1941.6129999999998,1941.1689999999999,0.0001,0.0002
18.06.2014 02:28:17.101 GMT+0100,1941.614,1941.1620000000003,0.0001,0.0002
18.06.2014 02:28:26.313 GMT+0100,1941.6329999999998,1941.17,0.0001,0.0002
18.06.2014 02:28:52.648 GMT+0100,1941.6370000000002,1941.1960000000001,0.0001,0.0002
18.06.2014 02:29:00.057 GMT+0100,1941.632,1941.1620000000003,0.0001,0.0001
18.06.2014 02:29:13.474 GMT+0100,1941.425,1940.976,0,0.0009
18.06.2014 02:29:43.412 GMT+0100,1941.403,1940.961,0.0001,0.0008
18.06.2014 02:29:50.422 GMT+0100,1941.4260000000002,1940.979,0.0001,0.0008
18.06.2014 02:30:16.355 GMT+0100,1941.6100000000001,1941.189,0.0002,0
18.06.2014 02:30:34.977 GMT+0100,1941.605,1941.18,0.0002,0
18.06.2014 02:30:45.089 GMT+0100,1941.4370000000001,1940.9650000000001,0,0.0008
18.06.2014 02:31:09.320 GMT+0100,1941.413,1940.957,0,0.0008
18.06.2014 02:31:13.826 GMT+0100,1941.4089999999999,1940.984,0,0.0008
18.06.2014 02:32:15.799 GMT+0100,1941.4160000000002,1940.963,0.0001,0.0008
18.06.2014 02:32:28.853 GMT+0100,1941.4120000000003,1940.991,0.0001,0.0008
18.06.2014 02:32:31.316 GMT+0100,1941.52,1941.084,0.0002,0.0008
18.06.2014 02:32:32.417 GMT+0100,1941.608,1941.179,0.0002,0
18.06.2014 02:32:33.118 GMT+0100,1941.4189999999999,1940.981,0,0.0008
18.06.2014 02:32:53.269 GMT+0100,1941.431,1940.961,0,0.0008
18.06.2014 02:33:29.377 GMT+0100,1941.44,1940.9779999999998,0,0.0008
18.06.2014 02:33:32.882 GMT+0100,1941.441,1940.9620000000002,0,0.0008
18.06.2014 02:34:04.818 GMT+0100,1941.435,1940.9950000000001,0,0.0008
18.06.2014 02:34:07.321 GMT+0100,1941.616,1941.168,0.0003,0
18.06.2014 02:34:22.539 GMT+0100,1941.641,1941.179,0.0002,0
18.06.2014 02:34:39.857 GMT+0100,1941.6100000000001,1941.1860000000001,0.0002,0
18.06.2014 02:35:33.724 GMT+0100,1941.628,1941.1760000000002,0.0002,0
18.06.2014 02:35:46.436 GMT+0100,1941.6270000000002,1941.1960000000001,0.0002,0
18.06.2014 02:36:53.811 GMT+0100,1941.635,1941.1570000000002,0.0002,0
18.06.2014 02:37:51.973 GMT+0100,1941.6029999999998,1941.1779999999999,0.0002,0.0001
18.06.2014 02:37:55.277 GMT+0100,1941.609,1941.183,0.0002,0.0001
18.06.2014 02:38:24.211 GMT+0100,1941.629,1941.1779999999999,0.0002,0.0001
18.06.2014 02:38:49.939 GMT+0100,1941.628,1941.161,0.0002,0.0001
18.06.2014 02:39:04.957 GMT+0100,1941.615,1941.1960000000001,0.0002,0.0001
18.06.2014 02:40:41.467 GMT+0100,1941.6360000000002,1941.1760000000002,0.0002,0.0001
18.06.2014 02:41:28.120 GMT+0100,1941.621,1941.174,0.0001,0.0002
18.06.2014 02:41:38.231 GMT+0100,1941.614,1941.173,0.0001,0.0002
18.06.2014 02:41:58.854 GMT+0100,1941.64,1941.1779999999999,0.0001,0.0002
18.06.2014 02:42:26.485 GMT+0100,1941.606,1941.164,0,0.0002
18.06.2014 02:42:32.293 GMT+0100,1941.605,1941.1820000000002,0,0.0002
18.06.2014 02:42:53.820 GMT+0100,1941.6370000000002,1941.1960000000001,0.0001,0.0002
18.06.2014 02:43:01.731 GMT+0100,1941.614,1941.1660000000002,0.0001,0.0002
18.06.2014 02:43:15.746 GMT+0100,1941.629,1941.164,0,0.0002
18.06.2014 02:44:18.519 GMT+0100,1941.94,1941.47,0.0004,0.0002
18.06.2014 02:44:26.729 GMT+0100,1941.606,1941.1689999999999,0,0.0002
18.06.2014 02:44:33.838 GMT+0100,1941.905,1941.4779999999998,0.0004,0.0002
18.06.2014 02:44:39.143 GMT+0100,1941.914,1941.4679999999998,0.0004,0
18.06.2014 02:44:39.344 GMT+0100,1941.622,1941.161,0,0.0002
18.06.2014 02:44:39.844 GMT+0100,1941.835,1941.39,0.0005,0.0002
18.06.2014 02:44:56.164 GMT+0100,1941.924,1941.467,0.0004,0
18.06.2014 02:45:00.870 GMT+0100,1941.933,1941.496,0.0004,0
18.06.2014 02:45:04.277 GMT+0100,1941.621,1941.165,0,0.0002
18.06.2014 02:45:08.683 GMT+0100,1941.619,1941.18,0,0.0002
18.06.2014 02:45:11.686 GMT+0100,1941.904,1941.484,0.0004,0
18.06.2014 02:45:19.497 GMT+0100,1941.913,1941.4920000000002,0.0004,0
18.06.2014 02:45:27.106 GMT+0100,1941.9120000000003,1941.4779999999998,0.0004,0
18.06.2014 02:45:27.207 GMT+0100,1941.6100000000001,1941.171,0,0.0002
18.06.2014 02:45:31.612 GMT+0100,1941.625,1941.19,0,0.0002
18.06.2014 02:45:33.815 GMT+0100,1941.92,1941.4660000000001,0.0004,0
18.06.2014 02:46:02.752 GMT+0100,1941.939,1941.4820000000002,0.0004,0
18.06.2014 02:46:42.226 GMT+0100,1941.9270000000001,1941.496,0.0004,0
18.06.2014 02:46:58.922 GMT+0100,1941.913,1941.47,0.0004,0
18.06.2014 02:47:13.241 GMT+0100,1941.9260000000002,1941.497,0.0004,0.0001
18.06.2014 02:47:20.851 GMT+0100,1941.9260000000002,1941.494,0.0004,0.0002
18.06.2014 02:47:44.381 GMT+0100,1941.9360000000001,1941.4920000000002,0.0004,0.0002
18.06.2014 02:48:01.502 GMT+0100,1941.9379999999999,1941.47,0.0004,0.0002
18.06.2014 02:48:04.806 GMT+0100,1941.924,1941.479,0.0003,0.0002
18.06.2014 02:48:46.060 GMT+0100,1941.941,1941.4720000000002,0.0003,0.0002
18.06.2014 02:49:01.481 GMT+0100,1941.943,1941.4750000000001,0.0003,0.0002
18.06.2014 02:49:18.503 GMT+0100,1941.905,1941.477,0.0003,0.0002
18.06.2014 02:49:34.824 GMT+0100,1941.905,1941.497,0.0003,0.0002
18.06.2014 02:49:49.143 GMT+0100,1941.9270000000001,1941.47,0.0003,0.0002
18.06.2014 02:50:00.657 GMT+0100,1941.91,1941.4750000000001,0.0003,0.0002
18.06.2014 02:50:04.866 GMT+0100,1941.9089999999999,1941.467,0.0003,0.0002
18.06.2014 02:50:35.504 GMT+0100,1941.934,1941.471,0.0003,0.0002
18.06.2014 02:50:55.630 GMT+0100,1941.923,1941.4650000000001,0.0003,0.0002
18.06.2014 02:51:14.354 GMT+0100,1941.9360000000001,1941.471,0.0002,0.0002
18.06.2014 02:51:34.980 GMT+0100,1941.9070000000002,1941.489,0.0002,0.0002
18.06.2014 02:52:01.614 GMT+0100,1941.9379999999999,1941.474,0.0002,0.0002
18.06.2014 02:52:14.128 GMT+0100,1941.91,1941.49,0.0002,0.0002
18.06.2014 02:52:34.754 GMT+0100,1941.924,1941.481,0.0002,0.0002
18.06.2014 02:52:45.067 GMT+0100,1941.933,1941.487,0.0002,0.0002
18.06.2014 02:52:51.775 GMT+0100,1941.9420000000002,1941.4750000000001,0.0002,0.0002
18.06.2014 02:53:01.387 GMT+0100,1941.9370000000001,1941.477,0.0002,0.0002
18.06.2014 02:53:11.299 GMT+0100,1942.108,1941.6589999999999,0.0006,0.0001
18.06.2014 02:53:29.221 GMT+0100,1942.124,1941.684,0.0006,0
18.06.2014 02:53:34.728 GMT+0100,1942.1270000000002,1941.6960000000001,0.0006,0
18.06.2014 02:53:36.330 GMT+0100,1941.9089999999999,1941.494,0,0.0002
18.06.2014 02:53:48.645 GMT+0100,1941.9060000000002,1941.459,0,0.0002
18.06.2014 02:54:01.961 GMT+0100,1941.918,1941.493,0,0.0002
18.06.2014 02:54:16.278 GMT+0100,1941.9279999999999,1941.46,0,0.0002
18.06.2014 02:54:25.390 GMT+0100,1941.931,1941.469,0,0.0002
18.06.2014 02:54:34.701 GMT+0100,1941.9379999999999,1941.483,0,0.0002
18.06.2014 02:54:45.714 GMT+0100,1941.918,1941.4779999999998,0,0.0002
18.06.2014 02:54:45.914 GMT+0100,1942.109,1941.663,0.0006,0
18.06.2014 02:54:51.220 GMT+0100,1942.1170000000002,1941.67,0.0006,0
18.06.2014 02:54:54.823 GMT+0100,1942.1029999999998,1941.671,0.0006,0
18.06.2014 02:54:55.124 GMT+0100,1941.918,1941.4979999999998,0,0.0002
18.06.2014 02:54:56.125 GMT+0100,1942.1229999999998,1941.66,0.0006,0
18.06.2014 02:54:58.128 GMT+0100,1942.014,1941.586,0.0006,0.0002
18.06.2014 02:55:00.431 GMT+0100,1942.019,1941.596,0.0006,0.0002
18.06.2014 02:55:04.842 GMT+0100,1942.13,1941.694,0.0006,0
18.06.2014 02:55:05.844 GMT+0100,1942.0339999999999,1941.5720000000001,0.0006,0.0002
18.06.2014 02:55:11.852 GMT+0100,1941.9260000000002,1941.463,0,0.0002
18.06.2014 02:55:33.378 GMT+0100,1941.914,1941.484,0,0.0002
18.06.2014 02:55:41.989 GMT+0100,1941.9260000000002,1941.457,0,0.0002
18.06.2014 02:55:54.505 GMT+0100,1941.9170000000001,1941.4750000000001,0,0.0002
18.06.2014 02:56:02.215 GMT+0100,1941.9060000000002,1941.457,0,0.0002
18.06.2014 02:56:16.833 GMT+0100,1941.9160000000002,1941.4879999999998,0,0.0002
18.06.2014 02:56:22.440 GMT+0100,1941.939,1941.479,0,0.0002
18.06.2014 02:56:36.558 GMT+0100,1942.01,1941.5620000000001,0.0006,0.0002
18.06.2014 02:56:37.560 GMT+0100,1942.138,1941.6760000000002,0.0006,0
18.06.2014 02:56:37.660 GMT+0100,1942.005,1941.596,0.0006,0.0002
18.06.2014 02:56:48.011 GMT+0100,1942.128,1941.6970000000001,0.0006,0
18.06.2014 02:57:30.927 GMT+0100,1942.105,1941.6820000000002,0.0005,0
18.06.2014 02:57:54.354 GMT+0100,1942.102,1941.6670000000001,0.0005,0
18.06.2014 02:58:06.869 GMT+0100,1942.1370000000002,1941.675,0.0005,0
18.06.2014 02:58:59.430 GMT+0100,1942.108,1941.671,0.0005,0.0001
18.06.2014 02:59:29.966 GMT+0100,1942.134,1941.6920000000002,0.0005,0.0001
18.06.2014 02:59:41.679 GMT+0100,1942.122,1941.694,0.0005,0.0001
18.06.2014 02:59:49.889 GMT+0100,1942.142,1941.691,0.0005,0.0001
18.06.2014 03:00:34.642 GMT+0100,1942.121,1941.6879999999999,0.0005,0.0001
18.06.2014 03:01:07.383 GMT+0100,1942.1260000000002,1941.6620000000003,0.0005,0.0001
18.06.2014 03:01:41.347 GMT+0100,1942.141,1941.66,0.0005,0.0001
18.06.2014 03:02:26.804 GMT+0100,1942.135,1941.6870000000001,0.0005,0.0001
18.06.2014 03:02:31.710 GMT+0100,1942.13,1941.693,0.0005,0.0001
18.06.2014 03:02:41.861 GMT+0100,1941.934,1941.463,0,0.0002
18.06.2014 03:02:45.030 GMT+0100,1942.0220000000002,1941.569,0.0005,0.0002
18.06.2014 03:02:45.430 GMT+0100,1942.108,1941.679,0.0005,0
18.06.2014 03:03:03.955 GMT+0100,1942.121,1941.683,0.0005,0
18.06.2014 03:03:19.174 GMT+0100,1942.1200000000001,1941.6720000000003,0.0005,0
18.06.2014 03:03:40.002 GMT+0100,1942.124,1941.694,0.0005,0
18.06.2014 03:04:04.933 GMT+0100,1942.112,1941.6879999999999,0.0005,0
18.06.2014 03:04:10.039 GMT+0100,1942.122,1941.685,0.0005,0.0002
18.06.2014 03:04:31.968 GMT+0100,1942.132,1941.6660000000002,0.0003,0
18.06.2014 03:04:55.397 GMT+0100,1942.119,1941.683,0.0003,0
18.06.2014 03:05:00.203 GMT+0100,1942.138,1941.671,0.0004,0
18.06.2014 03:05:04.716 GMT+0100,1942.142,1941.6770000000001,0.0004,0
18.06.2014 03:06:16.408 GMT+0100,1942.122,1941.661,0.0004,0
18.06.2014 03:06:23.617 GMT+0100,1941.918,1941.46,0,0.0002
18.06.2014 03:06:31.226 GMT+0100,1941.9270000000001,1941.467,0,0.0002
18.06.2014 03:06:34.931 GMT+0100,1941.9360000000001,1941.4820000000002,0,0.0002
18.06.2014 03:08:16.258 GMT+0100,1941.941,1941.493,0,0.0002
18.06.2014 03:08:23.067 GMT+0100,1941.9379999999999,1941.459,0,0.0002
18.06.2014 03:08:31.478 GMT+0100,1941.925,1941.489,0,0.0002
18.06.2014 03:08:49.702 GMT+0100,1941.9270000000001,1941.4879999999998,0,0.0002
18.06.2014 03:09:12.631 GMT+0100,1941.925,1941.471,0,0.0002
18.06.2014 03:09:47.874 GMT+0100,1941.9089999999999,1941.484,0,0.0002
18.06.2014 03:09:52.780 GMT+0100,1941.913,1941.474,0,0.0002
18.06.2014 03:10:18.915 GMT+0100,1941.923,1941.4679999999998,0,0.0002
18.06.2014 03:10:37.439 GMT+0100,1941.94,1941.461,0,0.0002
18.06.2014 03:11:02.073 GMT+0100,1941.903,1941.4679999999998,0,0.0002
18.06.2014 03:11:28.207 GMT+0100,1941.918,1941.46,0,0.0002
18.06.2014 03:12:16.664 GMT+0100,1941.925,1941.481,0,0.0002
18.06.2014 03:12:34.384 GMT+0100,1941.9170000000001,1941.4650000000001,0,0.0002
18.06.2014 03:13:18.737 GMT+0100,1941.902,1941.459,0,0.0002
18.06.2014 03:13:26.547 GMT+0100,1941.931,1941.4679999999998,0,0.0002
18.06.2014 03:13:38.760 GMT+0100,1941.924,1941.4720000000002,0,0.0002
18.06.2014 03:13:57.481 GMT+0100,1941.9260000000002,1941.4650000000001,0,0.0002
18.06.2014 03:14:13.000 GMT+0100,1941.933,1941.46,0,0.0002
18.06.2014 03:14:45.437 GMT+0100,1941.9360000000001,1941.4579999999999,0,0.0002
18.06.2014 03:14:55.850 GMT+0100,1941.904,1941.4950000000001,0,0.0002
18.06.2014 03:15:30.191 GMT+0100,1941.914,1941.493,0,0.0002
18.06.2014 03:15:36.700 GMT+0100,1942.115,1941.6960000000001,0.0004,0
18.06.2014 03:16:16.249 GMT+0100,1942.115,1941.683,0.0004,0.0001
18.06.2014 03:16:27.262 GMT+0100,1942.1229999999998,1941.664,0.0004,0.0001
18.06.2014 03:16:42.580 GMT+0100,1942.1329999999998,1941.693,0.0003,0
18.06.2014 03:17:06.210 GMT+0100,1942.131,1941.6760000000002,0.0003,0
18.06.2014 03:18:13.789 GMT+0100,1942.1200000000001,1941.693,0.0003,0
18.06.2014 03:18:18.295 GMT+0100,1942.135,1941.689,0.0003,0
18.06.2014 03:18:34.614 GMT+0100,1942.1129999999998,1941.6879999999999,0.0003,0
18.06.2014 03:18:51.235 GMT+0100,1942.1029999999998,1941.67,0.0003,0
18.06.2014 03:19:09.658 GMT+0100,1942.1070000000002,1941.683,0.0003,0.0001
18.06.2014 03:19:30.283 GMT+0100,1942.141,1941.69,0.0003,0.0001
18.06.2014 03:19:48.305 GMT+0100,1942.119,1941.6970000000001,0.0003,0.0001
18.06.2014 03:20:14.651 GMT+0100,1942.1229999999998,1941.6689999999999,0.0003,0.0001
18.06.2014 03:20:20.256 GMT+0100,1942.1360000000002,1941.6870000000001,0.0003,0.0001
18.06.2014 03:20:36.076 GMT+0100,1942.139,1941.6770000000001,0.0003,0.0001
18.06.2014 03:20:42.284 GMT+0100,1942.1360000000002,1941.6970000000001,0.0003,0.0001
18.06.2014 03:21:03.312 GMT+0100,1942.1129999999998,1941.69,0.0003,0.0001
18.06.2014 03:21:39.758 GMT+0100,1942.125,1941.6589999999999,0.0003,0.0001
18.06.2014 03:21:47.767 GMT+0100,1942.116,1941.6770000000001,0.0003,0.0001
18.06.2014 03:21:54.376 GMT+0100,1942.129,1941.6960000000001,0.0003,0.0001
18.06.2014 03:22:29.919 GMT+0100,1942.135,1941.675,0.0003,0.0001
18.06.2014 03:22:34.726 GMT+0100,1942.138,1941.683,0.0003,0.0001
18.06.2014 03:22:43.036 GMT+0100,1942.121,1941.6720000000003,0.0003,0.0001
18.06.2014 03:23:01.460 GMT+0100,1942.112,1941.665,0.0003,0.0001
18.06.2014 03:23:04.764 GMT+0100,1942.111,1941.6760000000002,0.0003,0.0001
18.06.2014 03:23:11.673 GMT+0100,1942.1229999999998,1941.683,0.0003,0.0001
18.06.2014 03:23:23.789 GMT+0100,1942.129,1941.675,0.0003,0.0001
18.06.2014 03:24:22.369 GMT+0100,1942.1070000000002,1941.68,0.0003,0.0001
18.06.2014 03:24:49.302 GMT+0100,1942.115,1941.683,0.0002,0.0002
18.06.2014 03:25:12.331 GMT+0100,1942.106,1941.67,0.0002,0.0002
18.06.2014 03:25:43.070 GMT+0100,1942.14,1941.674,0.0002,0.0002
18.06.2014 03:26:06.300 GMT+0100,1942.106,1941.6979999999999,0.0002,0.0002
18.06.2014 03:26:20.117 GMT+0100,1942.129,1941.6920000000002,0.0002,0.0002
18.06.2014 03:26:24.322 GMT+0100,1942.106,1941.69,0.0002,0.0002
18.06.2014 03:26:30.230 GMT+0100,1942.1329999999998,1941.679,0.0002,0.0002
18.06.2014 03:27:10.281 GMT+0100,1942.105,1941.6879999999999,0.0002,0.0002
18.06.2014 03:27:13.885 GMT+0100,1942.1360000000002,1941.679,0.0002,0.0002
18.06.2014 03:27:18.291 GMT+0100,1942.1129999999998,1941.683,0.0002,0.0002
18.06.2014 03:27:27.204 GMT+0100,1942.1129999999998,1941.661,0.0002,0.0002
18.06.2014 03:27:35.114 GMT+0100,1942.1360000000002,1941.658,0.0002,0.0002
18.06.2014 03:27:49.633 GMT+0100,1942.1229999999998,1941.67,0.0002,0.0002
18.06.2014 03:28:04.248 GMT+0100,1942.1100000000001,1941.6870000000001,0.0002,0.0002
18.06.2014 03:28:16.663 GMT+0100,1942.131,1941.683,0.0002,0.0002
18.06.2014 03:28:42.790 GMT+0100,1942.108,1941.694,0.0002,0.0002
18.06.2014 03:28:46.093 GMT+0100,1942.1260000000002,1941.69,0.0002,0.0002
18.06.2014 03:29:30.540 GMT+0100,1942.121,1941.694,0.0001,0.0002
18.06.2014 03:29:52.264 GMT+0100,1942.111,1941.673,0.0001,0.0002
18.06.2014 03:30:18.298 GMT+0100,1942.139,1941.683,0.0001,0.0002
18.06.2014 03:30:35.017 GMT+0100,1942.1170000000002,1941.6720000000003,0.0001,0.0002
18.06.2014 03:30:53.236 GMT+0100,1942.111,1941.681,0.0001,0.0002
18.06.2014 03:31:00.344 GMT+0100,1942.1170000000002,1941.68,0.0001,0.0002
18.06.2014 03:31:12.257 GMT+0100,1942.1100000000001,1941.6860000000001,0.0001,0.0002
18.06.2014 03:31:28.274 GMT+0100,1942.1360000000002,1941.6689999999999,0.0001,0.0002
18.06.2014 03:31:38.085 GMT+0100,1942.124,1941.684,0,0.0002
18.06.2014 03:32:05.014 GMT+0100,1942.124,1941.658,0,0.0002
18.06.2014 03:32:30.940 GMT+0100,1942.4379999999999,1941.971,0.0005,0.0002
18.06.2014 03:32:46.856 GMT+0100,1942.444,1941.981,0.0005,0.0002
18.06.2014 03:32:57.468 GMT+0100,1942.434,1941.997,0.0005,0.0002
18.06.2014 03:33:50.827 GMT+0100,1942.424,1941.969,0.0005,0.0002
18.06.2014 03:33:54.231 GMT+0100,1942.441,1941.997,0.0005,0.0002
18.06.2014 03:34:06.244 GMT+0100,1942.439,1941.9660000000001,0.0004,0.0002
18.06.2014 03:34:12.251 GMT+0100,1942.4279999999999,1941.979,0.0004,0.0002
18.06.2014 03:34:35.176 GMT+0100,1942.4089999999999,1941.967,0.0004,0.0002
18.06.2014 03:34:48.193 GMT+0100,1942.41,1941.967,0.0004,0.0002
18.06.2014 03:34:57.905 GMT+0100,1942.425,1941.9920000000002,0.0004,0.0002
18.06.2014 03:35:10.227 GMT+0100,1942.413,1941.974,0.0004,0.0002
18.06.2014 03:35:24.245 GMT+0100,1942.413,1941.9879999999998,0.0004,0.0002
18.06.2014 03:36:07.299 GMT+0100,1942.4420000000002,1941.973,0.0004,0.0002
18.06.2014 03:36:18.213 GMT+0100,1942.4220000000003,1941.979,0.0004,0.0002
18.06.2014 03:36:34.533 GMT+0100,1942.4060000000002,1941.9820000000002,0.0004,0.0002
18.06.2014 03:36:39.438 GMT+0100,1942.425,1941.963,0.0004,0.0002
18.06.2014 03:36:54.255 GMT+0100,1942.4060000000002,1941.979,0.0004,0.0002
18.06.2014 03:37:04.668 GMT+0100,1942.411,1941.981,0.0004,0.0002
18.06.2014 03:37:12.277 GMT+0100,1942.431,1941.997,0.0004,0.0002
18.06.2014 03:37:19.687 GMT+0100,1942.43,1941.983,0.0004,0.0002
18.06.2014 03:37:33.904 GMT+0100,1942.403,1941.959,0.0004,0.0002
18.06.2014 03:38:03.341 GMT+0100,1942.415,1941.979,0.0004,0.0002
18.06.2014 03:38:10.050 GMT+0100,1942.4170000000001,1941.98,0.0004,0.0002
18.06.2014 03:38:42.189 GMT+0100,1942.44,1941.967,0.0004,0.0002
18.06.2014 03:38:59.710 GMT+0100,1942.413,1941.997,0.0004,0.0002
18.06.2014 03:39:05.017 GMT+0100,1942.404,1941.971,0.0004,0.0002
18.06.2014 03:39:09.422 GMT+0100,1942.4270000000001,1941.969,0.0004,0.0002
18.06.2014 03:39:34.955 GMT+0100,1942.429,1941.971,0.0003,0.0002
18.06.2014 03:39:57.482 GMT+0100,1942.4270000000001,1941.993,0.0003,0.0002
18.06.2014 03:40:01.797 GMT+0100,1942.4320000000002,1941.96,0.0003,0.0002
18.06.2014 03:40:30.233 GMT+0100,1942.431,1941.997,0.0003,0.0002
18.06.2014 03:40:43.549 GMT+0100,1942.44,1941.971,0.0003,0.0002
18.06.2014 03:40:58.767 GMT+0100,1942.418,1941.986,0.0003,0.0002
18.06.2014 03:41:16.188 GMT+0100,1942.4420000000002,1941.9660000000001,0.0003,0.0002
18.06.2014 03:41:30.305 GMT+0100,1942.4370000000001,1941.9579999999999,0.0003,0.0002
18.06.2014 03:41:50.029 GMT+0100,1942.421,1941.994,0.0003,0.0002
18.06.2014 03:42:00.242 GMT+0100,1942.434,1941.997,0.0003,0.0002
18.06.2014 03:42:04.648 GMT+0100,1942.4070000000002,1941.9750000000001,0.0003,0.0002
18.06.2014 03:42:18.265 GMT+0100,1942.423,1941.971,0.0003,0.0002
18.06.2014 03:42:34.987 GMT+0100,1942.425,1941.961,0.0003,0.0002
18.06.2014 03:42:44.599 GMT+0100,1942.4370000000001,1941.9750000000001,0.0003,0.0002
18.06.2014 03:42:57.616 GMT+0100,1942.424,1941.993,0.0003,0.0002
18.06.2014 03:43:24.350 GMT+0100,1942.4260000000002,1941.997,0.0003,0.0002
18.06.2014 03:43:36.965 GMT+0100,1942.441,1941.989,0.0003,0.0002
18.06.2014 03:43:58.192 GMT+0100,1942.43,1941.9920000000002,0.0003,0.0002
18.06.2014 03:44:12.510 GMT+0100,1942.413,1941.973,0.0003,0.0002
18.06.2014 03:44:41.547 GMT+0100,1942.411,1941.9920000000002,0.0002,0.0003
18.06.2014 03:45:27.411 GMT+0100,1942.4220000000003,1941.9920000000002,0.0002,0.0003
18.06.2014 03:45:51.341 GMT+0100,1942.4189999999999,1941.97,0.0002,0.0003
18.06.2014 03:46:19.376 GMT+0100,1942.414,1941.991,0.0002,0.0003
18.06.2014 03:46:30.289 GMT+0100,1942.44,1941.989,0.0002,0.0003
18.06.2014 03:46:47.311 GMT+0100,1942.431,1941.971,0.0002,0.0003
18.06.2014 03:47:04.833 GMT+0100,1942.4120000000003,1941.967,0.0002,0.0002
18.06.2014 03:47:47.987 GMT+0100,1942.411,1941.971,0.0002,0.0003
18.06.2014 03:48:39.852 GMT+0100,1942.405,1941.996,0.0002,0.0003
18.06.2014 03:48:46.361 GMT+0100,1942.414,1941.973,0.0002,0.0003
18.06.2014 03:49:09.089 GMT+0100,1942.433,1941.9850000000001,0.0002,0.0003
18.06.2014 03:49:12.294 GMT+0100,1942.405,1941.9679999999998,0.0002,0.0003
18.06.2014 03:49:28.914 GMT+0100,1942.439,1941.984,0.0002,0.0003
18.06.2014 03:50:03.163 GMT+0100,1942.431,1941.961,0.0002,0.0003
18.06.2014 03:50:37.604 GMT+0100,1942.431,1941.9660000000001,0.0002,0.0003
18.06.2014 03:51:00.230 GMT+0100,1942.4189999999999,1941.9660000000001,0.0002,0.0003
18.06.2014 03:51:25.559 GMT+0100,1942.4120000000003,1941.9850000000001,0.0002,0.0003
18.06.2014 03:51:46.282 GMT+0100,1942.411,1941.977,0.0002,0.0003
18.06.2014 03:51:54.191 GMT+0100,1942.414,1941.9660000000001,0.0002,0.0003
18.06.2014 03:52:00.699 GMT+0100,1942.4279999999999,1941.9720000000002,0.0002,0.0003
18.06.2014 03:52:05.704 GMT+0100,1942.421,1941.9679999999998,0.0002,0.0003
18.06.2014 03:52:36.740 GMT+0100,1942.4360000000001,1941.991,0.0002,0.0003
18.06.2014 03:52:43.949 GMT+0100,1942.4160000000002,1941.984,0.0002,0.0003
18.06.2014 03:53:02.970 GMT+0100,1942.408,1941.973,0.0002,0.0003
18.06.2014 03:53:34.207 GMT+0100,1942.43,1941.9779999999998,0.0001,0.0003
18.06.2014 03:53:39.112 GMT+0100,1942.4379999999999,1941.9879999999998,0.0001,0.0003
18.06.2014 03:53:52.729 GMT+0100,1942.424,1941.9879999999998,0.0001,0.0003
18.06.2014 03:54:11.749 GMT+0100,1942.415,1941.963,0.0001,0.0003
18.06.2014 03:54:23.662 GMT+0100,1942.4189999999999,1941.967,0.0001,0.0003
18.06.2014 03:55:00.506 GMT+0100,1942.443,1941.9679999999998,0.0001,0.0003
18.06.2014 03:55:12.323 GMT+0100,1942.4260000000002,1941.974,0.0001,0.0003
18.06.2014 03:55:18.931 GMT+0100,1942.4189999999999,1941.959,0.0001,0.0003
18.06.2014 03:55:22.135 GMT+0100,1942.4279999999999,1941.96,0.0001,0.0003
18.06.2014 03:55:35.549 GMT+0100,1942.4420000000002,1941.9950000000001,0.0001,0.0003
18.06.2014 03:55:48.364 GMT+0100,1942.433,1941.9650000000001,0.0001,0.0003
18.06.2014 03:56:09.989 GMT+0100,1942.6200000000001,1942.1770000000001,0.0004,0.0002
18.06.2014 03:56:36.521 GMT+0100,1942.639,1942.18,0.0004,0.0003
18.06.2014 03:56:45.832 GMT+0100,1942.605,1942.168,0.0004,0.0003
18.06.2014 03:56:56.946 GMT+0100,1942.6100000000001,1942.19,0.0004,0.0003
18.06.2014 03:57:36.297 GMT+0100,1942.614,1942.1960000000001,0.0003,0.0003
18.06.2014 03:57:54.319 GMT+0100,1942.612,1942.168,0.0003,0.0003
18.06.2014 03:57:59.024 GMT+0100,1942.616,1942.16,0.0003,0.0003
18.06.2014 03:58:12.341 GMT+0100,1942.6100000000001,1942.193,0.0003,0.0003
18.06.2014 03:58:15.745 GMT+0100,1942.616,1942.1970000000001,0.0003,0.0003
18.06.2014 03:58:23.754 GMT+0100,1942.616,1942.185,0.0003,0.0003
18.06.2014 03:59:06.308 GMT+0100,1942.639,1942.1820000000002,0.0003,0.0003
18.06.2014 03:59:15.219 GMT+0100,1942.638,1942.179,0.0003,0.0003
18.06.2014 03:59:26.133 GMT+0100,1942.622,1942.1770000000001,0.0003,0.0003
18.06.2014 03:59:34.343 GMT+0100,1942.629,1942.171,0.0003,0.0003
18.06.2014 03:59:52.065 GMT+0100,1942.6029999999998,1942.1960000000001,0.0003,0.0003
18.06.2014 04:00:31.417 GMT+0100,1942.618,1942.19,0.0003,0.0003
18.06.2014 04:00:53.846 GMT+0100,1942.609,1942.193,0.0003,0.0003
18.06.2014 04:01:47.215 GMT+0100,1942.621,1942.193,0.0003,0.0003
18.06.2014 04:02:12.645 GMT+0100,1942.619,1942.17,0.0003,0.0003
18.06.2014 04:02:17.551 GMT+0100,1942.606,1942.165,0.0003,0.0003
18.06.2014 04:02:32.977 GMT+0100,1942.609,1942.179,0.0003,0.0003
18.06.2014 04:02:57.810 GMT+0100,1942.632,1942.1920000000002,0.0003,0.0003
18.06.2014 04:03:40.463 GMT+0100,1942.6070000000002,1942.161,0.0003,0.0003
18.06.2014 04:03:50.676 GMT+0100,1942.6270000000002,1942.164,0.0003,0.0003
18.06.2014 04:03:58.185 GMT+0100,1942.63,1942.1960000000001,0.0003,0.0003
18.06.2014 04:04:05.394 GMT+0100,1942.6029999999998,1942.175,0.0003,0.0003
18.06.2014 04:04:19.612 GMT+0100,1942.619,1942.1620000000003,0.0003,0.0003
18.06.2014 04:04:26.921 GMT+0100,1942.6070000000002,1942.1870000000001,0.0003,0.0003
18.06.2014 04:04:37.534 GMT+0100,1942.6370000000002,1942.194,0.0003,0.0003
18.06.2014 04:04:47.548 GMT+0100,1942.6029999999998,1942.1670000000001,0.0003,0.0003
18.06.2014 04:04:56.357 GMT+0100,1942.614,1942.16,0.0003,0.0003
18.06.2014 04:05:05.576 GMT+0100,1942.606,1942.189,0.0003,0.0003
18.06.2014 04:05:15.189 GMT+0100,1942.625,1942.163,0.0003,0.0003
18.06.2014 04:05:40.722 GMT+0100,1942.6129999999998,1942.1660000000002,0.0002,0.0003
18.06.2014 04:05:54.940 GMT+0100,1942.615,1942.1689999999999,0.0001,0.0003
18.06.2014 04:06:00.246 GMT+0100,1942.6270000000002,1942.165,0.0001,0.0003
18.06.2014 04:06:18.267 GMT+0100,1942.639,1942.19,0.0001,0.0003
18.06.2014 04:06:34.085 GMT+0100,1942.604,1942.195,0.0001,0.0003
18.06.2014 04:06:36.689 GMT+0100,1942.9320000000002,1942.4750000000001,0.0005,0.0001
18.06.2014 04:07:21.245 GMT+0100,1942.924,1942.484,0.0004,0.0004
18.06.2014 04:07:29.956 GMT+0100,1942.9279999999999,1942.4579999999999,0.0004,0.0004
18.06.2014 04:07:43.073 GMT+0100,1942.9160000000002,1942.487,0.0004,0.0004
18.06.2014 04:08:06.201 GMT+0100,1942.91,1942.486,0.0004,0.0004
18.06.2014 04:08:24.224 GMT+0100,1942.9420000000002,1942.48,0.0004,0.0004
18.06.2014 04:08:27.729 GMT+0100,1942.908,1942.471,0.0004,0.0004
18.06.2014 04:08:34.337 GMT+0100,1942.921,1942.479,0.0004,0.0004
18.06.2014 04:08:42.247 GMT+0100,1942.9089999999999,1942.48,0.0004,0.0004
18.06.2014 04:08:53.861 GMT+0100,1942.9189999999999,1942.474,0.0004,0.0004
18.06.2014 04:09:07.979 GMT+0100,1942.923,1942.459,0.0003,0.0004
18.06.2014 04:09:31.108 GMT+0100,1942.9160000000002,1942.4779999999998,0,0.0004
18.06.2014 04:09:38.617 GMT+0100,1943.104,1942.674,0.0003,0
18.06.2014 04:09:57.439 GMT+0100,1943.1370000000002,1942.695,0.0002,0.0002
18.06.2014 04:10:00.843 GMT+0100,1943.1129999999998,1942.684,0.0002,0.0002
18.06.2014 04:10:06.251 GMT+0100,1943.104,1942.689,0.0002,0.0002
18.06.2014 04:10:09.856 GMT+0100,1943.1100000000001,1942.6870000000001,0.0002,0.0002
18.06.2014 04:10:33.884 GMT+0100,1943.1370000000002,1942.6620000000003,0.0002,0.0002
18.06.2014 04:10:46.398 GMT+0100,1943.13,1942.67,0.0002,0.0002
18.06.2014 04:11:15.632 GMT+0100,1943.125,1942.6960000000001,0.0002,0.0002
18.06.2014 04:11:39.160 GMT+0100,1943.14,1942.6970000000001,0.0002,0.0002
18.06.2014 04:11:55.680 GMT+0100,1943.1100000000001,1942.679,0.0002,0.0002
18.06.2014 04:12:00.286 GMT+0100,1943.1170000000002,1942.694,0.0002,0.0002
18.06.2014 04:12:13.002 GMT+0100,1943.142,1942.6970000000001,0.0002,0.0002
18.06.2014 04:12:18.308 GMT+0100,1943.125,1942.6620000000003,0.0002,0.0002
18.06.2014 04:12:34.428 GMT+0100,1943.141,1942.6689999999999,0.0002,0.0002
18.06.2014 04:13:12.273 GMT+0100,1943.1170000000002,1942.6589999999999,0.0002,0.0002
18.06.2014 04:13:38.205 GMT+0100,1943.1100000000001,1942.6689999999999,0.0001,0.0002
18.06.2014 04:13:48.317 GMT+0100,1943.129,1942.6689999999999,0.0001,0.0002
18.06.2014 04:13:58.430 GMT+0100,1943.134,1942.679,0.0001,0.0002
18.06.2014 04:14:04.838 GMT+0100,1943.118,1942.6620000000003,0.0001,0.0002
18.06.2014 04:14:13.748 GMT+0100,1943.141,1942.67,0.0001,0.0002
18.06.2014 04:14:51.995 GMT+0100,1943.1270000000002,1942.6589999999999,0.0001,0.0002
18.06.2014 04:15:10.325 GMT+0100,1943.112,1942.6970000000001,0.0001,0.0002
18.06.2014 04:15:13.229 GMT+0100,1943.129,1942.6970000000001,0.0001,0.0002
18.06.2014 04:15:22.041 GMT+0100,1943.116,1942.665,0.0001,0.0002
18.06.2014 04:15:45.169 GMT+0100,1943.128,1942.658,0.0001,0.0002
18.06.2014 04:16:09.198 GMT+0100,1943.141,1942.658,0.0002,0.0002
18.06.2014 04:16:14.605 GMT+0100,1943.1329999999998,1942.6720000000003,0.0002,0.0002
18.06.2014 04:16:40.637 GMT+0100,1943.128,1942.685,0.0002,0.0002
18.06.2014 04:17:14.280 GMT+0100,1943.121,1942.69,0,0.0002
18.06.2014 04:17:19.787 GMT+0100,1943.121,1942.665,0,0.0002
18.06.2014 04:17:39.938 GMT+0100,1943.129,1942.6760000000002,0.0001,0.0002
18.06.2014 04:17:57.738 GMT+0100,1943.141,1942.684,0.0001,0.0002
18.06.2014 04:18:24.471 GMT+0100,1943.112,1942.668,0.0001,0.0002
18.06.2014 04:18:31.179 GMT+0100,1943.119,1942.6720000000003,0.0001,0.0002
18.06.2014 04:18:37.187 GMT+0100,1943.121,1942.664,0.0001,0.0002
18.06.2014 04:19:11.130 GMT+0100,1943.131,1942.68,0.0001,0.0002
18.06.2014 04:19:38.265 GMT+0100,1943.106,1942.6720000000003,0.0001,0.0002
18.06.2014 04:19:55.287 GMT+0100,1943.125,1942.6620000000003,0.0001,0.0002
18.06.2014 04:20:00.693 GMT+0100,1943.134,1942.681,0.0001,0.0002
18.06.2014 04:20:25.727 GMT+0100,1943.112,1942.691,0.0001,0.0002
18.06.2014 04:20:53.963 GMT+0100,1943.128,1942.679,0.0001,0.0002
18.06.2014 04:21:06.179 GMT+0100,1943.1200000000001,1942.6689999999999,0.0001,0.0002
18.06.2014 04:21:23.201 GMT+0100,1943.106,1942.68,0.0001,0.0002
18.06.2014 04:21:29.409 GMT+0100,1943.139,1942.685,0.0001,0.0002
18.06.2014 04:21:35.218 GMT+0100,1943.134,1942.67,0.0001,0.0002
18.06.2014 04:21:50.737 GMT+0100,1943.125,1942.6760000000002,0.0001,0.0002
18.06.2014 04:22:08.360 GMT+0100,1943.104,1942.684,0.0002,0.0002
18.06.2014 04:22:19.774 GMT+0100,1943.119,1942.67,0.0002,0.0002
18.06.2014 04:22:31.990 GMT+0100,1942.933,1942.469,0,0.0004
18.06.2014 04:22:45.907 GMT+0100,1942.939,1942.4679999999998,0,0.0004
18.06.2014 04:22:54.418 GMT+0100,1943.129,1942.694,0.0003,0
18.06.2014 04:23:04.031 GMT+0100,1942.92,1942.494,0,0.0004
18.06.2014 04:23:04.532 GMT+0100,1943.0339999999999,1942.5710000000001,0.0003,0.0004
18.06.2014 04:23:12.342 GMT+0100,1943.1329999999998,1942.671,0.0003,0
18.06.2014 04:23:27.261 GMT+0100,1942.9189999999999,1942.4820000000002,0.0001,0.0003
18.06.2014 04:23:54.996 GMT+0100,1942.941,1942.477,0.0001,0.0003
18.06.2014 04:24:30.335 GMT+0100,1942.9420000000002,1942.493,0.0001,0.0003
18.06.2014 04:24:36.744 GMT+0100,1942.9279999999999,1942.463,0.0001,0.0003
18.06.2014 04:25:03.481 GMT+0100,1943.1170000000002,1942.663,0.0002,0
18.06.2014 04:25:39.022 GMT+0100,1943.122,1942.681,0.0002,0.0001
18.06.2014 04:26:11.563 GMT+0100,1943.125,1942.6620000000003,0.0002,0
18.06.2014 04:26:15.068 GMT+0100,1943.138,1942.673,0.0002,0
18.06.2014 04:26:18.472 GMT+0100,1943.106,1942.6660000000002,0.0002,0
18.06.2014 04:26:24.980 GMT+0100,1943.106,1942.694,0.0002,0
18.06.2014 04:27:12.940 GMT+0100,1943.1129999999998,1942.679,0.0002,0.0001
18.06.2014 04:27:24.855 GMT+0100,1943.135,1942.6779999999999,0.0002,0
18.06.2014 04:27:57.996 GMT+0100,1943.1170000000002,1942.679,0.0002,0
18.06.2014 04:28:12.815 GMT+0100,1943.128,1942.6820000000002,0.0002,0
18.06.2014 04:28:34.744 GMT+0100,1943.1229999999998,1942.683,0.0002,0.0001
18.06.2014 04:28:38.148 GMT+0100,1943.105,1942.673,0.0002,0.0001
18.06.2014 04:28:46.059 GMT+0100,1943.109,1942.684,0.0002,0.0001
18.06.2014 04:28:55.871 GMT+0100,1943.1329999999998,1942.695,0.0002,0.0001
18.06.2014 04:29:29.109 GMT+0100,1943.1029999999998,1942.679,0.0002,0.0001
18.06.2014 04:29:32.713 GMT+0100,1943.115,1942.6920000000002,0.0002,0.0001
18.06.2014 04:29:57.246 GMT+0100,1942.9089999999999,1942.4679999999998,0,0.0004
18.06.2014 04:30:16.174 GMT+0100,1942.9420000000002,1942.4679999999998,0.0001,0.0003
18.06.2014 04:30:29.993 GMT+0100,1942.941,1942.46,0.0001,0.0003
18.06.2014 04:30:52.523 GMT+0100,1942.9260000000002,1942.469,0.0001,0.0003
18.06.2014 04:31:18.058 GMT+0100,1942.939,1942.477,0.0001,0.0003
18.06.2014 04:31:27.070 GMT+0100,1943.134,1942.6760000000002,0.0002,0.0002
18.06.2014 04:31:31.876 GMT+0100,1943.114,1942.693,0.0002,0.0002
18.06.2014 04:31:54.705 GMT+0100,1943.142,1942.689,0.0002,0.0002
18.06.2014 04:32:00.313 GMT+0100,1943.135,1942.685,0.0002,0.0002
18.06.2014 04:32:18.136 GMT+0100,1943.121,1942.69,0.0002,0.0002
18.06.2014 04:32:22.440 GMT+0100,1943.141,1942.6689999999999,0.0002,0.0002
18.06.2014 04:32:33.254 GMT+0100,1943.104,1942.69,0.0002,0.0002
18.06.2014 04:32:52.680 GMT+0100,1943.122,1942.694,0.0002,0.0002
18.06.2014 04:33:05.796 GMT+0100,1943.1260000000002,1942.6870000000001,0.0002,0.0002
18.06.2014 04:33:10.202 GMT+0100,1943.1170000000002,1942.69,0.0002,0.0002
18.06.2014 04:33:45.245 GMT+0100,1943.109,1942.6720000000003,0.0002,0.0002
18.06.2014 04:33:51.152 GMT+0100,1943.1170000000002,1942.6670000000001,0.0001,0.0002
18.06.2014 04:34:09.076 GMT+0100,1943.1229999999998,1942.691,0.0001,0.0002
18.06.2014 04:34:19.289 GMT+0100,1943.1170000000002,1942.6770000000001,0.0001,0.0002
18.06.2014 04:35:21.070 GMT+0100,1942.9220000000003,1942.497,0.0001,0.0003
18.06.2014 04:35:53.410 GMT+0100,1942.904,1942.48,0.0002,0.0003
18.06.2014 04:36:09.732 GMT+0100,1942.9370000000001,1942.496,0.0002,0.0003
18.06.2014 04:36:23.550 GMT+0100,1942.9370000000001,1942.469,0.0001,0.0003
18.06.2014 04:36:39.671 GMT+0100,1942.931,1942.4650000000001,0.0002,0.0003
18.06.2014 04:37:19.215 GMT+0100,1942.911,1942.474,0.0002,0.0003
18.06.2014 04:37:23.921 GMT+0100,1942.9120000000003,1942.4579999999999,0.0002,0.0003
18.06.2014 04:38:16.980 GMT+0100,1942.9270000000001,1942.4660000000001,0.0002,0.0003
18.06.2014 04:38:20.383 GMT+0100,1942.9160000000002,1942.464,0.0002,0.0003
18.06.2014 04:38:38.604 GMT+0100,1942.9260000000002,1942.489,0.0002,0.0003
18.06.2014 04:38:58.755 GMT+0100,1942.9189999999999,1942.489,0.0002,0.0003
18.06.2014 04:39:50.285 GMT+0100,1942.93,1942.4850000000001,0.0002,0.0003
18.06.2014 04:40:47.260 GMT+0100,1942.923,1942.4920000000002,0.0002,0.0003
18.06.2014 04:40:57.272 GMT+0100,1942.941,1942.4820000000002,0.0002,0.0003
18.06.2014 04:41:16.494 GMT+0100,1942.911,1942.487,0.0002,0.0003
18.06.2014 04:41:19.797 GMT+0100,1942.905,1942.48,0.0002,0.0003
18.06.2014 04:42:17.967 GMT+0100,1942.913,1942.479,0.0002,0.0003
18.06.2014 04:42:57.016 GMT+0100,1942.93,1942.463,0.0002,0.0003
18.06.2014 04:43:04.726 GMT+0100,1942.9270000000001,1942.459,0.0002,0.0002
18.06.2014 04:43:25.152 GMT+0100,1942.9170000000001,1942.4650000000001,0.0002,0.0003
18.06.2014 04:43:29.358 GMT+0100,1943.144,1942.685,0.0002,0.0001
18.06.2014 04:43:57.694 GMT+0100,1943.115,1942.6620000000003,0.0002,0.0001
18.06.2014 04:44:03.001 GMT+0100,1942.913,1942.471,0.0002,0.0003
18.06.2014 04:44:10.811 GMT+0100,1942.911,1942.4679999999998,0,0.0003
18.06.2014 04:44:18.621 GMT+0100,1942.92,1942.474,0,0.0003
18.06.2014 04:44:42.951 GMT+0100,1942.934,1942.477,0,0.0003
18.06.2014 04:45:22.801 GMT+0100,1942.923,1942.494,0,0.0003
18.06.2014 04:45:37.719 GMT+0100,1942.9360000000001,1942.481,0,0.0003
18.06.2014 04:45:47.631 GMT+0100,1942.9189999999999,1942.4950000000001,0,0.0003
18.06.2014 04:45:51.837 GMT+0100,1942.9220000000003,1942.46,0,0.0003
18.06.2014 04:45:58.245 GMT+0100,1942.903,1942.49,0,0.0003
18.06.2014 04:46:26.883 GMT+0100,1942.94,1942.464,0,0.0003
18.06.2014 04:46:34.193 GMT+0100,1942.9420000000002,1942.481,0,0.0003
18.06.2014 04:47:11.440 GMT+0100,1942.935,1942.4920000000002,0,0.0003
18.06.2014 04:48:07.911 GMT+0100,1942.921,1942.474,0,0.0003
18.06.2014 04:48:39.450 GMT+0100,1942.92,1942.474,0,0.0003
18.06.2014 04:49:07.686 GMT+0100,1942.9270000000001,1942.4920000000002,0,0.0003
18.06.2014 04:49:38.225 GMT+0100,1942.9089999999999,1942.47,0,0.0003
18.06.2014 04:49:51.943 GMT+0100,1943.1200000000001,1942.693,0.0002,0
18.06.2014 04:50:36.313 GMT+0100,1943.14,1942.66,0.0001,0.0001
18.06.2014 04:50:40.419 GMT+0100,1943.1360000000002,1942.668,0.0001,0.0001
18.06.2014 04:50:54.135 GMT+0100,1943.105,1942.665,0.0001,0.0002
18.06.2014 04:51:14.458 GMT+0100,1943.142,1942.6589999999999,0.0001,0.0001
18.06.2014 04:51:20.565 GMT+0100,1943.104,1942.683,0.0001,0.0002
18.06.2014 04:52:34.256 GMT+0100,1943.119,1942.6720000000003,0.0001,0.0001
18.06.2014 04:52:41.866 GMT+0100,1943.118,1942.6920000000002,0.0001,0.0001
18.06.2014 04:52:49.775 GMT+0100,1943.1360000000002,1942.6689999999999,0.0001,0.0001
18.06.2014 04:52:56.182 GMT+0100,1943.1200000000001,1942.671,0.0001,0.0002
18.06.2014 04:53:00.888 GMT+0100,1943.13,1942.673,0.0001,0.0002
18.06.2014 04:53:20.713 GMT+0100,1943.119,1942.681,0.0001,0.0002
18.06.2014 04:53:52.656 GMT+0100,1942.9060000000002,1942.4920000000002,0,0.0003
18.06.2014 04:53:57.263 GMT+0100,1942.9060000000002,1942.4579999999999,0,0.0003
18.06.2014 04:54:00.267 GMT+0100,1943.109,1942.6779999999999,0,0.0001
18.06.2014 04:54:09.378 GMT+0100,1943.112,1942.6779999999999,0,0.0001
18.06.2014 04:54:42.316 GMT+0100,1943.128,1942.6970000000001,0,0.0001
18.06.2014 04:54:49.525 GMT+0100,1943.115,1942.675,0,0.0001
18.06.2014 04:54:57.933 GMT+0100,1943.119,1942.6589999999999,0,0.0001
18.06.2014 04:55:31.272 GMT+0100,1943.108,1942.6670000000001,0,0.0001
18.06.2014 04:55:38.681 GMT+0100,1943.1070000000002,1942.691,0,0.0001
18.06.2014 04:55:52.797 GMT+0100,1943.1360000000002,1942.6879999999999,0,0.0001
18.06.2014 04:55:56.502 GMT+0100,1943.135,1942.6620000000003,0,0.0001
18.06.2014 04:56:16.925 GMT+0100,1943.118,1942.6620000000003,0.0002,0
18.06.2014 04:56:28.250 GMT+0100,1942.915,1942.47,0,0.0003
18.06.2014 04:56:53.467 GMT+0100,1942.9170000000001,1942.467,0,0.0003
18.06.2014 04:57:06.284 GMT+0100,1942.915,1942.461,0,0.0003
18.06.2014 04:57:15.895 GMT+0100,1942.939,1942.471,0,0.0003
18.06.2014 04:57:34.318 GMT+0100,1942.931,1942.464,0,0.0003
18.06.2014 04:57:37.222 GMT+0100,1943.104,1942.674,0.0002,0.0001
18.06.2014 04:58:05.952 GMT+0100,1943.108,1942.69,0.0002,0.0001
18.06.2014 04:58:19.670 GMT+0100,1943.13,1942.6779999999999,0.0002,0.0001
18.06.2014 04:58:23.175 GMT+0100,1942.931,1942.4920000000002,0,0.0003
18.06.2014 04:58:37.293 GMT+0100,1942.91,1942.487,0,0.0003
18.06.2014 04:58:50.609 GMT+0100,1942.9370000000001,1942.4679999999998,0,0.0003
18.06.2014 04:59:02.923 GMT+0100,1942.9189999999999,1942.461,0,0.0003
18.06.2014 04:59:12.234 GMT+0100,1942.94,1942.47,0,0.0003
18.06.2014 04:59:25.149 GMT+0100,1942.9360000000001,1942.4679999999998,0,0.0003
18.06.2014 04:59:54.883 GMT+0100,1942.9060000000002,1942.4720000000002,0,0.0003
18.06.2014 05:00:09.102 GMT+0100,1942.941,1942.4720000000002,0,0.0003
18.06.2014 05:00:40.158 GMT+0100,1942.914,1942.497,0,0.0003
18.06.2014 05:01:05.792 GMT+0100,1942.9120000000003,1942.4720000000002,0,0.0002
18.06.2014 05:01:30.121 GMT+0100,1942.943,1942.496,0,0.0002
18.06.2014 05:01:38.130 GMT+0100,1942.91,1942.479,0,0.0002
18.06.2014 05:02:08.870 GMT+0100,1942.913,1942.47,0,0.0002
18.06.2014 05:02:12.675 GMT+0100,1942.9270000000001,1942.497,0,0.0002
18.06.2014 05:02:30.998 GMT+0100,1942.9270000000001,1942.467,0,0.0002
18.06.2014 05:02:38.106 GMT+0100,1942.933,1942.4950000000001,0,0.0002
18.06.2014 05:03:06.941 GMT+0100,1942.904,1942.469,0,0.0002
18.06.2014 05:03:30.270 GMT+0100,1942.915,1942.459,0,0.0002
18.06.2014 05:03:33.473 GMT+0100,1942.9360000000001,1942.4920000000002,0,0.0002
18.06.2014 05:03:46.890 GMT+0100,1942.902,1942.476,0,0.0002
18.06.2014 05:03:59.305 GMT+0100,1942.9279999999999,1942.4779999999998,0,0.0002
18.06.2014 05:04:36.353 GMT+0100,1942.905,1942.4650000000001,0,0.0002
18.06.2014 05:04:47.667 GMT+0100,1942.911,1942.476,0,0.0002
18.06.2014 05:05:07.095 GMT+0100,1942.9260000000002,1942.486,0,0.0002
18.06.2014 05:05:21.312 GMT+0100,1942.9060000000002,1942.494,0,0.0002
18.06.2014 05:05:44.240 GMT+0100,1942.911,1942.479,0,0.0002
18.06.2014 05:05:55.355 GMT+0100,1942.918,1942.496,0,0.0002
18.06.2014 05:06:06.570 GMT+0100,1942.924,1942.477,0.0001,0.0002
18.06.2014 05:06:17.184 GMT+0100,1942.924,1942.489,0.0001,0.0002
18.06.2014 05:06:25.895 GMT+0100,1942.9160000000002,1942.491,0.0001,0.0002
18.06.2014 05:06:35.306 GMT+0100,1942.934,1942.494,0.0001,0.0002
18.06.2014 05:06:43.016 GMT+0100,1942.9120000000003,1942.49,0.0001,0.0002
18.06.2014 05:08:35.376 GMT+0100,1942.9170000000001,1942.4579999999999,0.0001,0.0002
18.06.2014 05:08:44.488 GMT+0100,1942.913,1942.473,0.0001,0.0002
18.06.2014 05:08:51.096 GMT+0100,1942.92,1942.493,0.0001,0.0002
18.06.2014 05:09:20.233 GMT+0100,1942.903,1942.489,0.0001,0.0002
18.06.2014 05:09:24.138 GMT+0100,1942.923,1942.484,0.0001,0.0002
18.06.2014 05:09:28.343 GMT+0100,1942.903,1942.461,0.0001,0.0002
18.06.2014 05:10:01.793 GMT+0100,1942.913,1942.4679999999998,0.0001,0.0002
18.06.2014 05:10:11.706 GMT+0100,1942.9360000000001,1942.48,0.0001,0.0002
18.06.2014 05:10:26.324 GMT+0100,1942.921,1942.486,0.0001,0.0002
18.06.2014 05:10:33.733 GMT+0100,1942.935,1942.4620000000002,0.0001,0.0002
18.06.2014 05:10:38.339 GMT+0100,1942.921,1942.4750000000001,0.0001,0.0002
18.06.2014 05:10:50.654 GMT+0100,1942.92,1942.473,0.0001,0.0002
18.06.2014 05:10:57.763 GMT+0100,1942.9060000000002,1942.4750000000001,0.0001,0.0002
18.06.2014 05:11:11.680 GMT+0100,1942.905,1942.4650000000001,0.0001,0.0002
18.06.2014 05:11:19.388 GMT+0100,1942.9170000000001,1942.483,0.0001,0.0002
18.06.2014 05:11:24.894 GMT+0100,1942.908,1942.4579999999999,0.0001,0.0002
18.06.2014 05:12:01.239 GMT+0100,1942.941,1942.4620000000002,0.0001,0.0002
18.06.2014 05:12:41.187 GMT+0100,1942.908,1942.4820000000002,0.0001,0.0002
18.06.2014 05:13:00.011 GMT+0100,1942.9260000000002,1942.48,0.0001,0.0002
18.06.2014 05:13:08.923 GMT+0100,1942.911,1942.4660000000001,0.0001,0.0002
18.06.2014 05:13:21.940 GMT+0100,1942.935,1942.4620000000002,0.0001,0.0002
18.06.2014 05:14:55.854 GMT+0100,1942.9170000000001,1942.4650000000001,0.0001,0.0002
18.06.2014 05:15:03.060 GMT+0100,1942.91,1942.4750000000001,0.0001,0.0002
18.06.2014 05:15:18.579 GMT+0100,1942.903,1942.4650000000001,0.0001,0.0002
18.06.2014 05:15:33.798 GMT+0100,1942.915,1942.483,0.0001,0.0002
18.06.2014 05:15:47.615 GMT+0100,1942.9070000000002,1942.486,0.0001,0.0002
18.06.2014 05:16:38.478 GMT+0100,1943.1260000000002,1942.66,0.0003,0
18.06.2014 05:16:40.681 GMT+0100,1942.925,1942.491,0,0.0003
18.06.2014 05:16:44.286 GMT+0100,1942.929,1942.487,0,0.0003
18.06.2014 05:16:51.497 GMT+0100,1943.134,1942.6589999999999,0.0003,0
18.06.2014 05:16:52.798 GMT+0100,1943.028,1942.576,0.0003,0.0003
18.06.2014 05:17:28.543 GMT+0100,1942.93,1942.496,0,0.0003
18.06.2014 05:17:46.866 GMT+0100,1942.933,1942.469,0,0.0002
18.06.2014 05:18:01.986 GMT+0100,1943.105,1942.6779999999999,0.0003,0
18.06.2014 05:18:02.186 GMT+0100,1943.04,1942.584,0.0003,0.0003
18.06.2014 05:18:02.386 GMT+0100,1943.135,1942.6870000000001,0.0003,0
18.06.2014 05:18:02.887 GMT+0100,1943.025,1942.5870000000002,0.0003,0.0003
18.06.2014 05:18:03.188 GMT+0100,1943.112,1942.6879999999999,0.0003,0
18.06.2014 05:18:11.899 GMT+0100,1943.1260000000002,1942.695,0.0003,0
18.06.2014 05:18:40.934 GMT+0100,1943.13,1942.6979999999999,0.0003,0
18.06.2014 05:18:46.241 GMT+0100,1943.122,1942.663,0.0003,0
18.06.2014 05:19:00.960 GMT+0100,1943.111,1942.67,0.0002,0
18.06.2014 05:19:11.873 GMT+0100,1943.1329999999998,1942.693,0.0002,0
18.06.2014 05:20:19.160 GMT+0100,1943.1129999999998,1942.694,0.0002,0.0001
18.06.2014 05:20:31.677 GMT+0100,1943.106,1942.68,0.0002,0.0001
18.06.2014 05:20:43.692 GMT+0100,1943.112,1942.674,0.0002,0.0001
18.06.2014 05:20:50.801 GMT+0100,1943.141,1942.658,0.0002,0.0001
18.06.2014 05:20:55.206 GMT+0100,1943.124,1942.684,0.0002,0.0001
18.06.2014 05:20:59.211 GMT+0100,1943.121,1942.68,0.0002,0.0001
18.06.2014 05:21:17.837 GMT+0100,1943.1260000000002,1942.668,0.0002,0.0001
18.06.2014 05:21:28.351 GMT+0100,1943.129,1942.6820000000002,0.0002,0.0001
18.06.2014 05:21:53.580 GMT+0100,1943.108,1942.6660000000002,0.0002,0.0001
18.06.2014 05:22:00.188 GMT+0100,1943.13,1942.66,0.0002,0.0001
18.06.2014 05:22:27.518 GMT+0100,1943.142,1942.6589999999999,0.0002,0.0001
18.06.2014 05:22:31.122 GMT+0100,1943.106,1942.683,0.0002,0.0001
18.06.2014 05:23:06.559 GMT+0100,1943.1370000000002,1942.6779999999999,0.0002,0.0001
18.06.2014 05:23:39.894 GMT+0100,1943.1170000000002,1942.658,0.0002,0.0001
18.06.2014 05:24:33.854 GMT+0100,1943.1360000000002,1942.69,0.0002,0.0001
18.06.2014 05:24:46.968 GMT+0100,1943.1170000000002,1942.679,0.0002,0.0001
18.06.2014 05:25:00.783 GMT+0100,1943.118,1942.6960000000001,0.0002,0.0001
18.06.2014 05:25:14.001 GMT+0100,1943.108,1942.673,0.0002,0.0001
18.06.2014 05:26:10.269 GMT+0100,1943.128,1942.6820000000002,0.0002,0.0001
18.06.2014 05:26:39.206 GMT+0100,1943.134,1942.6920000000002,0.0001,0.0001
18.06.2014 05:27:09.542 GMT+0100,1943.1370000000002,1942.665,0.0001,0.0001
18.06.2014 05:27:37.375 GMT+0100,1943.119,1942.69,0.0001,0.0002
18.06.2014 05:28:08.315 GMT+0100,1943.1270000000002,1942.6670000000001,0.0001,0.0001
18.06.2014 05:29:01.784 GMT+0100,1943.14,1942.6920000000002,0.0001,0.0001
18.06.2014 05:29:36.325 GMT+0100,1943.125,1942.6879999999999,0.0001,0.0001
18.06.2014 05:29:45.535 GMT+0100,1943.105,1942.6620000000003,0.0001,0.0001
18.06.2014 05:29:58.051 GMT+0100,1943.134,1942.6620000000003,0.0001,0.0001
18.06.2014 05:30:06.263 GMT+0100,1943.143,1942.663,0.0001,0.0001
18.06.2014 05:30:13.672 GMT+0100,1943.1260000000002,1942.6960000000001,0.0001,0.0001
18.06.2014 05:31:03.933 GMT+0100,1943.13,1942.685,0.0001,0.0001
18.06.2014 05:31:15.947 GMT+0100,1943.104,1942.693,0.0001,0.0001
18.06.2014 05:32:11.623 GMT+0100,1943.1170000000002,1942.683,0.0001,0.0001
18.06.2014 05:32:22.235 GMT+0100,1943.124,1942.6660000000002,0.0001,0.0001
18.06.2014 05:32:35.852 GMT+0100,1943.1100000000001,1942.6970000000001,0.0001,0.0001
18.06.2014 05:32:47.567 GMT+0100,1943.118,1942.66,0.0001,0.0001
18.06.2014 05:32:58.381 GMT+0100,1943.114,1942.673,0.0001,0.0001
18.06.2014 05:33:08.094 GMT+0100,1943.1170000000002,1942.69,0.0001,0.0001
18.06.2014 05:34:26.583 GMT+0100,1943.1100000000001,1942.6670000000001,0.0001,0.0001
18.06.2014 05:34:49.111 GMT+0100,1943.1129999999998,1942.689,0.0001,0.0001
18.06.2014 05:34:59.924 GMT+0100,1943.124,1942.6760000000002,0.0001,0.0001
18.06.2014 05:35:01.631 GMT+0100,1943.1370000000002,1942.679,0.0001,0.0001
18.06.2014 05:35:25.759 GMT+0100,1943.129,1942.691,0.0001,0.0001
18.06.2014 05:35:40.277 GMT+0100,1943.134,1942.658,0.0001,0.0001
18.06.2014 05:36:01.102 GMT+0100,1943.135,1942.6779999999999,0.0001,0.0001
18.06.2014 05:36:18.022 GMT+0100,1943.112,1942.661,0.0001,0.0002
18.06.2014 05:36:34.843 GMT+0100,1943.131,1942.689,0.0001,0.0002
18.06.2014 05:37:22.203 GMT+0100,1943.1260000000002,1942.663,0.0001,0.0002
18.06.2014 05:37:35.220 GMT+0100,1943.144,1942.675,0.0001,0.0002
18.06.2014 05:37:49.637 GMT+0100,1943.122,1942.6760000000002,0.0001,0.0002
18.06.2014 05:37:53.142 GMT+0100,1943.116,1942.675,0.0001,0.0002
18.06.2014 05:38:26.183 GMT+0100,1943.125,1942.6960000000001,0.0001,0.0002
18.06.2014 05:38:36.596 GMT+0100,1943.142,1942.66,0.0001,0.0002
18.06.2014 05:39:19.549 GMT+0100,1943.124,1942.6870000000001,0.0001,0.0002
18.06.2014 05:39:34.563 GMT+0100,1943.131,1942.6720000000003,0.0001,0.0002
18.06.2014 05:40:06.004 GMT+0100,1943.1200000000001,1942.6879999999999,0.0002,0
18.06.2014 05:40:14.014 GMT+0100,1943.0339999999999,1942.5810000000001,0.0002,0.0003
18.06.2014 05:40:16.818 GMT+0100,1942.9279999999999,1942.4579999999999,0,0.0003
18.06.2014 05:40:21.624 GMT+0100,1943.023,1942.579,0.0002,0.0003
18.06.2014 05:40:21.724 GMT+0100,1943.112,1942.683,0.0001,0
18.06.2014 05:40:24.928 GMT+0100,1942.914,1942.474,0,0.0002
18.06.2014 05:41:06.783 GMT+0100,1942.933,1942.487,0,0.0002
18.06.2014 05:41:15.994 GMT+0100,1942.9379999999999,1942.494,0,0.0002
18.06.2014 05:41:32.414 GMT+0100,1942.933,1942.4750000000001,0,0.0002
18.06.2014 05:42:44.003 GMT+0100,1942.9270000000001,1942.471,0,0.0002
18.06.2014 05:42:51.111 GMT+0100,1942.908,1942.473,0,0.0002
18.06.2014 05:44:28.533 GMT+0100,1942.911,1942.459,0,0.0002
18.06.2014 05:44:51.161 GMT+0100,1942.931,1942.489,0,0.0001
18.06.2014 05:45:00.573 GMT+0100,1942.9370000000001,1942.467,0,0.0001
18.06.2014 05:45:29.610 GMT+0100,1942.9120000000003,1942.4920000000002,0,0.0002
18.06.2014 05:45:36.218 GMT+0100,1942.933,1942.46,0,0.0002
18.06.2014 05:45:52.239 GMT+0100,1943.111,1942.658,0.0002,0.0001
18.06.2014 05:46:23.778 GMT+0100,1943.132,1942.675,0.0002,0.0001
18.06.2014 05:46:47.607 GMT+0100,1943.1260000000002,1942.681,0.0002,0
18.06.2014 05:46:55.818 GMT+0100,1943.14,1942.6879999999999,0.0002,0.0001
18.06.2014 05:47:24.653 GMT+0100,1943.116,1942.693,0.0002,0.0001
18.06.2014 05:47:50.086 GMT+0100,1943.134,1942.6960000000001,0,0.0004
18.06.2014 05:49:04.480 GMT+0100,1943.111,1942.68,0,0.0004
18.06.2014 05:49:10.988 GMT+0100,1943.424,1942.986,0.0004,0
18.06.2014 05:49:54.242 GMT+0100,1943.43,1942.9679999999998,0.0001,0.0002
18.06.2014 05:50:07.962 GMT+0100,1943.408,1942.961,0.0001,0.0002
18.06.2014 05:50:23.079 GMT+0100,1943.4379999999999,1942.987,0.0001,0.0002
18.06.2014 05:50:29.486 GMT+0100,1943.4189999999999,1942.973,0.0001,0.0002
18.06.2014 05:50:38.796 GMT+0100,1943.4360000000001,1942.9950000000001,0.0001,0.0002
18.06.2014 05:50:45.103 GMT+0100,1943.6260000000002,1943.171,0.0003,0
18.06.2014 05:50:48.706 GMT+0100,1943.441,1942.959,0,0.0001
18.06.2014 05:51:14.638 GMT+0100,1943.4170000000001,1942.9750000000001,0,0.0001
18.06.2014 05:51:26.352 GMT+0100,1943.431,1942.9720000000002,0,0.0001
18.06.2014 05:51:26.853 GMT+0100,1943.52,1943.095,0.0004,0.0002
18.06.2014 05:51:27.053 GMT+0100,1943.4189999999999,1942.959,0,0.0002
18.06.2014 05:51:50.684 GMT+0100,1943.443,1942.977,0,0.0001
18.06.2014 05:51:51.985 GMT+0100,1943.6100000000001,1943.158,0.0004,0
18.06.2014 05:52:03.600 GMT+0100,1943.4220000000003,1942.9620000000002,0,0.0002
18.06.2014 05:52:09.006 GMT+0100,1943.42,1942.96,0,0.0001
18.06.2014 05:52:38.844 GMT+0100,1943.425,1942.987,0,0.0002
18.06.2014 05:52:46.353 GMT+0100,1943.4270000000001,1942.996,0,0.0002
18.06.2014 05:52:55.665 GMT+0100,1943.4420000000002,1942.984,0,0.0002
18.06.2014 05:53:09.380 GMT+0100,1943.424,1942.964,0.0001,0.0002
18.06.2014 05:53:17.290 GMT+0100,1943.4260000000002,1942.976,0,0.0002
18.06.2014 05:53:31.506 GMT+0100,1943.4260000000002,1942.979,0.0001,0.0002
18.06.2014 05:53:35.511 GMT+0100,1943.43,1942.983,0.0001,0.0002
18.06.2014 05:53:46.425 GMT+0100,1943.418,1942.961,0.0001,0.0002
18.06.2014 05:53:46.625 GMT+0100,1943.54,1943.0900000000001,0.0004,0.0002
18.06.2014 05:53:47.225 GMT+0100,1943.611,1943.18,0.0004,0
18.06.2014 05:53:47.425 GMT+0100,1943.4070000000002,1942.96,0,0.0002
18.06.2014 05:54:00.238 GMT+0100,1943.402,1942.9720000000002,0,0.0002
18.06.2014 05:54:05.144 GMT+0100,1943.4370000000001,1942.967,0,0.0002
18.06.2014 05:54:29.270 GMT+0100,1943.4270000000001,1942.9779999999998,0,0.0002
18.06.2014 05:54:46.992 GMT+0100,1943.4189999999999,1942.961,0,0.0002
18.06.2014 05:54:51.998 GMT+0100,1943.4379999999999,1942.997,0,0.0002
18.06.2014 05:54:58.606 GMT+0100,1943.414,1942.977,0,0.0002
18.06.2014 05:55:01.710 GMT+0100,1943.4320000000002,1942.9620000000002,0,0.0002
18.06.2014 05:55:28.845 GMT+0100,1943.606,1943.173,0.0004,0
18.06.2014 05:55:43.462 GMT+0100,1943.639,1943.1589999999999,0.0004,0
18.06.2014 05:56:00.283 GMT+0100,1943.619,1943.1760000000002,0.0003,0
18.06.2014 05:56:18.107 GMT+0100,1943.4370000000001,1942.9879999999998,0.0001,0.0002
18.06.2014 05:56:26.216 GMT+0100,1943.4320000000002,1942.9879999999998,0,0.0002
18.06.2014 05:56:26.517 GMT+0100,1943.621,1943.165,0.0003,0
18.06.2014 05:56:31.223 GMT+0100,1943.4320000000002,1942.969,0,0.0003
18.06.2014 05:56:41.240 GMT+0100,1943.4160000000002,1942.9650000000001,0,0.0002
18.06.2014 05:56:55.159 GMT+0100,1943.411,1942.961,0,0.0002
18.06.2014 05:56:55.760 GMT+0100,1943.642,1943.1720000000003,0.0003,0
18.06.2014 05:57:10.077 GMT+0100,1943.639,1943.1770000000001,0.0003,0
18.06.2014 05:57:13.581 GMT+0100,1943.6329999999998,1943.1689999999999,0.0003,0
18.06.2014 05:57:19.689 GMT+0100,1943.5020000000002,1943.058,0.0003,0.0002
18.06.2014 05:57:25.196 GMT+0100,1943.523,1943.074,0.0003,0.0002
18.06.2014 05:57:28.200 GMT+0100,1943.517,1943.0620000000001,0.0003,0.0003
18.06.2014 05:57:28.800 GMT+0100,1943.605,1943.1870000000001,0.0003,0
18.06.2014 05:57:43.918 GMT+0100,1943.618,1943.1960000000001,0.0003,0
18.06.2014 05:57:48.523 GMT+0100,1943.608,1943.1820000000002,0.0003,0
18.06.2014 05:57:50.926 GMT+0100,1943.509,1943.0729999999999,0.0004,0.0002
18.06.2014 05:57:51.627 GMT+0100,1943.4060000000002,1942.9879999999998,0,0.0002
18.06.2014 05:58:16.656 GMT+0100,1943.41,1942.961,0,0.0002
18.06.2014 05:59:30.038 GMT+0100,1943.4120000000003,1942.993,0,0.0003
18.06.2014 05:59:46.558 GMT+0100,1943.441,1942.9779999999998,0,0.0003
18.06.2014 06:00:33.119 GMT+0100,1943.4260000000002,1942.969,0,0.0003
18.06.2014 06:00:55.748 GMT+0100,1943.402,1942.9920000000002,0,0.0003
18.06.2014 06:01:15.973 GMT+0100,1943.434,1942.976,0,0.0003
18.06.2014 06:01:33.896 GMT+0100,1943.42,1942.997,0.0001,0.0003
18.06.2014 06:02:13.351 GMT+0100,1943.441,1942.98,0.0001,0.0003
18.06.2014 06:04:14.305 GMT+0100,1943.414,1942.981,0.0002,0
18.06.2014 06:05:09.479 GMT+0100,1943.429,1942.987,0.0002,0
18.06.2014 06:05:13.784 GMT+0100,1943.4160000000002,1942.977,0.0002,0
18.06.2014 06:05:22.095 GMT+0100,1943.4379999999999,1942.9850000000001,0.0002,0
18.06.2014 06:05:31.405 GMT+0100,1943.435,1942.9950000000001,0.0002,0
18.06.2014 06:06:09.051 GMT+0100,1943.418,1942.9620000000002,0.0002,0
18.06.2014 06:06:26.373 GMT+0100,1943.4160000000002,1942.98,0.0002,0
18.06.2014 06:06:49.901 GMT+0100,1943.405,1942.971,0.0002,0
18.06.2014 06:06:53.006 GMT+0100,1943.42,1942.97,0.0002,0
18.06.2014 06:07:12.030 GMT+0100,1943.411,1942.979,0.0002,0
18.06.2014 06:07:26.048 GMT+0100,1943.4320000000002,1942.9679999999998,0.0002,0
18.06.2014 06:08:27.825 GMT+0100,1943.425,1942.987,0.0002,0
18.06.2014 06:08:38.138 GMT+0100,1943.4370000000001,1942.996,0.0002,0
18.06.2014 06:08:55.759 GMT+0100,1943.4260000000002,1942.9750000000001,0.0002,0
18.06.2014 06:09:07.675 GMT+0100,1943.441,1942.967,0.0002,0
18.06.2014 06:09:21.493 GMT+0100,1943.423,1942.9950000000001,0.0002,0
18.06.2014 06:09:59.140 GMT+0100,1943.4220000000003,1942.997,0.0002,0
18.06.2014 06:10:11.758 GMT+0100,1943.434,1942.989,0.0002,0.0001
18.06.2014 06:10:17.465 GMT+0100,1943.425,1942.989,0.0002,0.0001
18.06.2014 06:10:26.377 GMT+0100,1943.403,1942.9820000000002,0.0002,0.0001
18.06.2014 06:10:37.190 GMT+0100,1943.434,1942.98,0.0002,0.0001
18.06.2014 06:11:08.631 GMT+0100,1943.423,1942.97,0.0002,0.0001
18.06.2014 06:11:23.149 GMT+0100,1943.41,1942.994,0.0002,0.0001
18.06.2014 06:11:52.686 GMT+0100,1943.425,1942.9620000000002,0.0002,0.0001
18.06.2014 06:11:57.392 GMT+0100,1943.4379999999999,1942.977,0.0002,0.0001
18.06.2014 06:12:29.831 GMT+0100,1943.439,1942.9950000000001,0.0002,0.0001
18.06.2014 06:12:55.961 GMT+0100,1943.405,1942.9879999999998,0.0002,0.0001
18.06.2014 06:13:06.673 GMT+0100,1943.435,1942.961,0.0002,0.0001
18.06.2014 06:13:49.422 GMT+0100,1943.4370000000001,1942.9879999999998,0.0002,0.0001
18.06.2014 06:14:49.590 GMT+0100,1943.441,1942.973,0.0003,0.0001
18.06.2014 06:15:01.704 GMT+0100,1943.4170000000001,1942.9850000000001,0.0003,0.0001
18.06.2014 06:15:17.821 GMT+0100,1943.4260000000002,1942.996,0.0003,0.0001
18.06.2014 06:15:42.247 GMT+0100,1943.4089999999999,1942.963,0.0003,0.0002
18.06.2014 06:16:02.670 GMT+0100,1943.4189999999999,1942.9720000000002,0.0003,0.0002
18.06.2014 06:16:38.215 GMT+0100,1943.439,1942.99,0.0003,0.0002
18.06.2014 06:17:39.994 GMT+0100,1943.4220000000003,1942.971,0.0003,0.0001
18.06.2014 06:18:09.631 GMT+0100,1943.431,1942.991,0.0003,0.0001
18.06.2014 06:18:43.674 GMT+0100,1943.42,1942.964,0.0003,0.0001
18.06.2014 06:18:50.984 GMT+0100,1943.4170000000001,1942.96,0.0003,0.0001
18.06.2014 06:19:02.999 GMT+0100,1943.433,1942.9750000000001,0.0003,0.0001
18.06.2014 06:20:27.308 GMT+0100,1943.4420000000002,1942.969,0.0003,0.0001
18.06.2014 06:20:30.912 GMT+0100,1943.4089999999999,1942.9820000000002,0.0003,0.0001
18.06.2014 06:21:02.048 GMT+0100,1943.408,1942.959,0.0003,0.0001
18.06.2014 06:21:24.574 GMT+0100,1943.439,1942.9660000000001,0.0003,0.0001
18.06.2014 06:22:42.371 GMT+0100,1943.4070000000002,1942.959,0.0002,0.0001
18.06.2014 06:22:50.582 GMT+0100,1943.41,1942.983,0.0002,0.0001
18.06.2014 06:23:54.360 GMT+0100,1943.424,1942.997,0.0002,0.0002
18.06.2014 06:24:01.769 GMT+0100,1943.4189999999999,1942.963,0.0002,0.0002
18.06.2014 06:24:43.218 GMT+0100,1943.434,1942.98,0.0002,0.0002
18.06.2014 06:24:53.631 GMT+0100,1943.4160000000002,1942.969,0.0002,0.0002
18.06.2014 06:24:58.437 GMT+0100,1943.4420000000002,1942.9920000000002,0.0002,0.0002
18.06.2014 06:25:54.713 GMT+0100,1943.4089999999999,1942.979,0.0002,0.0002
18.06.2014 06:26:16.239 GMT+0100,1943.43,1942.9850000000001,0.0002,0.0002
18.06.2014 06:27:44.052 GMT+0100,1943.4379999999999,1942.984,0.0002,0.0002
18.06.2014 06:27:51.161 GMT+0100,1943.421,1942.969,0.0002,0.0002
18.06.2014 06:28:16.792 GMT+0100,1943.429,1942.9679999999998,0.0002,0.0002
18.06.2014 06:28:24.402 GMT+0100,1943.435,1942.9850000000001,0.0002,0.0002
18.06.2014 06:30:27.559 GMT+0100,1943.4320000000002,1942.9879999999998,0.0002,0.0002
18.06.2014 06:31:20.727 GMT+0100,1943.41,1942.96,0.0003,0.0001
18.06.2014 06:31:41.254 GMT+0100,1943.4370000000001,1942.957,0.0003,0.0001
18.06.2014 06:31:59.678 GMT+0100,1943.402,1942.984,0.0003,0.0001
18.06.2014 06:32:32.119 GMT+0100,1943.4189999999999,1942.986,0.0003,0.0001
18.06.2014 06:32:37.126 GMT+0100,1943.4360000000001,1942.9660000000001,0.0003,0.0001
18.06.2014 06:32:51.944 GMT+0100,1943.414,1942.993,0.0003,0.0001
18.06.2014 06:33:06.764 GMT+0100,1943.44,1942.97,0.0003,0.0002
18.06.2014 06:33:11.570 GMT+0100,1943.425,1942.994,0.0003,0.0002
18.06.2014 06:33:35.801 GMT+0100,1943.44,1942.9950000000001,0.0002,0.0002
18.06.2014 06:33:49.618 GMT+0100,1943.424,1942.9660000000001,0.0002,0.0002
18.06.2014 06:33:57.527 GMT+0100,1943.4260000000002,1942.97,0.0002,0.0002
18.06.2014 06:34:30.979 GMT+0100,1943.4279999999999,1942.983,0.0002,0.0001
18.06.2014 06:35:03.627 GMT+0100,1943.441,1942.997,0.0002,0.0001
18.06.2014 06:35:41.576 GMT+0100,1943.4189999999999,1942.9720000000002,0.0002,0.0001
18.06.2014 06:36:08.712 GMT+0100,1943.433,1942.991,0.0002,0.0001
18.06.2014 06:36:43.655 GMT+0100,1943.421,1942.973,0.0002,0.0002
18.06.2014 06:37:14.394 GMT+0100,1943.44,1942.98,0.0002,0.0002
18.06.2014 06:37:31.516 GMT+0100,1943.405,1942.991,0.0001,0.0002
18.06.2014 06:37:41.128 GMT+0100,1943.403,1942.991,0.0002,0.0002
18.06.2014 06:39:47.282 GMT+0100,1943.4089999999999,1942.979,0.0002,0.0002
18.06.2014 06:39:51.888 GMT+0100,1943.44,1942.96,0.0002,0.0002
18.06.2014 06:39:59.497 GMT+0100,1943.413,1942.993,0.0002,0.0002
18.06.2014 06:40:11.422 GMT+0100,1943.43,1942.987,0.0002,0.0001
18.06.2014 06:40:32.347 GMT+0100,1943.4270000000001,1942.9720000000002,0.0002,0.0001
18.06.2014 06:40:53.172 GMT+0100,1943.4379999999999,1942.97,0.0002,0.0001
18.06.2014 06:41:10.895 GMT+0100,1943.405,1942.979,0.0002,0
18.06.2014 06:41:23.810 GMT+0100,1943.431,1942.964,0.0002,0
18.06.2014 06:42:00.260 GMT+0100,1943.4170000000001,1942.9750000000001,0.0003,0.0001
18.06.2014 06:42:04.865 GMT+0100,1943.404,1942.969,0.0003,0.0001
18.06.2014 06:42:35.103 GMT+0100,1943.431,1942.9620000000002,0.0003,0.0001
18.06.2014 06:43:40.782 GMT+0100,1943.109,1942.689,0,0.0001
18.06.2014 06:43:43.585 GMT+0100,1943.33,1942.874,0.0002,0.0001
18.06.2014 06:43:46.288 GMT+0100,1943.1270000000002,1942.69,0,0.0001
18.06.2014 06:43:48.491 GMT+0100,1943.328,1942.871,0.0002,0.0001
18.06.2014 06:43:52.997 GMT+0100,1943.1170000000002,1942.6979999999999,0,0.0001
18.06.2014 06:43:55.099 GMT+0100,1943.3229999999999,1942.885,0.0002,0.0001
18.06.2014 06:43:58.703 GMT+0100,1943.108,1942.6760000000002,0,0.0001
18.06.2014 06:43:59.905 GMT+0100,1943.339,1942.862,0.0002,0.0001
18.06.2014 06:44:01.407 GMT+0100,1943.1200000000001,1942.6870000000001,0.0001,0.0001
18.06.2014 06:44:06.914 GMT+0100,1943.1070000000002,1942.6879999999999,0.0002,0.0001
18.06.2014 06:44:27.540 GMT+0100,1943.1329999999998,1942.665,0.0002,0.0001
18.06.2014 06:44:29.280 GMT+0100,1942.94,1942.48,0.0003,0.0001
18.06.2014 06:44:38.655 GMT+0100,1942.93,1942.497,0.0003,0.0001
18.06.2014 06:44:41.960 GMT+0100,1942.9120000000003,1942.483,0.0003,0.0001
18.06.2014 06:44:48.768 GMT+0100,1942.913,1942.476,0.0003,0
18.06.2014 06:44:58.781 GMT+0100,1942.9170000000001,1942.4920000000002,0.0003,0
18.06.2014 06:45:02.583 GMT+0100,1942.925,1942.481,0.0003,0
18.06.2014 06:45:05.787 GMT+0100,1942.92,1942.464,0.0003,0
18.06.2014 06:45:11.294 GMT+0100,1942.9320000000002,1942.4779999999998,0.0003,0
18.06.2014 06:45:17.202 GMT+0100,1942.9320000000002,1942.4579999999999,0.0003,0
18.06.2014 06:45:22.108 GMT+0100,1942.931,1942.471,0.0003,0
18.06.2014 06:45:43.034 GMT+0100,1942.9189999999999,1942.483,0.0003,0
18.06.2014 06:45:54.649 GMT+0100,1942.935,1942.4879999999998,0.0004,0
18.06.2014 06:45:59.555 GMT+0100,1942.9370000000001,1942.477,0.0004,0
18.06.2014 06:46:09.768 GMT+0100,1942.941,1942.4720000000002,0.0004,0
18.06.2014 06:46:10.268 GMT+0100,1942.836,1942.398,0.0004,0.0002
18.06.2014 06:46:15.975 GMT+0100,1942.608,1942.165,0,0.0002
18.06.2014 06:46:16.576 GMT+0100,1942.818,1942.382,0.0003,0.0002
18.06.2014 06:46:20.882 GMT+0100,1942.612,1942.1920000000002,0,0.0002
18.06.2014 06:46:21.382 GMT+0100,1942.9379999999999,1942.486,0.0004,0
18.06.2014 06:46:36.302 GMT+0100,1942.9279999999999,1942.4579999999999,0.0003,0
18.06.2014 06:46:42.309 GMT+0100,1942.911,1942.4660000000001,0.0003,0
18.06.2014 06:47:10.544 GMT+0100,1942.9070000000002,1942.4579999999999,0.0004,0
18.06.2014 06:47:40.980 GMT+0100,1942.903,1942.47,0.0004,0
18.06.2014 06:47:46.086 GMT+0100,1942.9170000000001,1942.476,0.0004,0
18.06.2014 06:48:39.854 GMT+0100,1942.903,1942.473,0.0003,0
18.06.2014 06:48:46.863 GMT+0100,1942.9170000000001,1942.49,0.0003,0
18.06.2014 06:48:58.478 GMT+0100,1942.9379999999999,1942.4820000000002,0.0003,0
18.06.2014 06:49:17.602 GMT+0100,1942.924,1942.491,0.0003,0
18.06.2014 06:49:24.210 GMT+0100,1942.93,1942.4679999999998,0.0003,0
18.06.2014 06:49:43.034 GMT+0100,1942.9379999999999,1942.4920000000002,0.0003,0
18.06.2014 06:49:47.540 GMT+0100,1942.9089999999999,1942.463,0.0003,0
18.06.2014 06:50:18.884 GMT+0100,1942.904,1942.461,0.0002,0.0001
18.06.2014 06:50:22.788 GMT+0100,1942.9220000000003,1942.4650000000001,0.0002,0.0001
18.06.2014 06:50:35.002 GMT+0100,1942.931,1942.46,0.0002,0.0001
18.06.2014 06:50:45.716 GMT+0100,1942.9060000000002,1942.47,0.0002,0.0001
18.06.2014 06:50:54.427 GMT+0100,1942.9070000000002,1942.457,0.0002,0.0001
18.06.2014 06:51:01.235 GMT+0100,1942.9220000000003,1942.489,0.0002,0.0001
18.06.2014 06:51:20.961 GMT+0100,1942.911,1942.477,0.0002,0.0001
18.06.2014 06:51:21.762 GMT+0100,1943.118,1942.681,0.0003,0
18.06.2014 06:51:32.176 GMT+0100,1943.106,1942.6770000000001,0.0002,0.0001
18.06.2014 06:51:35.380 GMT+0100,1943.104,1942.694,0.0002,0.0001
18.06.2014 06:51:41.088 GMT+0100,1943.435,1942.971,0.0002,0
18.06.2014 06:51:52.002 GMT+0100,1943.424,1942.9950000000001,0.0002,0
18.06.2014 06:52:21.339 GMT+0100,1943.1200000000001,1942.68,0,0.0001
18.06.2014 06:52:32.453 GMT+0100,1943.139,1942.6920000000002,0,0.0001
18.06.2014 06:52:44.969 GMT+0100,1943.105,1942.6670000000001,0,0.0001
18.06.2014 06:52:49.475 GMT+0100,1943.1070000000002,1942.6879999999999,0,0.0001
18.06.2014 06:52:53.680 GMT+0100,1943.114,1942.6760000000002,0,0.0001
18.06.2014 06:53:08.799 GMT+0100,1943.1170000000002,1942.6820000000002,0,0.0001
18.06.2014 06:53:14.506 GMT+0100,1943.138,1942.689,0,0.0001
18.06.2014 06:53:20.314 GMT+0100,1943.124,1942.6620000000003,0,0.0001
18.06.2014 06:53:56.559 GMT+0100,1943.1129999999998,1942.695,0.0001,0.0001
18.06.2014 06:54:04.970 GMT+0100,1943.129,1942.6920000000002,0.0001,0.0001
18.06.2014 06:54:17.085 GMT+0100,1943.141,1942.693,0.0001,0
18.06.2014 06:54:19.488 GMT+0100,1943.013,1942.585,0.0001,0.0002
18.06.2014 06:54:20.389 GMT+0100,1943.105,1942.6870000000001,0.0001,0
18.06.2014 06:54:28.500 GMT+0100,1943.122,1942.6860000000001,0.0001,0
18.06.2014 06:55:31.179 GMT+0100,1943.105,1942.693,0.0001,0
18.06.2014 06:55:34.983 GMT+0100,1943.1329999999998,1942.683,0,0.0001
18.06.2014 06:55:48.700 GMT+0100,1943.143,1942.6879999999999,0,0.0001
18.06.2014 06:55:54.408 GMT+0100,1943.1170000000002,1942.6879999999999,0,0.0001
18.06.2014 06:56:00.416 GMT+0100,1943.109,1942.6820000000002,0.0001,0.0001
18.06.2014 06:56:08.726 GMT+0100,1943.102,1942.689,0,0.0001
18.06.2014 06:56:25.246 GMT+0100,1943.112,1942.694,0.0001,0
18.06.2014 06:56:31.553 GMT+0100,1943.115,1942.673,0.0001,0
18.06.2014 06:56:48.874 GMT+0100,1943.14,1942.69,0.0001,0
18.06.2014 06:57:33.631 GMT+0100,1943.1270000000002,1942.681,0,0.0001
18.06.2014 06:58:27.593 GMT+0100,1943.141,1942.673,0.0001,0.0001
18.06.2014 06:58:37.606 GMT+0100,1943.119,1942.674,0,0.0001
18.06.2014 06:58:49.622 GMT+0100,1943.112,1942.675,0.0001,0.0001
18.06.2014 06:58:53.226 GMT+0100,1943.1070000000002,1942.6720000000003,0.0001,0.0001
18.06.2014 06:59:10.447 GMT+0100,1943.139,1942.6820000000002,0.0001,0.0001
18.06.2014 06:59:18.959 GMT+0100,1943.1270000000002,1942.673,0.0001,0.0001
18.06.2014 06:59:30.574 GMT+0100,1943.105,1942.691,0.0001,0.0001
18.06.2014 06:59:53.302 GMT+0100,1943.1170000000002,1942.675,0,0.0001
18.06.2014 07:00:00.509 GMT+0100,1943.1100000000001,1942.69,0,0.0001
18.06.2014 07:00:15.531 GMT+0100,1943.33,1942.8870000000002,0.0002,0.0002
18.06.2014 07:00:16.132 GMT+0100,1943.122,1942.668,0,0.0002
18.06.2014 07:00:48.173 GMT+0100,1943.13,1942.661,0.0002,0.0001
18.06.2014 07:01:22.516 GMT+0100,1942.9370000000001,1942.4879999999998,0.0001,0.0002
18.06.2014 07:01:42.442 GMT+0100,1942.6070000000002,1942.17,0,0.0003
18.06.2014 07:01:57.361 GMT+0100,1942.635,1942.18,0,0.0003
18.06.2014 07:02:22.194 GMT+0100,1942.6100000000001,1942.174,0.0001,0.0003
18.06.2014 07:02:27.300 GMT+0100,1942.9379999999999,1942.491,0.0002,0.0001
18.06.2014 07:02:41.719 GMT+0100,1942.9270000000001,1942.477,0.0002,0.0001
18.06.2014 07:02:46.224 GMT+0100,1942.929,1942.459,0.0002,0.0001
18.06.2014 07:03:05.245 GMT+0100,1942.9279999999999,1942.463,0.0001,0.0001
18.06.2014 07:03:15.496 GMT+0100,1942.604,1942.185,0,0.0003
18.06.2014 07:03:25.869 GMT+0100,1942.616,1942.191,0.0002,0.0002
18.06.2014 07:03:41.588 GMT+0100,1942.604,1942.184,0.0003,0.0002
18.06.2014 07:03:58.508 GMT+0100,1942.6070000000002,1942.1979999999999,0.0003,0.0002
18.06.2014 07:04:17.031 GMT+0100,1942.6200000000001,1942.161,0.0003,0.0002
18.06.2014 07:04:28.544 GMT+0100,1942.63,1942.193,0.0003,0.0002
18.06.2014 07:04:41.860 GMT+0100,1942.6029999999998,1942.163,0.0003,0.0002
18.06.2014 07:04:57.581 GMT+0100,1942.6129999999998,1942.19,0.0003,0.0002
18.06.2014 07:05:00.584 GMT+0100,1942.608,1942.185,0.0003,0.0002
18.06.2014 07:05:50.958 GMT+0100,1942.403,1941.961,0.0002,0.0003
18.06.2014 07:05:57.967 GMT+0100,1942.433,1941.987,0.0002,0.0002
18.06.2014 07:06:02.372 GMT+0100,1942.439,1941.976,0.0002,0.0002
18.06.2014 07:06:37.820 GMT+0100,1942.6329999999998,1942.1860000000001,0.0002,0.0002
18.06.2014 07:06:48.033 GMT+0100,1942.638,1942.1870000000001,0.0002,0.0002
18.06.2014 07:07:13.666 GMT+0100,1942.6170000000002,1942.195,0.0003,0.0002
