Local time,Ask,Bid,AskVolume,BidVolume
13.06.2018 00:00:47.797 GMT+0100,2788.8309999999997,2788.1690000000003,0.0041,0.0039
13.06.2018 00:05:03.224 GMT+0100,2788.73,2788.1690000000003,0.0031,0.0014
13.06.2018 00:05:03.275 GMT+0100,2788.73,2788.07,0.0031,0.0029
13.06.2018 00:05:03.907 GMT+0100,2788.63,2788.07,0.0016,0.0014
13.06.2018 00:05:03.957 GMT+0100,2788.63,2787.9700000000003,0.0031,0.0029
13.06.2018 00:05:04.927 GMT+0100,2788.7309999999998,2788.0690000000004,0.0062,0.0014
13.06.2018 00:05:04.977 GMT+0100,2788.7309999999998,2788.07,0.0062,0.0014
13.06.2018 00:05:05.118 GMT+0100,2788.8309999999997,2788.1690000000003,0.0062,0.0014
13.06.2018 00:05:05.169 GMT+0100,2788.8309999999997,2788.1690000000003,0.0062,0.0058
13.06.2018 00:05:05.284 GMT+0100,2788.631,2788.1690000000003,0.0016,0.0029
13.06.2018 00:05:05.335 GMT+0100,2788.631,2787.9690000000005,0.0062,0.0058
13.06.2018 00:26:16.795 GMT+0100,2788.8309999999997,2788.1690000000003,0.0021,0.0019
13.06.2018 00:30:23.264 GMT+0100,2789.03,2788.37,0.0041,0.0014
13.06.2018 00:30:23.314 GMT+0100,2789.03,2788.37,0.0016,0.0014
13.06.2018 00:30:24.157 GMT+0100,2789.13,2788.4700000000003,0.0062,0.0014
13.06.2018 00:30:24.208 GMT+0100,2789.13,2788.4700000000003,0.0031,0.0029
13.06.2018 00:30:24.317 GMT+0100,2788.8309999999997,2788.4700000000003,0.0016,0.0014
13.06.2018 00:30:24.368 GMT+0100,2788.8309999999997,2788.17,0.0062,0.0029
13.06.2018 00:30:42.349 GMT+0100,2789.031,2788.369,0.0062,0.0014
13.06.2018 00:30:42.400 GMT+0100,2789.031,2788.369,0.0062,0.0058
13.06.2018 00:30:49.419 GMT+0100,2789.131,2788.4690000000005,0.0062,0.0014
13.06.2018 00:30:49.469 GMT+0100,2789.131,2788.4700000000003,0.0062,0.0014
13.06.2018 00:31:57.798 GMT+0100,2789.131,2788.4690000000005,0.0041,0.0039
13.06.2018 00:32:41.448 GMT+0100,2789.3309999999997,2788.6690000000003,0.0041,0.0014
13.06.2018 00:32:41.499 GMT+0100,2789.3309999999997,2788.67,0.0062,0.0029
13.06.2018 00:36:33.509 GMT+0100,2789.8309999999997,2789.1690000000003,0.0041,0.0014
13.06.2018 00:36:33.559 GMT+0100,2789.8309999999997,2789.1690000000003,0.0062,0.0058
13.06.2018 00:36:33.660 GMT+0100,2789.631,2789.1690000000003,0.0016,0.0029
13.06.2018 00:36:33.710 GMT+0100,2789.631,2788.9700000000003,0.0062,0.0014
13.06.2018 00:36:38.537 GMT+0100,2789.7309999999998,2789.0690000000004,0.0062,0.0014
13.06.2018 00:36:38.590 GMT+0100,2789.7309999999998,2789.07,0.0062,0.0029
13.06.2018 00:36:40.298 GMT+0100,2789.63,2789.07,0.0016,0.0029
13.06.2018 00:36:40.349 GMT+0100,2789.63,2788.9700000000003,0.0062,0.0058
13.06.2018 00:36:49.417 GMT+0100,2789.7309999999998,2789.0690000000004,0.0062,0.0014
13.06.2018 00:36:49.468 GMT+0100,2789.7309999999998,2789.07,0.0062,0.0014
13.06.2018 00:36:51.581 GMT+0100,2789.631,2789.07,0.0016,0.0014
13.06.2018 00:36:51.632 GMT+0100,2789.631,2788.9690000000005,0.0062,0.0058
13.06.2018 00:36:59.603 GMT+0100,2789.73,2789.07,0.0062,0.0014
13.06.2018 00:36:59.654 GMT+0100,2789.73,2789.07,0.0031,0.0029
13.06.2018 00:37:00.230 GMT+0100,2789.631,2789.07,0.0016,0.0014
13.06.2018 00:37:00.280 GMT+0100,2789.631,2788.9700000000003,0.0062,0.0014
13.06.2018 00:37:19.963 GMT+0100,2789.8309999999997,2789.1690000000003,0.0062,0.0014
13.06.2018 00:37:20.014 GMT+0100,2789.8309999999997,2789.17,0.0062,0.0014
13.06.2018 00:40:52.700 GMT+0100,2790.131,2789.4690000000005,0.0041,0.0014
13.06.2018 00:40:52.751 GMT+0100,2790.131,2789.4690000000005,0.0062,0.0058
13.06.2018 00:40:52.861 GMT+0100,2789.83,2789.4690000000005,0.0016,0.0029
13.06.2018 00:40:52.912 GMT+0100,2789.83,2789.17,0.0062,0.0058
13.06.2018 00:41:48.815 GMT+0100,2790.03,2789.37,0.0062,0.0014
13.06.2018 00:41:48.866 GMT+0100,2790.03,2789.37,0.0031,0.0029
13.06.2018 00:41:49.132 GMT+0100,2790.13,2789.4700000000003,0.0062,0.0014
13.06.2018 00:41:49.183 GMT+0100,2790.13,2789.4700000000003,0.0031,0.0029
13.06.2018 00:41:49.294 GMT+0100,2790.03,2789.4700000000003,0.0016,0.0014
13.06.2018 00:41:49.344 GMT+0100,2790.03,2789.37,0.0062,0.0058
13.06.2018 00:41:50.301 GMT+0100,2790.13,2789.4700000000003,0.0062,0.0014
13.06.2018 00:41:50.351 GMT+0100,2790.13,2789.4700000000003,0.0031,0.0029
13.06.2018 00:41:50.461 GMT+0100,2789.83,2789.4700000000003,0.0016,0.0014
13.06.2018 00:41:50.511 GMT+0100,2789.83,2789.17,0.0016,0.0014
13.06.2018 00:42:38.896 GMT+0100,2790.03,2789.37,0.0062,0.0014
13.06.2018 00:42:38.946 GMT+0100,2790.03,2789.37,0.0016,0.0014
13.06.2018 00:42:39.056 GMT+0100,2789.8309999999997,2789.369,0.0016,0.0029
13.06.2018 00:42:39.107 GMT+0100,2789.8309999999997,2789.17,0.0062,0.0014
13.06.2018 00:42:40.093 GMT+0100,2790.031,2789.369,0.0062,0.0014
13.06.2018 00:42:40.144 GMT+0100,2790.031,2789.37,0.0062,0.0029
13.06.2018 00:42:40.797 GMT+0100,2790.131,2789.4690000000005,0.0062,0.0014
13.06.2018 00:42:40.848 GMT+0100,2790.131,2789.4700000000003,0.0062,0.0014
13.06.2018 00:42:40.957 GMT+0100,2790.03,2789.4700000000003,0.0016,0.0014
13.06.2018 00:42:41.008 GMT+0100,2790.03,2789.37,0.0031,0.0029
13.06.2018 00:42:41.206 GMT+0100,2790.131,2789.4690000000005,0.0062,0.0014
13.06.2018 00:42:41.256 GMT+0100,2790.131,2789.4690000000005,0.0062,0.0058
13.06.2018 00:42:41.367 GMT+0100,2790.03,2789.4690000000005,0.0016,0.0029
13.06.2018 00:42:41.418 GMT+0100,2790.03,2789.37,0.0031,0.0029
13.06.2018 00:42:43.348 GMT+0100,2789.83,2789.37,0.0016,0.0014
13.06.2018 00:42:43.399 GMT+0100,2789.83,2789.17,0.0031,0.0029
13.06.2018 00:42:43.834 GMT+0100,2790.031,2789.369,0.0062,0.0014
13.06.2018 00:42:43.884 GMT+0100,2790.031,2789.37,0.0062,0.0014
13.06.2018 00:42:47.124 GMT+0100,2790.131,2789.4690000000005,0.0062,0.0014
13.06.2018 00:42:47.174 GMT+0100,2790.131,2789.4700000000003,0.0062,0.0029
13.06.2018 00:42:47.270 GMT+0100,2789.8309999999997,2789.4700000000003,0.0016,0.0029
13.06.2018 00:42:47.320 GMT+0100,2789.8309999999997,2789.1690000000003,0.0062,0.0058
13.06.2018 00:49:35.456 GMT+0100,2789.631,2789.1690000000003,0.0016,0.0014
13.06.2018 00:49:35.507 GMT+0100,2789.631,2788.9700000000003,0.0062,0.0029
13.06.2018 00:50:28.300 GMT+0100,2789.3309999999997,2788.9700000000003,0.0016,0.0029
13.06.2018 00:50:28.350 GMT+0100,2789.3309999999997,2788.67,0.0062,0.0029
13.06.2018 00:51:14.681 GMT+0100,2789.631,2788.9690000000005,0.0062,0.0014
13.06.2018 00:51:14.731 GMT+0100,2789.631,2788.9700000000003,0.0062,0.0029
13.06.2018 00:51:15.436 GMT+0100,2789.33,2788.9700000000003,0.0016,0.0029
13.06.2018 00:51:15.486 GMT+0100,2789.33,2788.67,0.0031,0.0029
13.06.2018 00:52:31.205 GMT+0100,2789.53,2788.87,0.0041,0.0014
13.06.2018 00:52:31.256 GMT+0100,2789.53,2788.87,0.0031,0.0029
13.06.2018 00:52:31.827 GMT+0100,2789.3309999999997,2788.87,0.0016,0.0014
13.06.2018 00:52:31.878 GMT+0100,2789.3309999999997,2788.6690000000003,0.0062,0.0058
13.06.2018 00:52:31.994 GMT+0100,2789.63,2788.9700000000003,0.0062,0.0014
13.06.2018 00:52:32.044 GMT+0100,2789.63,2788.9700000000003,0.0031,0.0029
13.06.2018 00:52:42.971 GMT+0100,2789.33,2788.9700000000003,0.0016,0.0014
13.06.2018 00:52:43.022 GMT+0100,2789.33,2788.67,0.0031,0.0029
13.06.2018 00:54:00.978 GMT+0100,2789.33,2788.67,0.0062,0.0029
13.06.2018 00:54:01.032 GMT+0100,2789.2309999999998,2788.57,0.0062,0.0014
13.06.2018 00:54:52.660 GMT+0100,2789.03,2788.4690000000005,0.0016,0.0029
13.06.2018 00:54:52.710 GMT+0100,2789.03,2788.37,0.0031,0.0029
13.06.2018 00:54:54.573 GMT+0100,2789.13,2788.4700000000003,0.0062,0.0014
13.06.2018 00:54:54.624 GMT+0100,2789.13,2788.4700000000003,0.0031,0.0029
13.06.2018 00:55:08.107 GMT+0100,2789.031,2788.4700000000003,0.0016,0.0014
13.06.2018 00:55:08.158 GMT+0100,2789.031,2788.369,0.0062,0.0058
13.06.2018 00:55:10.018 GMT+0100,2788.83,2788.369,0.0016,0.0029
13.06.2018 00:55:10.069 GMT+0100,2788.83,2788.17,0.0062,0.0058
13.06.2018 00:55:10.179 GMT+0100,2789.03,2788.37,0.0062,0.0014
13.06.2018 00:55:10.229 GMT+0100,2789.03,2788.37,0.0031,0.0029
13.06.2018 00:55:23.725 GMT+0100,2789.131,2788.4690000000005,0.0062,0.0014
13.06.2018 00:55:23.776 GMT+0100,2789.131,2788.4700000000003,0.0062,0.0014
13.06.2018 00:55:24.489 GMT+0100,2789.031,2788.4700000000003,0.0016,0.0014
13.06.2018 00:55:24.540 GMT+0100,2789.031,2788.37,0.0062,0.0014
13.06.2018 00:55:27.055 GMT+0100,2788.83,2788.37,0.0016,0.0014
13.06.2018 00:55:27.106 GMT+0100,2788.83,2788.17,0.0062,0.0058
13.06.2018 00:55:27.230 GMT+0100,2789.031,2788.369,0.0062,0.0014
13.06.2018 00:55:27.280 GMT+0100,2789.031,2788.37,0.0062,0.0014
13.06.2018 00:55:41.153 GMT+0100,2788.83,2788.37,0.0016,0.0014
13.06.2018 00:55:41.207 GMT+0100,2788.83,2788.17,0.0062,0.0058
13.06.2018 00:55:55.596 GMT+0100,2789.13,2788.4700000000003,0.0062,0.0014
13.06.2018 00:55:55.647 GMT+0100,2789.13,2788.4700000000003,0.0016,0.0014
13.06.2018 00:57:23.591 GMT+0100,2788.631,2788.4690000000005,0.0016,0.0014
13.06.2018 00:57:23.641 GMT+0100,2788.631,2787.9700000000003,0.0062,0.0014
13.06.2018 00:57:23.989 GMT+0100,2788.83,2788.17,0.0031,0.0029
13.06.2018 00:59:18.350 GMT+0100,2789.03,2788.37,0.0041,0.0014
13.06.2018 00:59:18.401 GMT+0100,2789.03,2788.37,0.0031,0.0029
13.06.2018 00:59:18.500 GMT+0100,2788.8309999999997,2788.37,0.0016,0.0014
13.06.2018 00:59:18.551 GMT+0100,2788.8309999999997,2788.1690000000003,0.0062,0.0058
13.06.2018 00:59:47.498 GMT+0100,2789.03,2788.37,0.0062,0.0014
13.06.2018 00:59:47.549 GMT+0100,2789.03,2788.37,0.0062,0.0058
13.06.2018 00:59:49.249 GMT+0100,2789.03,2788.4700000000003,0.0016,0.0029
13.06.2018 00:59:49.299 GMT+0100,2789.13,2788.4700000000003,0.0062,0.0058
13.06.2018 00:59:51.369 GMT+0100,2789.03,2788.4700000000003,0.0016,0.0029
13.06.2018 00:59:51.419 GMT+0100,2789.03,2788.37,0.0062,0.0058
13.06.2018 00:59:57.153 GMT+0100,2789.03,2788.37,0.0062,0.0029
13.06.2018 00:59:57.210 GMT+0100,2788.83,2788.17,0.0016,0.0014
13.06.2018 01:00:09.673 GMT+0100,2789.131,2788.4690000000005,0.0062,0.0014
13.06.2018 01:00:09.723 GMT+0100,2789.131,2788.4690000000005,0.0062,0.0058
13.06.2018 01:00:44.315 GMT+0100,2789.131,2788.6690000000003,0.0031,0.0014
13.06.2018 01:00:44.416 GMT+0100,2789.33,2788.67,0.0016,0.0014
13.06.2018 01:00:50.550 GMT+0100,2789.631,2788.9690000000005,0.0062,0.0014
13.06.2018 01:00:50.601 GMT+0100,2789.631,2788.9700000000003,0.0062,0.0029
13.06.2018 01:02:23.093 GMT+0100,2789.33,2788.9700000000003,0.0016,0.0014
13.06.2018 01:02:23.144 GMT+0100,2789.33,2788.67,0.0062,0.0058
13.06.2018 01:02:46.547 GMT+0100,2789.63,2788.9700000000003,0.0062,0.0014
13.06.2018 01:02:46.598 GMT+0100,2789.63,2788.9700000000003,0.0062,0.0058
13.06.2018 01:02:51.667 GMT+0100,2789.33,2788.9700000000003,0.0016,0.0029
13.06.2018 01:02:51.789 GMT+0100,2789.33,2788.67,0.0031,0.0029
13.06.2018 01:03:00.798 GMT+0100,2789.631,2788.9690000000005,0.0062,0.0014
13.06.2018 01:03:00.849 GMT+0100,2789.631,2788.9700000000003,0.0062,0.0029
13.06.2018 01:03:01.064 GMT+0100,2789.531,2788.9700000000003,0.0016,0.0029
13.06.2018 01:03:01.115 GMT+0100,2789.531,2788.87,0.0062,0.0029
13.06.2018 01:03:01.631 GMT+0100,2789.3309999999997,2788.87,0.0016,0.0029
13.06.2018 01:03:01.681 GMT+0100,2789.3309999999997,2788.67,0.0062,0.0014
13.06.2018 01:03:04.378 GMT+0100,2789.531,2788.869,0.0062,0.0014
13.06.2018 01:03:04.428 GMT+0100,2789.531,2788.87,0.0062,0.0014
13.06.2018 01:03:05.051 GMT+0100,2789.63,2788.9700000000003,0.0062,0.0014
13.06.2018 01:03:05.101 GMT+0100,2789.63,2788.9700000000003,0.0016,0.0014
13.06.2018 01:03:09.227 GMT+0100,2789.33,2788.9690000000005,0.0016,0.0029
13.06.2018 01:03:09.278 GMT+0100,2789.33,2788.67,0.0031,0.0029
13.06.2018 01:03:24.849 GMT+0100,2789.531,2788.869,0.0062,0.0014
13.06.2018 01:03:24.900 GMT+0100,2789.531,2788.87,0.0062,0.0014
13.06.2018 01:03:25.011 GMT+0100,2789.631,2788.9690000000005,0.0062,0.0014
13.06.2018 01:03:25.061 GMT+0100,2789.631,2788.9700000000003,0.0062,0.0014
13.06.2018 01:03:27.670 GMT+0100,2789.631,2788.9690000000005,0.0062,0.0029
13.06.2018 01:03:27.771 GMT+0100,2789.33,2788.67,0.0016,0.0014
13.06.2018 01:03:37.123 GMT+0100,2789.53,2788.87,0.0062,0.0014
13.06.2018 01:03:37.173 GMT+0100,2789.53,2788.87,0.0031,0.0029
13.06.2018 01:03:37.373 GMT+0100,2789.631,2788.9690000000005,0.0062,0.0014
13.06.2018 01:03:37.423 GMT+0100,2789.631,2788.9700000000003,0.0062,0.0014
13.06.2018 01:03:38.558 GMT+0100,2789.3309999999997,2788.9700000000003,0.0016,0.0014
13.06.2018 01:03:38.608 GMT+0100,2789.3309999999997,2788.67,0.0062,0.0029
13.06.2018 01:03:48.092 GMT+0100,2789.63,2788.9700000000003,0.0031,0.0014
13.06.2018 01:03:48.143 GMT+0100,2789.63,2788.9700000000003,0.0016,0.0014
13.06.2018 01:05:10.240 GMT+0100,2789.83,2789.17,0.0041,0.0014
13.06.2018 01:05:10.291 GMT+0100,2789.83,2789.17,0.0016,0.0014
13.06.2018 01:05:29.879 GMT+0100,2789.63,2789.1690000000003,0.0016,0.0029
13.06.2018 01:05:29.929 GMT+0100,2789.63,2788.9700000000003,0.0062,0.0058
13.06.2018 01:05:38.334 GMT+0100,2789.53,2788.9700000000003,0.0016,0.0029
13.06.2018 01:05:38.385 GMT+0100,2789.53,2788.87,0.0062,0.0058
13.06.2018 01:05:38.496 GMT+0100,2789.33,2788.87,0.0016,0.0029
13.06.2018 01:05:38.547 GMT+0100,2789.33,2788.67,0.0031,0.0029
13.06.2018 01:05:38.952 GMT+0100,2789.33,2788.9690000000005,0.0031,0.0014
13.06.2018 01:05:39.003 GMT+0100,2789.631,2788.9690000000005,0.0062,0.0058
13.06.2018 01:05:50.502 GMT+0100,2789.3309999999997,2788.9690000000005,0.0016,0.0029
13.06.2018 01:05:50.552 GMT+0100,2789.3309999999997,2788.67,0.0062,0.0014
13.06.2018 01:06:42.442 GMT+0100,2789.53,2788.87,0.0062,0.0014
13.06.2018 01:06:42.493 GMT+0100,2789.53,2788.87,0.0031,0.0029
13.06.2018 01:06:43.543 GMT+0100,2789.63,2788.9700000000003,0.0062,0.0014
13.06.2018 01:06:43.594 GMT+0100,2789.63,2788.9700000000003,0.0016,0.0014
13.06.2018 01:07:01.556 GMT+0100,2789.3309999999997,2788.9690000000005,0.0016,0.0029
13.06.2018 01:07:01.607 GMT+0100,2789.3309999999997,2788.6690000000003,0.0062,0.0058
13.06.2018 01:07:40.801 GMT+0100,2789.13,2788.6690000000003,0.0016,0.0029
13.06.2018 01:07:40.852 GMT+0100,2789.13,2788.4700000000003,0.0016,0.0014
13.06.2018 01:08:00.528 GMT+0100,2789.2309999999998,2788.5690000000004,0.0062,0.0014
13.06.2018 01:08:00.580 GMT+0100,2789.2309999999998,2788.5690000000004,0.0062,0.0058
13.06.2018 01:08:00.675 GMT+0100,2789.33,2788.67,0.0062,0.0014
13.06.2018 01:08:00.726 GMT+0100,2789.33,2788.67,0.0016,0.0014
13.06.2018 01:08:05.630 GMT+0100,2789.13,2788.6690000000003,0.0016,0.0029
13.06.2018 01:08:05.681 GMT+0100,2789.13,2788.4700000000003,0.0031,0.0029
13.06.2018 01:08:40.577 GMT+0100,2788.8309999999997,2788.4700000000003,0.0016,0.0014
13.06.2018 01:08:40.628 GMT+0100,2788.8309999999997,2788.17,0.0062,0.0014
13.06.2018 01:08:49.740 GMT+0100,2789.13,2788.4700000000003,0.0062,0.0014
13.06.2018 01:08:49.790 GMT+0100,2789.13,2788.4700000000003,0.0062,0.0058
13.06.2018 01:08:57.377 GMT+0100,2789.23,2788.57,0.0062,0.0014
13.06.2018 01:08:57.427 GMT+0100,2789.23,2788.57,0.0016,0.0014
13.06.2018 01:08:57.526 GMT+0100,2789.3309999999997,2788.6690000000003,0.0062,0.0014
13.06.2018 01:08:57.577 GMT+0100,2789.3309999999997,2788.6690000000003,0.0062,0.0058
13.06.2018 01:09:26.961 GMT+0100,2789.631,2788.9690000000005,0.0062,0.0014
13.06.2018 01:09:27.011 GMT+0100,2789.631,2788.9690000000005,0.0062,0.0058
13.06.2018 01:09:28.733 GMT+0100,2789.8309999999997,2789.1690000000003,0.0062,0.0014
13.06.2018 01:09:28.783 GMT+0100,2789.8309999999997,2789.17,0.0062,0.0014
13.06.2018 01:09:33.427 GMT+0100,2789.63,2789.17,0.0016,0.0014
13.06.2018 01:09:33.580 GMT+0100,2789.63,2788.9700000000003,0.0062,0.0058
13.06.2018 01:09:43.195 GMT+0100,2789.83,2789.17,0.0062,0.0014
13.06.2018 01:09:43.246 GMT+0100,2789.83,2789.17,0.0031,0.0029
13.06.2018 01:09:55.748 GMT+0100,2790.13,2789.4700000000003,0.0062,0.0029
13.06.2018 01:09:55.799 GMT+0100,2790.13,2789.4700000000003,0.0062,0.0058
13.06.2018 01:09:57.956 GMT+0100,2789.8309999999997,2789.4700000000003,0.0016,0.0029
13.06.2018 01:09:58.006 GMT+0100,2789.8309999999997,2789.17,0.0062,0.0014
13.06.2018 01:09:59.428 GMT+0100,2790.13,2789.4700000000003,0.0062,0.0014
13.06.2018 01:09:59.478 GMT+0100,2790.13,2789.4700000000003,0.0031,0.0029
13.06.2018 01:10:25.532 GMT+0100,2790.13,2789.4700000000003,0.0062,0.0029
13.06.2018 01:10:25.583 GMT+0100,2789.83,2789.17,0.0031,0.0029
13.06.2018 01:10:30.050 GMT+0100,2789.83,2789.4700000000003,0.0016,0.0014
13.06.2018 01:10:30.100 GMT+0100,2790.13,2789.4700000000003,0.0031,0.0029
13.06.2018 01:10:36.215 GMT+0100,2790.13,2789.4700000000003,0.0031,0.0014
13.06.2018 01:10:36.266 GMT+0100,2789.83,2789.17,0.0016,0.0014
13.06.2018 01:12:39.197 GMT+0100,2790.131,2789.4690000000005,0.0041,0.0014
13.06.2018 01:12:39.248 GMT+0100,2790.131,2789.4700000000003,0.0062,0.0029
13.06.2018 01:12:57.662 GMT+0100,2790.33,2789.67,0.0062,0.0014
13.06.2018 01:12:57.713 GMT+0100,2790.33,2789.67,0.0016,0.0014
13.06.2018 01:13:13.633 GMT+0100,2790.13,2789.6690000000003,0.0016,0.0029
13.06.2018 01:13:13.684 GMT+0100,2790.13,2789.4700000000003,0.0016,0.0014
13.06.2018 01:13:23.838 GMT+0100,2789.83,2789.4690000000005,0.0016,0.0029
13.06.2018 01:13:23.889 GMT+0100,2789.83,2789.17,0.0062,0.0058
13.06.2018 01:13:33.295 GMT+0100,2790.131,2789.4690000000005,0.0062,0.0014
13.06.2018 01:13:33.345 GMT+0100,2790.131,2789.4700000000003,0.0062,0.0029
13.06.2018 01:13:59.175 GMT+0100,2789.83,2789.4700000000003,0.0016,0.0029
13.06.2018 01:13:59.226 GMT+0100,2789.83,2789.17,0.0031,0.0029
13.06.2018 01:15:14.395 GMT+0100,2789.631,2789.1690000000003,0.0016,0.0014
13.06.2018 01:15:14.445 GMT+0100,2789.631,2788.9690000000005,0.0062,0.0058
13.06.2018 01:15:24.376 GMT+0100,2789.83,2789.17,0.0062,0.0014
13.06.2018 01:15:24.427 GMT+0100,2789.83,2789.17,0.0031,0.0029
13.06.2018 01:15:36.390 GMT+0100,2790.13,2789.4700000000003,0.0062,0.0014
13.06.2018 01:15:36.441 GMT+0100,2790.13,2789.4700000000003,0.0062,0.0058
13.06.2018 01:15:36.551 GMT+0100,2790.33,2789.67,0.0062,0.0014
13.06.2018 01:15:36.602 GMT+0100,2790.33,2789.67,0.0031,0.0029
13.06.2018 01:15:39.041 GMT+0100,2790.13,2789.67,0.0016,0.0014
13.06.2018 01:15:39.092 GMT+0100,2790.13,2789.4700000000003,0.0031,0.0029
13.06.2018 01:15:42.733 GMT+0100,2790.33,2789.67,0.0062,0.0014
13.06.2018 01:15:42.783 GMT+0100,2790.33,2789.67,0.0031,0.0029
13.06.2018 01:15:48.630 GMT+0100,2790.131,2789.4700000000003,0.0062,0.0014
13.06.2018 01:15:51.568 GMT+0100,2789.83,2789.4700000000003,0.0016,0.0014
13.06.2018 01:15:51.618 GMT+0100,2789.83,2789.17,0.0031,0.0029
13.06.2018 01:15:53.302 GMT+0100,2789.83,2789.17,0.0031,0.0014
13.06.2018 01:15:53.353 GMT+0100,2789.63,2788.9700000000003,0.0016,0.0014
13.06.2018 01:15:56.332 GMT+0100,2789.8309999999997,2789.1690000000003,0.0062,0.0014
13.06.2018 01:15:56.382 GMT+0100,2789.8309999999997,2789.1690000000003,0.0062,0.0058
13.06.2018 01:16:00.775 GMT+0100,2789.63,2789.1690000000003,0.0016,0.0029
13.06.2018 01:16:00.826 GMT+0100,2789.63,2788.9700000000003,0.0062,0.0058
13.06.2018 01:16:09.399 GMT+0100,2789.33,2788.9700000000003,0.0016,0.0029
13.06.2018 01:16:09.450 GMT+0100,2789.33,2788.67,0.0016,0.0014
13.06.2018 01:16:11.110 GMT+0100,2789.631,2788.9690000000005,0.0062,0.0014
13.06.2018 01:16:11.160 GMT+0100,2789.631,2788.9700000000003,0.0062,0.0014
13.06.2018 01:16:12.185 GMT+0100,2789.631,2788.9690000000005,0.0062,0.0029
13.06.2018 01:16:12.235 GMT+0100,2789.53,2788.87,0.0031,0.0029
13.06.2018 01:16:12.347 GMT+0100,2789.33,2788.87,0.0016,0.0014
13.06.2018 01:16:12.418 GMT+0100,2789.33,2788.67,0.0016,0.0014
13.06.2018 01:16:12.514 GMT+0100,2789.33,2788.9690000000005,0.0016,0.0014
13.06.2018 01:16:12.565 GMT+0100,2789.631,2788.9700000000003,0.0062,0.0014
13.06.2018 01:16:12.674 GMT+0100,2789.3309999999997,2788.9700000000003,0.0016,0.0014
13.06.2018 01:16:12.725 GMT+0100,2789.3309999999997,2788.6690000000003,0.0062,0.0058
13.06.2018 01:16:21.854 GMT+0100,2789.3309999999997,2788.87,0.0031,0.0014
13.06.2018 01:16:21.905 GMT+0100,2789.53,2788.87,0.0062,0.0058
13.06.2018 01:16:22.473 GMT+0100,2789.53,2788.87,0.0062,0.0029
13.06.2018 01:16:22.524 GMT+0100,2789.33,2788.67,0.0031,0.0029
13.06.2018 01:16:24.058 GMT+0100,2789.33,2788.9700000000003,0.0031,0.0014
13.06.2018 01:16:24.108 GMT+0100,2789.631,2788.9700000000003,0.0062,0.0014
13.06.2018 01:17:05.727 GMT+0100,2789.631,2789.17,0.0031,0.0014
13.06.2018 01:17:05.777 GMT+0100,2789.83,2789.17,0.0031,0.0029
13.06.2018 01:17:15.271 GMT+0100,2790.131,2789.4690000000005,0.0062,0.0014
13.06.2018 01:17:15.321 GMT+0100,2790.131,2789.4700000000003,0.0062,0.0029
13.06.2018 01:17:17.516 GMT+0100,2789.83,2789.4700000000003,0.0016,0.0029
13.06.2018 01:17:17.567 GMT+0100,2789.83,2789.17,0.0031,0.0029
13.06.2018 01:17:55.832 GMT+0100,2790.13,2789.4700000000003,0.0062,0.0014
13.06.2018 01:17:55.883 GMT+0100,2790.13,2789.4700000000003,0.0031,0.0029
13.06.2018 01:18:19.629 GMT+0100,2790.3309999999997,2789.6690000000003,0.0062,0.0014
13.06.2018 01:18:19.680 GMT+0100,2790.3309999999997,2789.67,0.0062,0.0014
13.06.2018 01:18:43.059 GMT+0100,2790.131,2789.67,0.0016,0.0014
13.06.2018 01:18:43.110 GMT+0100,2790.131,2789.4700000000003,0.0062,0.0029
13.06.2018 01:19:00.664 GMT+0100,2790.3309999999997,2789.6690000000003,0.0062,0.0014
13.06.2018 01:19:00.715 GMT+0100,2790.3309999999997,2789.67,0.0062,0.0029
13.06.2018 01:19:00.827 GMT+0100,2790.13,2789.67,0.0016,0.0029
13.06.2018 01:19:00.877 GMT+0100,2790.13,2789.4700000000003,0.0062,0.0058
13.06.2018 01:19:09.046 GMT+0100,2789.8309999999997,2789.4700000000003,0.0016,0.0029
13.06.2018 01:19:09.097 GMT+0100,2789.8309999999997,2789.17,0.0062,0.0014
13.06.2018 01:19:58.768 GMT+0100,2789.631,2789.17,0.0016,0.0014
13.06.2018 01:19:58.819 GMT+0100,2789.631,2788.9700000000003,0.0062,0.0029
13.06.2018 01:20:03.585 GMT+0100,2789.83,2789.17,0.0062,0.0014
13.06.2018 01:20:03.636 GMT+0100,2789.83,2789.17,0.0031,0.0029
13.06.2018 01:21:24.485 GMT+0100,2790.131,2789.4690000000005,0.0041,0.0014
13.06.2018 01:21:24.536 GMT+0100,2790.131,2789.4700000000003,0.0062,0.0014
13.06.2018 01:22:04.633 GMT+0100,2789.8309999999997,2789.4700000000003,0.0031,0.0014
13.06.2018 01:22:04.683 GMT+0100,2789.8309999999997,2789.17,0.0062,0.0014
13.06.2018 01:22:38.988 GMT+0100,2790.13,2789.4700000000003,0.0062,0.0014
13.06.2018 01:22:39.039 GMT+0100,2790.13,2789.4700000000003,0.0031,0.0029
13.06.2018 01:23:27.115 GMT+0100,2790.33,2789.67,0.0062,0.0014
13.06.2018 01:23:27.166 GMT+0100,2790.33,2789.67,0.0016,0.0014
13.06.2018 01:23:29.076 GMT+0100,2790.63,2789.9700000000003,0.0062,0.0014
13.06.2018 01:23:29.130 GMT+0100,2790.63,2789.9700000000003,0.0016,0.0014
13.06.2018 01:23:30.554 GMT+0100,2790.3309999999997,2789.9690000000005,0.0016,0.0029
13.06.2018 01:23:30.605 GMT+0100,2790.3309999999997,2789.67,0.0062,0.0014
13.06.2018 01:23:34.453 GMT+0100,2790.53,2789.87,0.0062,0.0014
13.06.2018 01:23:34.503 GMT+0100,2790.53,2789.87,0.0031,0.0029
13.06.2018 01:23:34.618 GMT+0100,2790.631,2789.9690000000005,0.0062,0.0014
13.06.2018 01:23:34.668 GMT+0100,2790.631,2789.9700000000003,0.0062,0.0014
13.06.2018 01:23:35.459 GMT+0100,2790.3309999999997,2789.9700000000003,0.0016,0.0014
13.06.2018 01:23:35.510 GMT+0100,2790.3309999999997,2789.67,0.0062,0.0014
13.06.2018 01:23:36.780 GMT+0100,2790.53,2789.87,0.0062,0.0014
13.06.2018 01:23:36.830 GMT+0100,2790.53,2789.87,0.0016,0.0014
13.06.2018 01:23:37.130 GMT+0100,2790.3309999999997,2789.869,0.0016,0.0029
13.06.2018 01:23:37.181 GMT+0100,2790.3309999999997,2789.67,0.0062,0.0029
13.06.2018 01:23:37.295 GMT+0100,2790.53,2789.87,0.0062,0.0014
13.06.2018 01:23:37.346 GMT+0100,2790.53,2789.87,0.0062,0.0058
13.06.2018 01:23:37.584 GMT+0100,2790.63,2789.9700000000003,0.0062,0.0014
13.06.2018 01:23:37.637 GMT+0100,2790.63,2789.9700000000003,0.0016,0.0014
13.06.2018 01:23:37.747 GMT+0100,2790.3309999999997,2789.9690000000005,0.0016,0.0029
13.06.2018 01:23:37.798 GMT+0100,2790.3309999999997,2789.67,0.0062,0.0029
13.06.2018 01:23:42.269 GMT+0100,2790.3309999999997,2790.1659999999997,0.0031,0.0014
13.06.2018 01:23:42.319 GMT+0100,2790.8309999999997,2790.17,0.0062,0.0014
13.06.2018 01:23:42.534 GMT+0100,2791.131,2790.4690000000005,0.0062,0.0014
13.06.2018 01:23:42.585 GMT+0100,2791.131,2790.4700000000003,0.0062,0.0014
13.06.2018 01:23:42.867 GMT+0100,2790.8309999999997,2790.4700000000003,0.0016,0.0014
13.06.2018 01:23:42.918 GMT+0100,2790.8309999999997,2790.17,0.0062,0.0014
13.06.2018 01:23:44.112 GMT+0100,2791.13,2790.4700000000003,0.0062,0.0014
13.06.2018 01:23:44.163 GMT+0100,2791.13,2790.4700000000003,0.0062,0.0058
13.06.2018 01:23:44.999 GMT+0100,2790.83,2790.4700000000003,0.0016,0.0029
13.06.2018 01:23:45.050 GMT+0100,2790.83,2790.17,0.0031,0.0029
13.06.2018 01:23:45.476 GMT+0100,2791.031,2790.369,0.0062,0.0014
13.06.2018 01:23:45.527 GMT+0100,2791.031,2790.37,0.0062,0.0029
13.06.2018 01:23:45.637 GMT+0100,2791.13,2790.4700000000003,0.0062,0.0014
13.06.2018 01:23:45.687 GMT+0100,2791.13,2790.4700000000003,0.0016,0.0014
13.06.2018 01:23:45.803 GMT+0100,2790.83,2790.4690000000005,0.0016,0.0029
13.06.2018 01:23:45.854 GMT+0100,2790.83,2790.17,0.0016,0.0014
13.06.2018 01:24:44.236 GMT+0100,2790.631,2790.1690000000003,0.0016,0.0029
13.06.2018 01:24:44.286 GMT+0100,2790.631,2789.9700000000003,0.0062,0.0014
13.06.2018 01:24:45.075 GMT+0100,2790.8309999999997,2790.1690000000003,0.0062,0.0014
13.06.2018 01:24:45.127 GMT+0100,2790.8309999999997,2790.1690000000003,0.0062,0.0058
13.06.2018 01:24:45.385 GMT+0100,2790.63,2790.1690000000003,0.0016,0.0029
13.06.2018 01:24:45.436 GMT+0100,2790.63,2789.9700000000003,0.0031,0.0029
13.06.2018 01:24:46.368 GMT+0100,2790.63,2790.1690000000003,0.0031,0.0014
13.06.2018 01:24:46.418 GMT+0100,2790.8309999999997,2790.17,0.0062,0.0014
13.06.2018 01:24:55.992 GMT+0100,2790.63,2790.17,0.0016,0.0014
13.06.2018 01:24:56.043 GMT+0100,2790.63,2789.9700000000003,0.0031,0.0029
13.06.2018 01:25:03.723 GMT+0100,2790.83,2790.17,0.0062,0.0014
13.06.2018 01:25:03.773 GMT+0100,2790.83,2790.17,0.0016,0.0014
13.06.2018 01:25:03.889 GMT+0100,2790.63,2790.1690000000003,0.0016,0.0029
13.06.2018 01:25:03.939 GMT+0100,2790.63,2789.9700000000003,0.0031,0.0029
13.06.2018 01:25:06.335 GMT+0100,2790.63,2790.17,0.0016,0.0029
13.06.2018 01:25:06.385 GMT+0100,2790.8309999999997,2790.17,0.0062,0.0029
13.06.2018 01:25:58.466 GMT+0100,2791.13,2790.4700000000003,0.0062,0.0014
13.06.2018 01:25:58.517 GMT+0100,2791.13,2790.4700000000003,0.0031,0.0029
13.06.2018 01:26:00.934 GMT+0100,2790.8309999999997,2790.4700000000003,0.0016,0.0014
13.06.2018 01:26:00.984 GMT+0100,2790.8309999999997,2790.17,0.0062,0.0029
13.06.2018 01:26:01.263 GMT+0100,2791.13,2790.4700000000003,0.0062,0.0014
13.06.2018 01:26:01.313 GMT+0100,2791.13,2790.4700000000003,0.0016,0.0014
13.06.2018 01:26:05.832 GMT+0100,2790.8309999999997,2790.4690000000005,0.0016,0.0029
13.06.2018 01:26:05.882 GMT+0100,2790.8309999999997,2790.17,0.0062,0.0014
13.06.2018 01:26:12.594 GMT+0100,2790.631,2790.17,0.0016,0.0014
13.06.2018 01:26:12.645 GMT+0100,2790.631,2789.9700000000003,0.0062,0.0029
13.06.2018 01:26:19.712 GMT+0100,2790.33,2789.9700000000003,0.0016,0.0029
13.06.2018 01:26:19.762 GMT+0100,2790.33,2789.67,0.0031,0.0029
13.06.2018 01:26:26.532 GMT+0100,2790.63,2789.9700000000003,0.0062,0.0014
13.06.2018 01:26:26.583 GMT+0100,2790.63,2789.9700000000003,0.0062,0.0058
13.06.2018 01:26:42.815 GMT+0100,2790.3309999999997,2789.9700000000003,0.0016,0.0029
13.06.2018 01:26:42.906 GMT+0100,2790.3309999999997,2789.67,0.0062,0.0029
13.06.2018 01:26:47.838 GMT+0100,2790.631,2789.9690000000005,0.0062,0.0014
13.06.2018 01:26:47.889 GMT+0100,2790.631,2789.9700000000003,0.0062,0.0014
13.06.2018 01:28:12.296 GMT+0100,2790.3309999999997,2789.9700000000003,0.0016,0.0014
13.06.2018 01:28:12.347 GMT+0100,2790.3309999999997,2789.67,0.0062,0.0029
13.06.2018 01:28:12.870 GMT+0100,2790.531,2789.869,0.0062,0.0014
13.06.2018 01:28:12.920 GMT+0100,2790.531,2789.87,0.0062,0.0014
13.06.2018 01:28:13.037 GMT+0100,2790.33,2789.87,0.0016,0.0014
13.06.2018 01:28:13.088 GMT+0100,2790.33,2789.67,0.0031,0.0029
13.06.2018 01:28:38.884 GMT+0100,2790.53,2789.87,0.0062,0.0014
13.06.2018 01:28:38.934 GMT+0100,2790.53,2789.87,0.0016,0.0014
13.06.2018 01:28:41.872 GMT+0100,2790.3309999999997,2789.869,0.0016,0.0029
13.06.2018 01:28:41.922 GMT+0100,2790.3309999999997,2789.67,0.0062,0.0029
13.06.2018 01:28:50.987 GMT+0100,2790.2309999999998,2789.67,0.0016,0.0029
13.06.2018 01:28:51.116 GMT+0100,2790.2309999999998,2789.5690000000004,0.0062,0.0058
13.06.2018 01:28:51.173 GMT+0100,2790.13,2789.5690000000004,0.0016,0.0014
13.06.2018 01:28:51.223 GMT+0100,2790.13,2789.4700000000003,0.0031,0.0029
13.06.2018 01:28:53.474 GMT+0100,2790.33,2789.67,0.0062,0.0014
13.06.2018 01:28:53.525 GMT+0100,2790.33,2789.67,0.0016,0.0014
13.06.2018 01:29:05.469 GMT+0100,2790.13,2789.6690000000003,0.0016,0.0029
13.06.2018 01:29:05.519 GMT+0100,2790.13,2789.4700000000003,0.0031,0.0029
13.06.2018 01:29:08.287 GMT+0100,2790.3309999999997,2789.6690000000003,0.0062,0.0014
13.06.2018 01:29:08.338 GMT+0100,2790.3309999999997,2789.67,0.0062,0.0029
13.06.2018 01:29:16.777 GMT+0100,2790.631,2789.9690000000005,0.0062,0.0014
13.06.2018 01:29:16.827 GMT+0100,2790.631,2789.9700000000003,0.0062,0.0014
13.06.2018 01:30:00.613 GMT+0100,2790.631,2790.17,0.0031,0.0014
13.06.2018 01:30:00.663 GMT+0100,2790.8309999999997,2790.17,0.0062,0.0029
13.06.2018 01:31:27.768 GMT+0100,2790.631,2790.17,0.0016,0.0014
13.06.2018 01:31:27.819 GMT+0100,2790.631,2789.9700000000003,0.0062,0.0014
13.06.2018 01:31:49.770 GMT+0100,2790.83,2790.17,0.0062,0.0014
13.06.2018 01:31:49.821 GMT+0100,2790.83,2790.17,0.0016,0.0014
13.06.2018 01:33:58.485 GMT+0100,2791.131,2790.4690000000005,0.0041,0.0014
13.06.2018 01:33:58.536 GMT+0100,2791.131,2790.4700000000003,0.0062,0.0014
13.06.2018 01:33:58.724 GMT+0100,2790.6340000000005,2790.4700000000003,0.0016,0.0014
13.06.2018 01:33:58.775 GMT+0100,2790.631,2789.9700000000003,0.0062,0.0014
13.06.2018 01:34:10.511 GMT+0100,2790.8309999999997,2790.1690000000003,0.0062,0.0014
13.06.2018 01:34:10.562 GMT+0100,2790.8309999999997,2790.17,0.0062,0.0029
13.06.2018 01:37:30.739 GMT+0100,2791.131,2790.4690000000005,0.0041,0.0014
13.06.2018 01:37:30.789 GMT+0100,2791.131,2790.4700000000003,0.0062,0.0014
13.06.2018 01:38:31.909 GMT+0100,2790.8309999999997,2790.4700000000003,0.0016,0.0014
13.06.2018 01:38:31.960 GMT+0100,2790.8309999999997,2790.17,0.0062,0.0029
13.06.2018 01:38:36.026 GMT+0100,2790.63,2790.17,0.0016,0.0029
13.06.2018 01:38:36.077 GMT+0100,2790.63,2789.9700000000003,0.0062,0.0058
13.06.2018 01:38:50.543 GMT+0100,2790.33,2789.9700000000003,0.0016,0.0029
13.06.2018 01:38:50.594 GMT+0100,2790.33,2789.67,0.0031,0.0029
13.06.2018 01:39:11.381 GMT+0100,2790.631,2789.9690000000005,0.0062,0.0014
13.06.2018 01:39:11.432 GMT+0100,2790.631,2789.9700000000003,0.0062,0.0014
13.06.2018 01:39:35.233 GMT+0100,2790.33,2789.9700000000003,0.0016,0.0014
13.06.2018 01:39:35.283 GMT+0100,2790.33,2789.67,0.0016,0.0014
13.06.2018 01:40:06.926 GMT+0100,2790.131,2789.6690000000003,0.0016,0.0029
13.06.2018 01:40:06.976 GMT+0100,2790.131,2789.4700000000003,0.0062,0.0029
13.06.2018 01:40:30.145 GMT+0100,2789.83,2789.4700000000003,0.0016,0.0029
13.06.2018 01:40:30.196 GMT+0100,2789.83,2789.17,0.0016,0.0014
13.06.2018 01:40:39.480 GMT+0100,2789.631,2789.1690000000003,0.0016,0.0029
13.06.2018 01:40:39.530 GMT+0100,2789.631,2788.9700000000003,0.0062,0.0014
13.06.2018 01:40:44.142 GMT+0100,2789.33,2788.9700000000003,0.0016,0.0014
13.06.2018 01:40:44.192 GMT+0100,2789.33,2788.67,0.0031,0.0029
13.06.2018 01:40:47.201 GMT+0100,2789.63,2788.9700000000003,0.0062,0.0014
13.06.2018 01:40:47.252 GMT+0100,2789.63,2788.9700000000003,0.0031,0.0029
13.06.2018 01:40:48.581 GMT+0100,2789.63,2788.9700000000003,0.0031,0.0014
13.06.2018 01:40:48.632 GMT+0100,2789.13,2788.4700000000003,0.0016,0.0014
13.06.2018 01:40:49.922 GMT+0100,2789.33,2788.67,0.0062,0.0014
13.06.2018 01:40:49.972 GMT+0100,2789.33,2788.67,0.0031,0.0029
13.06.2018 01:41:01.461 GMT+0100,2789.131,2788.67,0.0016,0.0014
13.06.2018 01:41:01.512 GMT+0100,2789.131,2788.4700000000003,0.0062,0.0014
13.06.2018 01:41:02.443 GMT+0100,2789.131,2788.6690000000003,0.0031,0.0014
13.06.2018 01:41:02.493 GMT+0100,2789.33,2788.67,0.0016,0.0014
13.06.2018 01:41:08.077 GMT+0100,2789.63,2788.9700000000003,0.0062,0.0014
13.06.2018 01:41:08.127 GMT+0100,2789.63,2788.9700000000003,0.0016,0.0014
13.06.2018 01:41:09.984 GMT+0100,2789.53,2788.9690000000005,0.0016,0.0029
13.06.2018 01:41:10.035 GMT+0100,2789.53,2788.87,0.0031,0.0029
13.06.2018 01:41:10.976 GMT+0100,2789.3309999999997,2788.87,0.0016,0.0014
13.06.2018 01:41:11.027 GMT+0100,2789.3309999999997,2788.67,0.0062,0.0014
13.06.2018 01:41:15.816 GMT+0100,2789.63,2788.9700000000003,0.0062,0.0029
13.06.2018 01:41:15.866 GMT+0100,2789.63,2788.9700000000003,0.0031,0.0029
13.06.2018 01:41:16.408 GMT+0100,2789.3309999999997,2788.9700000000003,0.0016,0.0014
13.06.2018 01:41:16.458 GMT+0100,2789.3309999999997,2788.67,0.0062,0.0014
13.06.2018 01:41:17.136 GMT+0100,2789.63,2788.9700000000003,0.0062,0.0014
13.06.2018 01:41:17.186 GMT+0100,2789.63,2788.9700000000003,0.0062,0.0058
13.06.2018 01:45:56.796 GMT+0100,2789.131,2788.9700000000003,0.0016,0.0014
13.06.2018 01:45:56.850 GMT+0100,2789.131,2788.4690000000005,0.0062,0.0058
13.06.2018 01:45:58.715 GMT+0100,2789.3309999999997,2788.6690000000003,0.0062,0.0014
13.06.2018 01:45:58.765 GMT+0100,2789.3309999999997,2788.67,0.0062,0.0029
13.06.2018 01:46:09.799 GMT+0100,2789.13,2788.67,0.0016,0.0029
13.06.2018 01:46:09.850 GMT+0100,2789.13,2788.4700000000003,0.0031,0.0029
13.06.2018 01:46:35.281 GMT+0100,2789.33,2788.67,0.0062,0.0014
13.06.2018 01:46:35.332 GMT+0100,2789.33,2788.67,0.0031,0.0029
13.06.2018 01:46:44.790 GMT+0100,2789.63,2788.9700000000003,0.0062,0.0014
13.06.2018 01:46:44.842 GMT+0100,2789.63,2788.9700000000003,0.0016,0.0014
13.06.2018 01:46:45.365 GMT+0100,2789.3309999999997,2788.9690000000005,0.0016,0.0029
13.06.2018 01:46:45.415 GMT+0100,2789.3309999999997,2788.6690000000003,0.0062,0.0058
13.06.2018 01:46:48.465 GMT+0100,2789.63,2788.9700000000003,0.0062,0.0014
13.06.2018 01:46:48.515 GMT+0100,2789.63,2788.9700000000003,0.0016,0.0014
13.06.2018 01:47:03.852 GMT+0100,2789.83,2789.17,0.0062,0.0014
13.06.2018 01:47:03.902 GMT+0100,2789.83,2789.17,0.0016,0.0014
13.06.2018 01:47:44.237 GMT+0100,2789.631,2789.1690000000003,0.0016,0.0029
13.06.2018 01:47:44.288 GMT+0100,2789.631,2788.9700000000003,0.0062,0.0029
13.06.2018 01:48:49.794 GMT+0100,2789.8309999999997,2789.1690000000003,0.0041,0.0014
13.06.2018 01:48:49.844 GMT+0100,2789.8309999999997,2789.1690000000003,0.0062,0.0058
13.06.2018 01:51:04.226 GMT+0100,2789.63,2789.1690000000003,0.0016,0.0014
13.06.2018 01:51:04.277 GMT+0100,2789.63,2788.9700000000003,0.0062,0.0058
13.06.2018 01:51:05.965 GMT+0100,2789.83,2789.17,0.0062,0.0014
13.06.2018 01:51:06.016 GMT+0100,2789.83,2789.17,0.0031,0.0029
13.06.2018 01:51:07.053 GMT+0100,2789.631,2789.17,0.0016,0.0014
13.06.2018 01:51:07.103 GMT+0100,2789.631,2788.9690000000005,0.0062,0.0058
13.06.2018 01:51:39.481 GMT+0100,2789.8309999999997,2789.1690000000003,0.0062,0.0014
13.06.2018 01:51:39.532 GMT+0100,2789.8309999999997,2789.17,0.0062,0.0014
13.06.2018 01:51:40.918 GMT+0100,2789.63,2789.17,0.0016,0.0014
13.06.2018 01:51:40.969 GMT+0100,2789.63,2788.9700000000003,0.0031,0.0029
13.06.2018 01:53:29.375 GMT+0100,2789.8309999999997,2789.1690000000003,0.0041,0.0014
13.06.2018 01:53:29.426 GMT+0100,2789.8309999999997,2789.17,0.0062,0.0029
13.06.2018 01:55:10.622 GMT+0100,2789.631,2789.17,0.0016,0.0014
13.06.2018 01:55:10.673 GMT+0100,2789.631,2788.9700000000003,0.0062,0.0014
13.06.2018 01:55:30.460 GMT+0100,2789.1340000000005,2788.9700000000003,0.0016,0.0014
13.06.2018 01:55:30.511 GMT+0100,2789.131,2788.4690000000005,0.0062,0.0058
13.06.2018 01:55:40.092 GMT+0100,2789.3309999999997,2788.6690000000003,0.0062,0.0014
13.06.2018 01:55:40.143 GMT+0100,2789.3309999999997,2788.67,0.0062,0.0029
13.06.2018 01:57:23.459 GMT+0100,2789.63,2788.9700000000003,0.0031,0.0029
13.06.2018 01:58:07.087 GMT+0100,2789.8309999999997,2789.1690000000003,0.0062,0.0029
13.06.2018 01:58:07.137 GMT+0100,2789.8309999999997,2789.1690000000003,0.0062,0.0058
13.06.2018 01:58:36.778 GMT+0100,2789.631,2789.1690000000003,0.0016,0.0029
13.06.2018 01:58:36.828 GMT+0100,2789.631,2788.9700000000003,0.0062,0.0014
13.06.2018 01:58:41.850 GMT+0100,2789.7309999999998,2789.0690000000004,0.0062,0.0014
13.06.2018 01:58:41.900 GMT+0100,2789.7309999999998,2789.0690000000004,0.0062,0.0058
13.06.2018 01:58:42.253 GMT+0100,2789.83,2789.17,0.0062,0.0014
13.06.2018 01:58:42.303 GMT+0100,2789.83,2789.17,0.0031,0.0029
13.06.2018 02:00:18.716 GMT+0100,2790.131,2789.4690000000005,0.0041,0.0014
13.06.2018 02:00:18.766 GMT+0100,2790.131,2789.4700000000003,0.0062,0.0014
13.06.2018 02:00:23.654 GMT+0100,2789.83,2789.4700000000003,0.0016,0.0014
13.06.2018 02:00:23.705 GMT+0100,2789.83,2789.17,0.0062,0.0058
13.06.2018 02:01:16.408 GMT+0100,2790.131,2789.4690000000005,0.0062,0.0014
13.06.2018 02:01:16.459 GMT+0100,2790.131,2789.4700000000003,0.0062,0.0014
13.06.2018 02:01:21.472 GMT+0100,2789.83,2789.4700000000003,0.0016,0.0014
13.06.2018 02:01:21.522 GMT+0100,2789.83,2789.17,0.0062,0.0058
13.06.2018 02:02:01.241 GMT+0100,2790.3309999999997,2789.6659999999997,0.0062,0.0014
13.06.2018 02:02:01.293 GMT+0100,2790.3309999999997,2789.67,0.0062,0.0014
13.06.2018 02:05:48.170 GMT+0100,2790.631,2789.9690000000005,0.0041,0.0014
13.06.2018 02:05:48.221 GMT+0100,2790.631,2789.9690000000005,0.0062,0.0058
13.06.2018 02:07:38.626 GMT+0100,2790.8309999999997,2790.1690000000003,0.0041,0.0014
13.06.2018 02:07:38.686 GMT+0100,2790.8309999999997,2790.17,0.0062,0.0014
13.06.2018 02:07:50.103 GMT+0100,2790.63,2790.17,0.0016,0.0014
13.06.2018 02:07:50.154 GMT+0100,2790.63,2789.9700000000003,0.0016,0.0014
13.06.2018 02:07:55.496 GMT+0100,2790.63,2790.17,0.0016,0.0014
13.06.2018 02:07:55.547 GMT+0100,2790.83,2790.17,0.0031,0.0029
13.06.2018 02:07:58.582 GMT+0100,2790.63,2790.17,0.0016,0.0014
13.06.2018 02:07:58.632 GMT+0100,2790.63,2789.9700000000003,0.0031,0.0029
13.06.2018 02:07:59.574 GMT+0100,2790.7309999999998,2790.0690000000004,0.0062,0.0014
13.06.2018 02:07:59.624 GMT+0100,2790.7309999999998,2790.0690000000004,0.0062,0.0058
13.06.2018 02:07:59.890 GMT+0100,2790.83,2790.17,0.0062,0.0014
13.06.2018 02:07:59.940 GMT+0100,2790.83,2790.17,0.0016,0.0014
13.06.2018 02:08:00.894 GMT+0100,2790.63,2790.1690000000003,0.0016,0.0029
13.06.2018 02:08:00.945 GMT+0100,2790.63,2789.9700000000003,0.0062,0.0058
13.06.2018 02:08:39.274 GMT+0100,2790.83,2790.17,0.0062,0.0014
13.06.2018 02:08:39.392 GMT+0100,2790.83,2790.17,0.0031,0.0029
13.06.2018 02:08:54.434 GMT+0100,2790.631,2790.17,0.0016,0.0014
13.06.2018 02:08:54.484 GMT+0100,2790.631,2789.9700000000003,0.0062,0.0029
13.06.2018 02:10:02.274 GMT+0100,2790.83,2790.17,0.0041,0.0014
13.06.2018 02:10:02.325 GMT+0100,2790.83,2790.17,0.0031,0.0029
13.06.2018 02:12:37.763 GMT+0100,2790.63,2790.1690000000003,0.0016,0.0014
13.06.2018 02:12:37.814 GMT+0100,2790.63,2789.9700000000003,0.0031,0.0029
13.06.2018 02:15:12.199 GMT+0100,2790.33,2789.9690000000005,0.0016,0.0014
13.06.2018 02:15:12.250 GMT+0100,2790.33,2789.67,0.0062,0.0058
13.06.2018 02:15:15.795 GMT+0100,2790.63,2789.9700000000003,0.0062,0.0014
13.06.2018 02:15:15.845 GMT+0100,2790.63,2789.9700000000003,0.0031,0.0029
13.06.2018 02:15:36.397 GMT+0100,2790.3309999999997,2789.9700000000003,0.0016,0.0014
13.06.2018 02:15:36.448 GMT+0100,2790.3309999999997,2789.67,0.0062,0.0029
13.06.2018 02:15:38.048 GMT+0100,2790.63,2789.9700000000003,0.0062,0.0014
13.06.2018 02:15:38.098 GMT+0100,2790.63,2789.9700000000003,0.0031,0.0029
13.06.2018 02:15:38.202 GMT+0100,2790.3309999999997,2789.9700000000003,0.0016,0.0014
13.06.2018 02:15:38.253 GMT+0100,2790.3309999999997,2789.67,0.0062,0.0029
13.06.2018 02:15:38.945 GMT+0100,2790.631,2789.9690000000005,0.0062,0.0014
13.06.2018 02:15:38.996 GMT+0100,2790.631,2789.9690000000005,0.0062,0.0058
13.06.2018 02:16:03.300 GMT+0100,2790.8309999999997,2790.1690000000003,0.0062,0.0014
13.06.2018 02:16:03.350 GMT+0100,2790.8309999999997,2790.17,0.0062,0.0014
13.06.2018 02:16:26.125 GMT+0100,2790.631,2790.17,0.0016,0.0014
13.06.2018 02:16:26.175 GMT+0100,2790.631,2789.9700000000003,0.0062,0.0014
13.06.2018 02:16:27.910 GMT+0100,2790.7309999999998,2790.0690000000004,0.0062,0.0014
13.06.2018 02:16:27.961 GMT+0100,2790.7309999999998,2790.07,0.0062,0.0014
13.06.2018 02:16:28.070 GMT+0100,2790.631,2790.07,0.0016,0.0014
13.06.2018 02:16:28.122 GMT+0100,2790.631,2789.9700000000003,0.0062,0.0014
13.06.2018 02:16:29.327 GMT+0100,2790.7309999999998,2790.0690000000004,0.0062,0.0014
13.06.2018 02:16:29.378 GMT+0100,2790.7309999999998,2790.07,0.0062,0.0029
13.06.2018 02:16:29.728 GMT+0100,2790.83,2790.17,0.0062,0.0014
13.06.2018 02:16:29.778 GMT+0100,2790.83,2790.17,0.0062,0.0058
13.06.2018 02:16:30.097 GMT+0100,2790.7309999999998,2790.17,0.0016,0.0029
13.06.2018 02:16:30.148 GMT+0100,2790.7309999999998,2790.07,0.0062,0.0014
13.06.2018 02:16:30.257 GMT+0100,2790.8309999999997,2790.1690000000003,0.0062,0.0014
13.06.2018 02:16:30.308 GMT+0100,2790.8309999999997,2790.1690000000003,0.0062,0.0058
13.06.2018 02:16:33.738 GMT+0100,2790.63,2790.1690000000003,0.0016,0.0029
13.06.2018 02:16:33.789 GMT+0100,2790.63,2789.9700000000003,0.0031,0.0029
13.06.2018 02:16:45.150 GMT+0100,2790.7309999999998,2790.0690000000004,0.0062,0.0014
13.06.2018 02:16:45.201 GMT+0100,2790.7309999999998,2790.07,0.0062,0.0029
13.06.2018 02:16:48.610 GMT+0100,2790.63,2790.07,0.0016,0.0029
13.06.2018 02:16:48.660 GMT+0100,2790.63,2789.9700000000003,0.0031,0.0029
13.06.2018 02:16:49.474 GMT+0100,2790.73,2790.07,0.0062,0.0014
13.06.2018 02:16:49.524 GMT+0100,2790.73,2790.07,0.0031,0.0029
13.06.2018 02:16:49.648 GMT+0100,2790.73,2790.07,0.0031,0.0014
13.06.2018 02:16:49.698 GMT+0100,2790.631,2789.9700000000003,0.0062,0.0029
13.06.2018 02:24:43.388 GMT+0100,2790.8309999999997,2790.1690000000003,0.0041,0.0014
13.06.2018 02:24:43.438 GMT+0100,2790.8309999999997,2790.17,0.0062,0.0014
13.06.2018 02:25:36.078 GMT+0100,2790.63,2790.17,0.0016,0.0014
13.06.2018 02:25:36.170 GMT+0100,2790.63,2789.9700000000003,0.0031,0.0029
13.06.2018 02:26:12.642 GMT+0100,2790.3309999999997,2789.9700000000003,0.0016,0.0014
13.06.2018 02:26:12.693 GMT+0100,2790.3309999999997,2789.67,0.0062,0.0014
13.06.2018 02:26:13.351 GMT+0100,2790.631,2789.9690000000005,0.0062,0.0014
13.06.2018 02:26:13.402 GMT+0100,2790.631,2789.9700000000003,0.0062,0.0029
13.06.2018 02:26:15.504 GMT+0100,2790.531,2789.9700000000003,0.0016,0.0029
13.06.2018 02:26:15.555 GMT+0100,2790.531,2789.87,0.0062,0.0029
13.06.2018 02:26:15.664 GMT+0100,2790.33,2789.87,0.0016,0.0029
13.06.2018 02:26:15.715 GMT+0100,2790.33,2789.67,0.0062,0.0058
13.06.2018 02:26:17.201 GMT+0100,2790.631,2789.9690000000005,0.0062,0.0014
13.06.2018 02:26:17.251 GMT+0100,2790.631,2789.9700000000003,0.0062,0.0014
13.06.2018 02:29:01.011 GMT+0100,2790.3309999999997,2789.9700000000003,0.0016,0.0014
13.06.2018 02:29:01.061 GMT+0100,2790.3309999999997,2789.67,0.0062,0.0014
13.06.2018 02:29:29.639 GMT+0100,2790.631,2789.9690000000005,0.0062,0.0014
13.06.2018 02:29:29.689 GMT+0100,2790.631,2789.9690000000005,0.0062,0.0058
13.06.2018 02:30:05.898 GMT+0100,2790.83,2790.17,0.0062,0.0014
13.06.2018 02:30:05.949 GMT+0100,2790.83,2790.17,0.0031,0.0029
13.06.2018 02:30:12.527 GMT+0100,2790.631,2790.17,0.0016,0.0014
13.06.2018 02:30:12.578 GMT+0100,2790.631,2789.9700000000003,0.0062,0.0029
13.06.2018 02:30:13.746 GMT+0100,2790.8309999999997,2790.1690000000003,0.0062,0.0014
13.06.2018 02:30:13.797 GMT+0100,2790.8309999999997,2790.17,0.0062,0.0014
13.06.2018 02:30:15.835 GMT+0100,2790.631,2790.17,0.0016,0.0014
13.06.2018 02:30:15.886 GMT+0100,2790.631,2789.9700000000003,0.0062,0.0014
13.06.2018 02:30:27.079 GMT+0100,2790.8309999999997,2790.1690000000003,0.0062,0.0014
13.06.2018 02:30:27.129 GMT+0100,2790.8309999999997,2790.17,0.0062,0.0014
13.06.2018 02:30:33.962 GMT+0100,2790.73,2790.17,0.0016,0.0014
13.06.2018 02:30:34.013 GMT+0100,2790.73,2790.07,0.0016,0.0014
13.06.2018 02:30:34.123 GMT+0100,2790.63,2790.0690000000004,0.0016,0.0029
13.06.2018 02:30:34.174 GMT+0100,2790.63,2789.9700000000003,0.0016,0.0014
13.06.2018 02:31:07.694 GMT+0100,2790.83,2790.17,0.0062,0.0014
13.06.2018 02:31:07.745 GMT+0100,2790.83,2790.17,0.0062,0.0058
13.06.2018 02:31:47.813 GMT+0100,2790.631,2790.17,0.0016,0.0029
13.06.2018 02:31:47.863 GMT+0100,2790.631,2789.9700000000003,0.0062,0.0014
13.06.2018 02:31:49.261 GMT+0100,2790.8309999999997,2790.1690000000003,0.0062,0.0014
13.06.2018 02:31:49.312 GMT+0100,2790.8309999999997,2790.1690000000003,0.0062,0.0058
13.06.2018 02:31:50.357 GMT+0100,2790.8309999999997,2790.1690000000003,0.0062,0.0029
13.06.2018 02:31:50.408 GMT+0100,2790.73,2790.07,0.0016,0.0014
13.06.2018 02:31:50.517 GMT+0100,2790.63,2790.0690000000004,0.0016,0.0029
13.06.2018 02:31:50.567 GMT+0100,2790.63,2789.9700000000003,0.0031,0.0029
13.06.2018 02:31:50.986 GMT+0100,2790.7309999999998,2790.0690000000004,0.0062,0.0014
13.06.2018 02:31:51.036 GMT+0100,2790.7309999999998,2790.0690000000004,0.0062,0.0058
13.06.2018 02:31:51.145 GMT+0100,2790.63,2790.0690000000004,0.0016,0.0029
13.06.2018 02:31:51.196 GMT+0100,2790.63,2789.9700000000003,0.0031,0.0029
13.06.2018 02:31:51.890 GMT+0100,2790.73,2790.07,0.0062,0.0014
13.06.2018 02:31:51.940 GMT+0100,2790.73,2790.07,0.0031,0.0029
13.06.2018 02:31:52.561 GMT+0100,2790.631,2790.07,0.0016,0.0014
13.06.2018 02:31:52.611 GMT+0100,2790.631,2789.9700000000003,0.0062,0.0029
13.06.2018 02:31:59.612 GMT+0100,2790.7309999999998,2790.0690000000004,0.0062,0.0014
13.06.2018 02:31:59.663 GMT+0100,2790.7309999999998,2790.07,0.0062,0.0029
13.06.2018 02:31:59.775 GMT+0100,2790.631,2790.07,0.0016,0.0029
13.06.2018 02:31:59.825 GMT+0100,2790.631,2789.9700000000003,0.0062,0.0014
13.06.2018 02:32:01.117 GMT+0100,2790.73,2790.07,0.0062,0.0014
13.06.2018 02:32:01.168 GMT+0100,2790.73,2790.07,0.0031,0.0029
13.06.2018 02:32:01.312 GMT+0100,2790.83,2790.17,0.0062,0.0014
13.06.2018 02:32:01.363 GMT+0100,2790.83,2790.17,0.0016,0.0014
13.06.2018 02:32:41.104 GMT+0100,2790.83,2790.4700000000003,0.0016,0.0014
13.06.2018 02:32:41.154 GMT+0100,2791.131,2790.4700000000003,0.0062,0.0029
13.06.2018 02:35:34.699 GMT+0100,2791.63,2790.9700000000003,0.0041,0.0014
13.06.2018 02:35:34.750 GMT+0100,2791.63,2790.9700000000003,0.0031,0.0029
13.06.2018 02:35:44.558 GMT+0100,2791.63,2791.466,0.0016,0.0014
13.06.2018 02:35:44.610 GMT+0100,2792.13,2791.4700000000003,0.0062,0.0058
13.06.2018 02:36:04.715 GMT+0100,2791.83,2791.4700000000003,0.0016,0.0029
13.06.2018 02:36:04.766 GMT+0100,2791.83,2791.17,0.0031,0.0029
13.06.2018 02:36:05.822 GMT+0100,2791.83,2791.17,0.0031,0.0014
13.06.2018 02:36:05.872 GMT+0100,2791.63,2790.9700000000003,0.0031,0.0029
13.06.2018 02:36:26.942 GMT+0100,2791.8309999999997,2791.1690000000003,0.0062,0.0014
13.06.2018 02:36:26.992 GMT+0100,2791.8309999999997,2791.17,0.0062,0.0014
13.06.2018 02:36:38.144 GMT+0100,2792.131,2791.4690000000005,0.0062,0.0014
13.06.2018 02:36:38.194 GMT+0100,2792.131,2791.4700000000003,0.0062,0.0029
13.06.2018 02:36:47.063 GMT+0100,2791.8309999999997,2791.4700000000003,0.0016,0.0029
13.06.2018 02:36:47.114 GMT+0100,2791.8309999999997,2791.17,0.0062,0.0014
13.06.2018 02:37:47.808 GMT+0100,2791.8309999999997,2791.1690000000003,0.0041,0.0039
13.06.2018 02:37:51.388 GMT+0100,2791.631,2791.1690000000003,0.0016,0.0014
13.06.2018 02:37:51.439 GMT+0100,2791.631,2790.9690000000005,0.0062,0.0058
13.06.2018 02:40:09.971 GMT+0100,2791.3309999999997,2790.9690000000005,0.0016,0.0014
13.06.2018 02:40:10.022 GMT+0100,2791.3309999999997,2790.67,0.0062,0.0014
13.06.2018 02:40:16.438 GMT+0100,2791.131,2790.67,0.0016,0.0014
13.06.2018 02:40:16.489 GMT+0100,2791.131,2790.4700000000003,0.0062,0.0014
13.06.2018 02:40:45.421 GMT+0100,2790.83,2790.4700000000003,0.0016,0.0014
13.06.2018 02:40:45.472 GMT+0100,2790.83,2790.17,0.0062,0.0058
13.06.2018 02:41:07.143 GMT+0100,2791.031,2790.369,0.0062,0.0014
13.06.2018 02:41:07.194 GMT+0100,2791.031,2790.37,0.0062,0.0014
13.06.2018 02:41:07.644 GMT+0100,2790.8309999999997,2790.37,0.0016,0.0014
13.06.2018 02:41:07.694 GMT+0100,2790.8309999999997,2790.1690000000003,0.0062,0.0058
13.06.2018 02:41:21.972 GMT+0100,2791.13,2790.4700000000003,0.0062,0.0014
13.06.2018 02:41:22.023 GMT+0100,2791.13,2790.4700000000003,0.0062,0.0058
13.06.2018 02:42:08.000 GMT+0100,2791.3309999999997,2790.6690000000003,0.0062,0.0029
13.06.2018 02:42:08.051 GMT+0100,2791.3309999999997,2790.67,0.0062,0.0014
13.06.2018 02:42:37.270 GMT+0100,2791.631,2790.9690000000005,0.0062,0.0014
13.06.2018 02:42:37.321 GMT+0100,2791.631,2790.9700000000003,0.0062,0.0014
13.06.2018 02:43:00.492 GMT+0100,2791.8309999999997,2791.1690000000003,0.0062,0.0014
13.06.2018 02:43:00.542 GMT+0100,2791.8309999999997,2791.17,0.0062,0.0014
13.06.2018 02:44:12.093 GMT+0100,2792.131,2791.4690000000005,0.0041,0.0014
13.06.2018 02:44:12.143 GMT+0100,2792.131,2791.4700000000003,0.0062,0.0014
13.06.2018 02:44:15.349 GMT+0100,2791.8309999999997,2791.4700000000003,0.0016,0.0014
13.06.2018 02:44:15.400 GMT+0100,2791.8309999999997,2791.1690000000003,0.0062,0.0058
13.06.2018 02:44:17.688 GMT+0100,2792.13,2791.4700000000003,0.0062,0.0014
13.06.2018 02:44:17.738 GMT+0100,2792.13,2791.4700000000003,0.0016,0.0014
13.06.2018 02:44:23.427 GMT+0100,2791.8309999999997,2791.4690000000005,0.0016,0.0029
13.06.2018 02:44:23.477 GMT+0100,2791.8309999999997,2791.17,0.0062,0.0014
13.06.2018 02:44:37.890 GMT+0100,2791.631,2791.17,0.0016,0.0014
13.06.2018 02:44:37.940 GMT+0100,2791.631,2790.9700000000003,0.0062,0.0014
13.06.2018 02:44:56.977 GMT+0100,2791.8309999999997,2791.1690000000003,0.0062,0.0014
13.06.2018 02:44:57.027 GMT+0100,2791.8309999999997,2791.17,0.0062,0.0014
13.06.2018 02:44:59.345 GMT+0100,2791.631,2791.17,0.0016,0.0014
13.06.2018 02:44:59.396 GMT+0100,2791.631,2790.9700000000003,0.0062,0.0014
13.06.2018 02:45:32.839 GMT+0100,2791.7309999999998,2791.0690000000004,0.0062,0.0014
13.06.2018 02:45:32.890 GMT+0100,2791.7309999999998,2791.07,0.0062,0.0014
13.06.2018 02:45:33.001 GMT+0100,2791.631,2791.07,0.0016,0.0014
13.06.2018 02:45:33.051 GMT+0100,2791.631,2790.9690000000005,0.0062,0.0058
13.06.2018 02:45:36.481 GMT+0100,2791.631,2791.17,0.0016,0.0014
13.06.2018 02:45:36.533 GMT+0100,2791.8309999999997,2791.17,0.0062,0.0014
13.06.2018 02:45:37.100 GMT+0100,2791.63,2791.17,0.0016,0.0014
13.06.2018 02:45:37.150 GMT+0100,2791.63,2790.9700000000003,0.0062,0.0058
13.06.2018 02:45:39.778 GMT+0100,2791.73,2791.07,0.0062,0.0014
13.06.2018 02:45:39.829 GMT+0100,2791.73,2791.07,0.0016,0.0014
13.06.2018 02:45:40.075 GMT+0100,2791.8309999999997,2791.1690000000003,0.0062,0.0014
13.06.2018 02:45:40.126 GMT+0100,2791.8309999999997,2791.1690000000003,0.0062,0.0058
13.06.2018 02:45:40.239 GMT+0100,2791.631,2791.1690000000003,0.0031,0.0014
13.06.2018 02:45:40.289 GMT+0100,2791.631,2790.9700000000003,0.0062,0.0014
13.06.2018 02:45:51.361 GMT+0100,2791.3309999999997,2790.9700000000003,0.0016,0.0014
13.06.2018 02:45:51.411 GMT+0100,2791.3309999999997,2790.67,0.0062,0.0014
13.06.2018 02:46:05.071 GMT+0100,2791.63,2790.9700000000003,0.0062,0.0014
13.06.2018 02:46:05.122 GMT+0100,2791.63,2790.9700000000003,0.0016,0.0014
13.06.2018 02:46:05.575 GMT+0100,2791.3309999999997,2790.9690000000005,0.0016,0.0029
13.06.2018 02:46:05.626 GMT+0100,2791.3309999999997,2790.67,0.0062,0.0029
13.06.2018 02:46:17.811 GMT+0100,2791.131,2790.67,0.0016,0.0029
13.06.2018 02:46:17.901 GMT+0100,2791.131,2790.4700000000003,0.0062,0.0029
13.06.2018 02:46:22.734 GMT+0100,2791.33,2790.67,0.0062,0.0014
13.06.2018 02:46:22.785 GMT+0100,2791.33,2790.67,0.0062,0.0058
13.06.2018 02:46:23.548 GMT+0100,2791.13,2790.67,0.0016,0.0029
13.06.2018 02:46:23.599 GMT+0100,2791.13,2790.4700000000003,0.0062,0.0058
13.06.2018 02:46:27.027 GMT+0100,2790.83,2790.4700000000003,0.0016,0.0029
13.06.2018 02:46:27.077 GMT+0100,2790.83,2790.17,0.0062,0.0058
13.06.2018 02:46:29.092 GMT+0100,2791.131,2790.4690000000005,0.0062,0.0014
13.06.2018 02:46:29.143 GMT+0100,2791.131,2790.4700000000003,0.0062,0.0014
13.06.2018 02:46:43.134 GMT+0100,2790.8309999999997,2790.4700000000003,0.0016,0.0014
13.06.2018 02:46:43.185 GMT+0100,2790.8309999999997,2790.1690000000003,0.0062,0.0058
13.06.2018 02:46:49.520 GMT+0100,2790.63,2790.1690000000003,0.0016,0.0029
13.06.2018 02:46:49.571 GMT+0100,2790.63,2789.9700000000003,0.0016,0.0014
13.06.2018 02:46:51.160 GMT+0100,2790.83,2790.17,0.0062,0.0014
13.06.2018 02:46:51.211 GMT+0100,2790.83,2790.17,0.0031,0.0029
13.06.2018 02:47:38.521 GMT+0100,2790.631,2790.17,0.0016,0.0014
13.06.2018 02:47:38.571 GMT+0100,2790.631,2789.9700000000003,0.0062,0.0029
13.06.2018 02:47:58.768 GMT+0100,2790.8309999999997,2790.1690000000003,0.0062,0.0014
13.06.2018 02:47:58.818 GMT+0100,2790.8309999999997,2790.1690000000003,0.0062,0.0058
13.06.2018 02:47:58.959 GMT+0100,2790.7309999999998,2790.1690000000003,0.0016,0.0029
13.06.2018 02:47:59.009 GMT+0100,2790.7309999999998,2790.07,0.0062,0.0014
13.06.2018 02:47:59.121 GMT+0100,2790.63,2790.07,0.0016,0.0014
13.06.2018 02:47:59.172 GMT+0100,2790.63,2789.9700000000003,0.0031,0.0029
13.06.2018 02:48:13.813 GMT+0100,2790.83,2790.17,0.0062,0.0014
13.06.2018 02:48:13.864 GMT+0100,2790.83,2790.17,0.0016,0.0014
13.06.2018 02:48:28.485 GMT+0100,2790.83,2790.4700000000003,0.0016,0.0014
13.06.2018 02:48:28.535 GMT+0100,2791.131,2790.4700000000003,0.0062,0.0014
13.06.2018 02:48:29.220 GMT+0100,2790.83,2790.4700000000003,0.0016,0.0014
13.06.2018 02:48:29.271 GMT+0100,2790.83,2790.17,0.0062,0.0058
13.06.2018 02:49:51.584 GMT+0100,2790.63,2790.17,0.0016,0.0014
13.06.2018 02:49:51.635 GMT+0100,2790.63,2789.9700000000003,0.0016,0.0014
13.06.2018 02:50:17.048 GMT+0100,2790.8309999999997,2790.1690000000003,0.0062,0.0014
13.06.2018 02:50:17.099 GMT+0100,2790.8309999999997,2790.17,0.0062,0.0014
13.06.2018 02:51:17.286 GMT+0100,2790.63,2790.17,0.0016,0.0014
13.06.2018 02:51:17.337 GMT+0100,2790.63,2789.9700000000003,0.0062,0.0058
13.06.2018 02:52:00.319 GMT+0100,2790.8309999999997,2790.1690000000003,0.0062,0.0014
13.06.2018 02:52:00.370 GMT+0100,2790.8309999999997,2790.17,0.0062,0.0029
13.06.2018 02:52:04.542 GMT+0100,2790.8309999999997,2790.17,0.0062,0.0014
13.06.2018 02:52:04.593 GMT+0100,2790.63,2789.9700000000003,0.0016,0.0014
13.06.2018 02:52:09.024 GMT+0100,2790.83,2790.17,0.0062,0.0014
13.06.2018 02:52:09.075 GMT+0100,2790.83,2790.17,0.0062,0.0058
13.06.2018 02:52:10.052 GMT+0100,2790.7309999999998,2790.17,0.0016,0.0029
13.06.2018 02:52:10.102 GMT+0100,2790.7309999999998,2790.07,0.0062,0.0029
13.06.2018 02:52:10.433 GMT+0100,2790.8309999999997,2790.1690000000003,0.0062,0.0014
13.06.2018 02:52:10.484 GMT+0100,2790.8309999999997,2790.17,0.0062,0.0014
13.06.2018 02:52:10.590 GMT+0100,2790.631,2790.17,0.0016,0.0014
13.06.2018 02:52:10.641 GMT+0100,2790.631,2789.9690000000005,0.0062,0.0058
13.06.2018 02:53:20.338 GMT+0100,2790.3309999999997,2789.9690000000005,0.0016,0.0014
13.06.2018 02:53:20.388 GMT+0100,2790.3309999999997,2789.67,0.0062,0.0029
13.06.2018 02:53:53.608 GMT+0100,2790.531,2789.869,0.0062,0.0014
13.06.2018 02:53:53.659 GMT+0100,2790.531,2789.87,0.0062,0.0014
13.06.2018 02:53:53.881 GMT+0100,2790.33,2789.87,0.0016,0.0014
13.06.2018 02:53:53.995 GMT+0100,2790.33,2789.67,0.0062,0.0058
13.06.2018 02:53:54.105 GMT+0100,2790.531,2789.869,0.0062,0.0014
13.06.2018 02:53:54.156 GMT+0100,2790.531,2789.869,0.0062,0.0058
13.06.2018 02:53:55.182 GMT+0100,2790.3309999999997,2789.869,0.0016,0.0029
13.06.2018 02:53:55.233 GMT+0100,2790.3309999999997,2789.6690000000003,0.0062,0.0058
13.06.2018 02:53:55.343 GMT+0100,2790.631,2789.9690000000005,0.0062,0.0014
13.06.2018 02:53:55.394 GMT+0100,2790.631,2789.9690000000005,0.0062,0.0058
13.06.2018 02:53:56.971 GMT+0100,2790.3309999999997,2789.9690000000005,0.0016,0.0029
13.06.2018 02:53:57.022 GMT+0100,2790.3309999999997,2789.6690000000003,0.0062,0.0058
13.06.2018 02:53:57.131 GMT+0100,2790.531,2789.869,0.0062,0.0014
13.06.2018 02:53:57.181 GMT+0100,2790.531,2789.869,0.0062,0.0058
13.06.2018 02:53:57.491 GMT+0100,2790.33,2789.869,0.0016,0.0029
13.06.2018 02:53:57.541 GMT+0100,2790.33,2789.67,0.0031,0.0029
13.06.2018 02:54:10.046 GMT+0100,2790.53,2789.87,0.0062,0.0014
13.06.2018 02:54:10.096 GMT+0100,2790.53,2789.87,0.0031,0.0029
13.06.2018 02:54:10.203 GMT+0100,2790.631,2789.9690000000005,0.0062,0.0014
13.06.2018 02:54:10.254 GMT+0100,2790.631,2789.9690000000005,0.0062,0.0058
13.06.2018 02:54:12.102 GMT+0100,2790.33,2789.9690000000005,0.0016,0.0029
13.06.2018 02:54:12.153 GMT+0100,2790.33,2789.67,0.0031,0.0029
13.06.2018 02:54:13.770 GMT+0100,2790.531,2789.869,0.0062,0.0014
13.06.2018 02:54:13.821 GMT+0100,2790.531,2789.87,0.0062,0.0014
13.06.2018 02:54:14.530 GMT+0100,2790.631,2789.9690000000005,0.0062,0.0014
13.06.2018 02:54:14.580 GMT+0100,2790.631,2789.9700000000003,0.0062,0.0014
13.06.2018 02:54:14.689 GMT+0100,2790.3309999999997,2789.9700000000003,0.0016,0.0014
13.06.2018 02:54:14.740 GMT+0100,2790.3309999999997,2789.67,0.0062,0.0029
13.06.2018 02:54:18.355 GMT+0100,2790.531,2789.869,0.0062,0.0014
13.06.2018 02:54:18.406 GMT+0100,2790.531,2789.87,0.0062,0.0029
13.06.2018 02:54:18.529 GMT+0100,2790.63,2789.9700000000003,0.0062,0.0014
13.06.2018 02:54:18.579 GMT+0100,2790.63,2789.9700000000003,0.0031,0.0029
13.06.2018 02:54:18.690 GMT+0100,2790.3309999999997,2789.9700000000003,0.0016,0.0014
13.06.2018 02:54:18.741 GMT+0100,2790.3309999999997,2789.6690000000003,0.0062,0.0058
13.06.2018 02:54:29.658 GMT+0100,2790.53,2789.87,0.0062,0.0014
13.06.2018 02:54:29.709 GMT+0100,2790.53,2789.87,0.0031,0.0029
13.06.2018 02:54:30.067 GMT+0100,2790.63,2789.9700000000003,0.0062,0.0014
13.06.2018 02:54:30.118 GMT+0100,2790.63,2789.9700000000003,0.0031,0.0029
13.06.2018 02:54:30.289 GMT+0100,2790.63,2789.9700000000003,0.0062,0.0014
13.06.2018 02:54:30.339 GMT+0100,2790.33,2789.67,0.0016,0.0014
13.06.2018 02:55:34.534 GMT+0100,2790.63,2789.9700000000003,0.0041,0.0014
13.06.2018 02:55:34.585 GMT+0100,2790.63,2789.9700000000003,0.0062,0.0058
13.06.2018 02:55:52.084 GMT+0100,2790.33,2789.9700000000003,0.0016,0.0029
13.06.2018 02:55:52.135 GMT+0100,2790.33,2789.67,0.0031,0.0029
13.06.2018 02:56:12.997 GMT+0100,2790.531,2789.869,0.0062,0.0014
13.06.2018 02:56:13.048 GMT+0100,2790.531,2789.869,0.0062,0.0058
13.06.2018 02:56:14.456 GMT+0100,2790.631,2789.9690000000005,0.0062,0.0014
13.06.2018 02:56:14.506 GMT+0100,2790.631,2789.9700000000003,0.0062,0.0029
13.06.2018 02:56:14.617 GMT+0100,2790.33,2789.9700000000003,0.0016,0.0029
13.06.2018 02:56:14.667 GMT+0100,2790.33,2789.67,0.0031,0.0029
13.06.2018 02:59:17.018 GMT+0100,2790.13,2789.67,0.0016,0.0014
13.06.2018 02:59:17.068 GMT+0100,2790.13,2789.4700000000003,0.0031,0.0029
13.06.2018 02:59:59.723 GMT+0100,2789.83,2789.4700000000003,0.0016,0.0014
13.06.2018 02:59:59.774 GMT+0100,2789.83,2789.17,0.0016,0.0014
13.06.2018 03:00:00.072 GMT+0100,2789.631,2789.1690000000003,0.0016,0.0029
13.06.2018 03:00:00.123 GMT+0100,2789.631,2788.9690000000005,0.0062,0.0058
13.06.2018 03:00:02.077 GMT+0100,2789.8309999999997,2789.1690000000003,0.0062,0.0014
13.06.2018 03:00:02.154 GMT+0100,2789.8309999999997,2789.17,0.0062,0.0029
13.06.2018 03:00:06.010 GMT+0100,2789.63,2789.17,0.0016,0.0029
13.06.2018 03:00:06.060 GMT+0100,2789.63,2788.9700000000003,0.0062,0.0058
13.06.2018 03:00:10.902 GMT+0100,2789.8309999999997,2789.1690000000003,0.0062,0.0014
13.06.2018 03:00:10.955 GMT+0100,2789.8309999999997,2789.1690000000003,0.0062,0.0058
13.06.2018 03:00:56.379 GMT+0100,2789.631,2789.1690000000003,0.0016,0.0029
13.06.2018 03:00:56.430 GMT+0100,2789.631,2788.9700000000003,0.0062,0.0014
13.06.2018 03:01:57.802 GMT+0100,2789.631,2788.9690000000005,0.0041,0.0039
13.06.2018 03:02:29.464 GMT+0100,2789.33,2788.9690000000005,0.0016,0.0014
13.06.2018 03:02:29.515 GMT+0100,2789.33,2788.67,0.0031,0.0029
13.06.2018 03:03:10.980 GMT+0100,2789.63,2788.9700000000003,0.0062,0.0014
13.06.2018 03:03:11.031 GMT+0100,2789.63,2788.9700000000003,0.0031,0.0029
13.06.2018 03:03:52.298 GMT+0100,2789.3309999999997,2788.9700000000003,0.0016,0.0014
13.06.2018 03:03:52.348 GMT+0100,2789.3309999999997,2788.6690000000003,0.0062,0.0058
13.06.2018 03:04:42.288 GMT+0100,2789.13,2788.6690000000003,0.0016,0.0029
13.06.2018 03:04:42.339 GMT+0100,2789.13,2788.4700000000003,0.0016,0.0014
13.06.2018 03:04:55.512 GMT+0100,2788.6340000000005,2788.4690000000005,0.0016,0.0029
13.06.2018 03:04:55.563 GMT+0100,2788.631,2787.9690000000005,0.0062,0.0058
13.06.2018 03:04:55.679 GMT+0100,2788.8309999999997,2788.1690000000003,0.0062,0.0014
13.06.2018 03:04:55.730 GMT+0100,2788.8309999999997,2788.1690000000003,0.0062,0.0058
13.06.2018 03:05:11.379 GMT+0100,2788.63,2788.1690000000003,0.0016,0.0029
13.06.2018 03:05:11.430 GMT+0100,2788.63,2787.9700000000003,0.0031,0.0029
13.06.2018 03:05:32.781 GMT+0100,2788.8309999999997,2788.1690000000003,0.0062,0.0014
13.06.2018 03:05:32.831 GMT+0100,2788.8309999999997,2788.17,0.0062,0.0029
13.06.2018 03:05:43.227 GMT+0100,2789.13,2788.4700000000003,0.0062,0.0014
13.06.2018 03:05:43.278 GMT+0100,2789.13,2788.4700000000003,0.0031,0.0029
13.06.2018 03:05:44.077 GMT+0100,2788.83,2788.4700000000003,0.0016,0.0014
13.06.2018 03:05:44.127 GMT+0100,2788.83,2788.17,0.0031,0.0029
13.06.2018 03:05:44.904 GMT+0100,2789.131,2788.4690000000005,0.0062,0.0014
13.06.2018 03:05:44.955 GMT+0100,2789.131,2788.4700000000003,0.0062,0.0029
13.06.2018 03:05:58.551 GMT+0100,2789.33,2788.67,0.0062,0.0014
13.06.2018 03:05:58.602 GMT+0100,2789.33,2788.67,0.0031,0.0029
13.06.2018 03:06:49.005 GMT+0100,2789.631,2788.9690000000005,0.0062,0.0014
13.06.2018 03:06:49.056 GMT+0100,2789.631,2788.9700000000003,0.0062,0.0014
13.06.2018 03:07:11.130 GMT+0100,2789.3309999999997,2788.9700000000003,0.0016,0.0014
13.06.2018 03:07:11.181 GMT+0100,2789.3309999999997,2788.67,0.0062,0.0014
13.06.2018 03:07:17.418 GMT+0100,2789.3309999999997,2788.9700000000003,0.0016,0.0014
13.06.2018 03:07:17.469 GMT+0100,2789.63,2788.9700000000003,0.0031,0.0029
13.06.2018 03:07:54.146 GMT+0100,2789.33,2788.9700000000003,0.0016,0.0014
13.06.2018 03:07:54.197 GMT+0100,2789.33,2788.67,0.0031,0.0029
13.06.2018 03:08:06.021 GMT+0100,2789.531,2788.869,0.0062,0.0014
13.06.2018 03:08:06.072 GMT+0100,2789.531,2788.869,0.0062,0.0058
13.06.2018 03:08:06.180 GMT+0100,2789.63,2788.9700000000003,0.0062,0.0014
13.06.2018 03:08:06.231 GMT+0100,2789.63,2788.9700000000003,0.0016,0.0014
13.06.2018 03:08:06.776 GMT+0100,2789.53,2788.9690000000005,0.0016,0.0029
13.06.2018 03:08:06.827 GMT+0100,2789.53,2788.87,0.0031,0.0029
13.06.2018 03:08:07.068 GMT+0100,2789.63,2788.9700000000003,0.0062,0.0014
13.06.2018 03:08:07.118 GMT+0100,2789.63,2788.9700000000003,0.0031,0.0029
13.06.2018 03:08:16.420 GMT+0100,2789.3309999999997,2788.9700000000003,0.0016,0.0014
13.06.2018 03:08:16.471 GMT+0100,2789.3309999999997,2788.67,0.0062,0.0014
13.06.2018 03:08:31.293 GMT+0100,2789.531,2788.869,0.0062,0.0014
13.06.2018 03:08:31.343 GMT+0100,2789.531,2788.87,0.0062,0.0014
13.06.2018 03:08:32.281 GMT+0100,2789.63,2788.9700000000003,0.0062,0.0014
13.06.2018 03:08:32.332 GMT+0100,2789.63,2788.9700000000003,0.0031,0.0029
13.06.2018 03:08:37.729 GMT+0100,2789.3309999999997,2788.9700000000003,0.0016,0.0014
13.06.2018 03:08:37.780 GMT+0100,2789.3309999999997,2788.67,0.0062,0.0014
13.06.2018 03:09:35.901 GMT+0100,2789.13,2788.67,0.0016,0.0014
13.06.2018 03:09:35.952 GMT+0100,2789.13,2788.4700000000003,0.0031,0.0029
13.06.2018 03:10:49.285 GMT+0100,2789.2309999999998,2788.5690000000004,0.0041,0.0014
13.06.2018 03:10:49.336 GMT+0100,2789.2309999999998,2788.5690000000004,0.0062,0.0058
13.06.2018 03:10:49.450 GMT+0100,2789.131,2788.5690000000004,0.0016,0.0029
13.06.2018 03:10:49.501 GMT+0100,2789.131,2788.4700000000003,0.0062,0.0029
13.06.2018 03:10:53.608 GMT+0100,2789.33,2788.67,0.0062,0.0014
13.06.2018 03:10:53.658 GMT+0100,2789.33,2788.67,0.0031,0.0029
13.06.2018 03:11:20.899 GMT+0100,2789.131,2788.67,0.0016,0.0014
13.06.2018 03:11:20.950 GMT+0100,2789.131,2788.4690000000005,0.0062,0.0058
13.06.2018 03:12:07.943 GMT+0100,2789.3309999999997,2788.6690000000003,0.0062,0.0014
13.06.2018 03:12:07.993 GMT+0100,2789.3309999999997,2788.67,0.0062,0.0014
13.06.2018 03:13:17.803 GMT+0100,2789.3309999999997,2788.6690000000003,0.0041,0.0039
13.06.2018 03:15:01.153 GMT+0100,2789.63,2788.9700000000003,0.0041,0.0014
13.06.2018 03:15:01.285 GMT+0100,2789.63,2788.9700000000003,0.0031,0.0029
13.06.2018 03:15:20.439 GMT+0100,2789.63,2788.9700000000003,0.0031,0.0014
13.06.2018 03:15:20.490 GMT+0100,2789.3309999999997,2788.67,0.0062,0.0014
13.06.2018 03:16:27.805 GMT+0100,2789.3309999999997,2788.6690000000003,0.0041,0.0039
13.06.2018 03:21:37.744 GMT+0100,2789.631,2788.9690000000005,0.0041,0.0014
13.06.2018 03:21:37.798 GMT+0100,2789.631,2788.9700000000003,0.0062,0.0029
13.06.2018 03:22:46.920 GMT+0100,2789.3309999999997,2788.6690000000003,0.0041,0.0039
13.06.2018 03:24:51.027 GMT+0100,2789.631,2788.9690000000005,0.0041,0.0014
13.06.2018 03:24:51.077 GMT+0100,2789.631,2788.9700000000003,0.0062,0.0029
13.06.2018 03:24:53.179 GMT+0100,2789.3309999999997,2788.9700000000003,0.0016,0.0029
13.06.2018 03:24:53.230 GMT+0100,2789.3309999999997,2788.6690000000003,0.0062,0.0058
13.06.2018 03:25:14.328 GMT+0100,2789.53,2788.87,0.0062,0.0014
13.06.2018 03:25:14.379 GMT+0100,2789.53,2788.87,0.0031,0.0029
13.06.2018 03:25:14.488 GMT+0100,2789.63,2788.9700000000003,0.0062,0.0014
13.06.2018 03:25:14.538 GMT+0100,2789.63,2788.9700000000003,0.0031,0.0029
13.06.2018 03:25:14.649 GMT+0100,2789.33,2788.9700000000003,0.0016,0.0014
13.06.2018 03:25:14.700 GMT+0100,2789.33,2788.67,0.0031,0.0029
13.06.2018 03:25:15.528 GMT+0100,2789.53,2788.87,0.0062,0.0014
13.06.2018 03:25:15.578 GMT+0100,2789.53,2788.87,0.0016,0.0014
13.06.2018 03:25:15.688 GMT+0100,2789.63,2788.9700000000003,0.0062,0.0014
13.06.2018 03:25:15.738 GMT+0100,2789.63,2788.9700000000003,0.0031,0.0029
13.06.2018 03:25:48.484 GMT+0100,2789.3309999999997,2788.9700000000003,0.0016,0.0014
13.06.2018 03:25:48.534 GMT+0100,2789.3309999999997,2788.67,0.0062,0.0014
13.06.2018 03:25:50.318 GMT+0100,2789.631,2788.9690000000005,0.0062,0.0014
13.06.2018 03:25:50.369 GMT+0100,2789.631,2788.9700000000003,0.0062,0.0014
13.06.2018 03:26:57.798 GMT+0100,2789.631,2788.9690000000005,0.0041,0.0039
13.06.2018 03:27:38.552 GMT+0100,2789.83,2789.17,0.0041,0.0014
13.06.2018 03:27:38.603 GMT+0100,2789.83,2789.17,0.0062,0.0058
13.06.2018 03:31:04.671 GMT+0100,2790.13,2789.4700000000003,0.0041,0.0014
13.06.2018 03:31:04.722 GMT+0100,2790.13,2789.4700000000003,0.0062,0.0058
13.06.2018 03:33:39.484 GMT+0100,2789.83,2789.4700000000003,0.0016,0.0014
13.06.2018 03:33:39.556 GMT+0100,2789.83,2789.17,0.0062,0.0058
13.06.2018 03:36:17.561 GMT+0100,2789.631,2789.17,0.0016,0.0014
13.06.2018 03:36:17.612 GMT+0100,2789.631,2788.9700000000003,0.0062,0.0014
13.06.2018 03:36:42.719 GMT+0100,2789.73,2789.07,0.0062,0.0014
13.06.2018 03:36:42.770 GMT+0100,2789.73,2789.07,0.0016,0.0014
13.06.2018 03:36:47.288 GMT+0100,2789.63,2789.0690000000004,0.0016,0.0029
13.06.2018 03:36:47.338 GMT+0100,2789.63,2788.9700000000003,0.0031,0.0029
13.06.2018 03:36:51.290 GMT+0100,2789.7309999999998,2789.0690000000004,0.0062,0.0014
13.06.2018 03:36:51.341 GMT+0100,2789.7309999999998,2789.07,0.0062,0.0014
13.06.2018 03:36:54.270 GMT+0100,2789.63,2789.07,0.0016,0.0014
13.06.2018 03:36:54.321 GMT+0100,2789.63,2788.9700000000003,0.0016,0.0014
13.06.2018 03:40:36.259 GMT+0100,2789.8309999999997,2789.1690000000003,0.0041,0.0014
13.06.2018 03:40:36.310 GMT+0100,2789.8309999999997,2789.1690000000003,0.0062,0.0058
13.06.2018 03:47:19.787 GMT+0100,2790.13,2789.4700000000003,0.0041,0.0014
13.06.2018 03:47:19.838 GMT+0100,2790.13,2789.4700000000003,0.0062,0.0058
13.06.2018 03:48:28.298 GMT+0100,2790.2309999999998,2789.5690000000004,0.0041,0.0014
13.06.2018 03:48:28.349 GMT+0100,2790.2309999999998,2789.57,0.0062,0.0014
13.06.2018 03:48:29.816 GMT+0100,2790.3309999999997,2789.6690000000003,0.0062,0.0014
13.06.2018 03:48:29.867 GMT+0100,2790.3309999999997,2789.67,0.0062,0.0014
13.06.2018 03:49:04.607 GMT+0100,2790.13,2789.67,0.0016,0.0014
13.06.2018 03:49:04.658 GMT+0100,2790.13,2789.4700000000003,0.0031,0.0029
13.06.2018 03:49:57.525 GMT+0100,2789.8309999999997,2789.4700000000003,0.0016,0.0014
13.06.2018 03:49:57.576 GMT+0100,2789.8309999999997,2789.1690000000003,0.0062,0.0058
13.06.2018 03:54:20.573 GMT+0100,2790.13,2789.4700000000003,0.0041,0.0014
13.06.2018 03:54:20.624 GMT+0100,2790.13,2789.4700000000003,0.0031,0.0029
13.06.2018 03:59:37.234 GMT+0100,2790.3309999999997,2789.6690000000003,0.0041,0.0014
13.06.2018 03:59:37.284 GMT+0100,2790.3309999999997,2789.67,0.0062,0.0029
13.06.2018 04:00:07.167 GMT+0100,2790.131,2789.67,0.0016,0.0029
13.06.2018 04:00:07.218 GMT+0100,2790.131,2789.4690000000005,0.0062,0.0058
13.06.2018 04:00:07.329 GMT+0100,2790.3309999999997,2789.6690000000003,0.0062,0.0014
13.06.2018 04:00:07.379 GMT+0100,2790.3309999999997,2789.67,0.0062,0.0014
13.06.2018 04:00:10.589 GMT+0100,2790.13,2789.67,0.0016,0.0014
13.06.2018 04:00:10.640 GMT+0100,2790.13,2789.4700000000003,0.0031,0.0029
13.06.2018 04:05:17.807 GMT+0100,2790.131,2789.4690000000005,0.0021,0.0019
13.06.2018 04:06:11.670 GMT+0100,2790.33,2789.67,0.0041,0.0014
13.06.2018 04:06:11.721 GMT+0100,2790.33,2789.67,0.0031,0.0029
13.06.2018 04:06:21.197 GMT+0100,2790.13,2789.67,0.0016,0.0014
13.06.2018 04:06:21.273 GMT+0100,2790.13,2789.4700000000003,0.0062,0.0058
13.06.2018 04:09:10.635 GMT+0100,2790.33,2789.67,0.0041,0.0014
13.06.2018 04:09:10.685 GMT+0100,2790.33,2789.67,0.0062,0.0058
13.06.2018 04:11:13.221 GMT+0100,2790.131,2789.67,0.0016,0.0014
13.06.2018 04:11:13.272 GMT+0100,2790.131,2789.4690000000005,0.0062,0.0058
13.06.2018 04:11:24.403 GMT+0100,2790.3309999999997,2789.6690000000003,0.0062,0.0014
13.06.2018 04:11:24.453 GMT+0100,2790.3309999999997,2789.6690000000003,0.0062,0.0058
13.06.2018 04:13:17.396 GMT+0100,2790.131,2789.6690000000003,0.0016,0.0014
13.06.2018 04:13:17.446 GMT+0100,2790.131,2789.4690000000005,0.0062,0.0058
13.06.2018 04:13:17.557 GMT+0100,2790.2309999999998,2789.5690000000004,0.0062,0.0014
13.06.2018 04:13:17.607 GMT+0100,2790.2309999999998,2789.57,0.0062,0.0014
13.06.2018 04:13:17.717 GMT+0100,2790.131,2789.57,0.0016,0.0014
13.06.2018 04:13:17.768 GMT+0100,2790.131,2789.4700000000003,0.0062,0.0029
13.06.2018 04:13:50.842 GMT+0100,2790.33,2789.67,0.0062,0.0014
13.06.2018 04:13:50.892 GMT+0100,2790.33,2789.67,0.0031,0.0029
13.06.2018 04:16:37.229 GMT+0100,2790.131,2789.6690000000003,0.0016,0.0014
13.06.2018 04:16:37.280 GMT+0100,2790.131,2789.4690000000005,0.0062,0.0058
13.06.2018 04:17:01.665 GMT+0100,2790.3309999999997,2789.6690000000003,0.0062,0.0014
13.06.2018 04:17:01.716 GMT+0100,2790.3309999999997,2789.6690000000003,0.0062,0.0058
13.06.2018 04:17:11.302 GMT+0100,2790.13,2789.6690000000003,0.0016,0.0029
13.06.2018 04:17:11.352 GMT+0100,2790.13,2789.4700000000003,0.0062,0.0058
13.06.2018 04:24:31.435 GMT+0100,2790.031,2789.4700000000003,0.0016,0.0014
13.06.2018 04:24:31.486 GMT+0100,2790.031,2789.37,0.0062,0.0014
13.06.2018 04:24:33.286 GMT+0100,2790.13,2789.4700000000003,0.0062,0.0014
13.06.2018 04:24:33.337 GMT+0100,2790.13,2789.4700000000003,0.0062,0.0058
13.06.2018 04:24:41.979 GMT+0100,2789.83,2789.4700000000003,0.0016,0.0029
13.06.2018 04:24:42.030 GMT+0100,2789.83,2789.17,0.0016,0.0014
13.06.2018 04:25:33.445 GMT+0100,2790.13,2789.4700000000003,0.0062,0.0014
13.06.2018 04:25:33.496 GMT+0100,2790.13,2789.4700000000003,0.0031,0.0029
13.06.2018 04:25:51.988 GMT+0100,2789.8309999999997,2789.4700000000003,0.0016,0.0014
13.06.2018 04:25:52.039 GMT+0100,2789.8309999999997,2789.17,0.0062,0.0014
13.06.2018 04:25:53.222 GMT+0100,2790.131,2789.4690000000005,0.0062,0.0014
13.06.2018 04:25:53.272 GMT+0100,2790.131,2789.4700000000003,0.0062,0.0029
13.06.2018 04:27:45.839 GMT+0100,2789.8309999999997,2789.4700000000003,0.0016,0.0014
13.06.2018 04:27:45.890 GMT+0100,2789.8309999999997,2789.17,0.0062,0.0014
13.06.2018 04:30:50.161 GMT+0100,2789.631,2789.17,0.0016,0.0014
13.06.2018 04:30:50.212 GMT+0100,2789.631,2788.9700000000003,0.0062,0.0014
13.06.2018 04:30:54.902 GMT+0100,2789.83,2789.17,0.0062,0.0014
13.06.2018 04:30:54.953 GMT+0100,2789.83,2789.17,0.0031,0.0029
13.06.2018 04:35:57.885 GMT+0100,2789.8309999999997,2789.1690000000003,0.0021,0.0019
13.06.2018 04:36:41.095 GMT+0100,2790.131,2789.4690000000005,0.0041,0.0014
13.06.2018 04:36:41.146 GMT+0100,2790.131,2789.4700000000003,0.0062,0.0014
13.06.2018 04:38:53.875 GMT+0100,2790.33,2789.67,0.0041,0.0014
13.06.2018 04:38:53.925 GMT+0100,2790.33,2789.67,0.0031,0.0029
13.06.2018 04:39:51.090 GMT+0100,2790.13,2789.67,0.0016,0.0014
13.06.2018 04:39:51.140 GMT+0100,2790.13,2789.4700000000003,0.0031,0.0029
13.06.2018 04:41:09.366 GMT+0100,2790.33,2789.67,0.0041,0.0014
13.06.2018 04:41:09.416 GMT+0100,2790.33,2789.67,0.0031,0.0029
13.06.2018 04:41:11.362 GMT+0100,2790.131,2789.67,0.0016,0.0014
13.06.2018 04:41:11.412 GMT+0100,2790.131,2789.4690000000005,0.0062,0.0058
13.06.2018 04:45:12.725 GMT+0100,2789.83,2789.4690000000005,0.0016,0.0014
13.06.2018 04:45:12.776 GMT+0100,2789.83,2789.17,0.0062,0.0058
13.06.2018 04:47:38.796 GMT+0100,2790.131,2789.4690000000005,0.0041,0.0014
13.06.2018 04:47:38.846 GMT+0100,2790.131,2789.4700000000003,0.0062,0.0014
13.06.2018 04:48:47.803 GMT+0100,2790.131,2789.4690000000005,0.0041,0.0039
13.06.2018 04:57:06.008 GMT+0100,2789.83,2789.17,0.0021,0.0019
13.06.2018 05:02:17.089 GMT+0100,2790.13,2789.4700000000003,0.0041,0.0014
13.06.2018 05:02:17.139 GMT+0100,2790.13,2789.4700000000003,0.0031,0.0029
13.06.2018 05:05:38.865 GMT+0100,2789.8309999999997,2789.4690000000005,0.0016,0.0014
13.06.2018 05:05:38.916 GMT+0100,2789.8309999999997,2789.17,0.0062,0.0014
13.06.2018 05:06:38.261 GMT+0100,2790.131,2789.4690000000005,0.0062,0.0014
13.06.2018 05:06:38.312 GMT+0100,2790.131,2789.4700000000003,0.0062,0.0014
13.06.2018 05:07:47.799 GMT+0100,2790.131,2789.4690000000005,0.0041,0.0039
13.06.2018 05:10:35.331 GMT+0100,2789.83,2789.4690000000005,0.0016,0.0014
13.06.2018 05:10:35.382 GMT+0100,2789.83,2789.17,0.0062,0.0058
13.06.2018 05:10:39.495 GMT+0100,2790.13,2789.4700000000003,0.0062,0.0014
13.06.2018 05:10:39.546 GMT+0100,2790.13,2789.4700000000003,0.0031,0.0029
13.06.2018 05:11:54.224 GMT+0100,2789.8309999999997,2789.4690000000005,0.0016,0.0014
13.06.2018 05:11:54.275 GMT+0100,2789.8309999999997,2789.1690000000003,0.0062,0.0058
13.06.2018 05:12:56.441 GMT+0100,2790.131,2789.4690000000005,0.0041,0.0014
13.06.2018 05:12:56.492 GMT+0100,2790.131,2789.4700000000003,0.0062,0.0029
13.06.2018 05:14:00.196 GMT+0100,2790.131,2789.4690000000005,0.0041,0.0014
13.06.2018 05:14:00.246 GMT+0100,2790.03,2789.37,0.0062,0.0058
13.06.2018 05:14:02.305 GMT+0100,2790.13,2789.4700000000003,0.0062,0.0014
13.06.2018 05:14:02.355 GMT+0100,2790.13,2789.4700000000003,0.0031,0.0029
13.06.2018 05:14:30.930 GMT+0100,2789.83,2789.4700000000003,0.0016,0.0014
13.06.2018 05:14:30.983 GMT+0100,2789.83,2789.17,0.0062,0.0058
13.06.2018 05:14:45.862 GMT+0100,2790.131,2789.4690000000005,0.0062,0.0014
13.06.2018 05:14:45.913 GMT+0100,2790.131,2789.4700000000003,0.0062,0.0029
13.06.2018 05:15:13.826 GMT+0100,2790.031,2789.4700000000003,0.0016,0.0029
13.06.2018 05:15:13.877 GMT+0100,2790.031,2789.37,0.0062,0.0029
13.06.2018 05:15:15.984 GMT+0100,2789.83,2789.37,0.0016,0.0029
13.06.2018 05:15:16.035 GMT+0100,2789.83,2789.17,0.0031,0.0029
13.06.2018 05:28:33.883 GMT+0100,2789.63,2788.9700000000003,0.0021,0.0019
13.06.2018 05:29:41.967 GMT+0100,2789.83,2789.17,0.0041,0.0014
13.06.2018 05:29:42.017 GMT+0100,2789.83,2789.17,0.0062,0.0058
13.06.2018 05:33:33.975 GMT+0100,2789.83,2789.4700000000003,0.0031,0.0014
13.06.2018 05:33:34.025 GMT+0100,2790.13,2789.4700000000003,0.0031,0.0029
13.06.2018 05:38:37.812 GMT+0100,2790.131,2789.4690000000005,0.0021,0.0019
13.06.2018 05:39:21.912 GMT+0100,2789.83,2789.4690000000005,0.0016,0.0014
13.06.2018 05:39:21.963 GMT+0100,2789.83,2789.17,0.0062,0.0058
13.06.2018 05:39:41.790 GMT+0100,2790.13,2789.4700000000003,0.0062,0.0014
13.06.2018 05:39:41.841 GMT+0100,2790.13,2789.4700000000003,0.0016,0.0014
13.06.2018 05:41:00.695 GMT+0100,2789.83,2789.4690000000005,0.0016,0.0014
13.06.2018 05:41:00.745 GMT+0100,2789.83,2789.17,0.0031,0.0029
13.06.2018 05:42:13.103 GMT+0100,2789.63,2789.17,0.0016,0.0014
13.06.2018 05:42:13.154 GMT+0100,2789.63,2788.9700000000003,0.0016,0.0014
13.06.2018 05:42:42.893 GMT+0100,2789.73,2789.07,0.0062,0.0014
13.06.2018 05:42:42.944 GMT+0100,2789.73,2789.07,0.0016,0.0014
13.06.2018 05:42:45.262 GMT+0100,2789.63,2789.0690000000004,0.0016,0.0029
13.06.2018 05:42:45.313 GMT+0100,2789.63,2788.9700000000003,0.0062,0.0058
13.06.2018 05:42:47.853 GMT+0100,2789.7309999999998,2789.0690000000004,0.0062,0.0014
13.06.2018 05:42:47.904 GMT+0100,2789.7309999999998,2789.07,0.0062,0.0029
13.06.2018 05:42:55.026 GMT+0100,2789.631,2789.07,0.0016,0.0029
13.06.2018 05:42:55.077 GMT+0100,2789.631,2788.9700000000003,0.0062,0.0014
13.06.2018 05:42:55.345 GMT+0100,2789.8309999999997,2789.1690000000003,0.0062,0.0014
13.06.2018 05:42:55.396 GMT+0100,2789.8309999999997,2789.17,0.0062,0.0014
13.06.2018 05:43:57.801 GMT+0100,2789.8309999999997,2789.1690000000003,0.0041,0.0039
13.06.2018 05:44:17.105 GMT+0100,2789.63,2789.1690000000003,0.0016,0.0014
13.06.2018 05:44:17.156 GMT+0100,2789.63,2788.9700000000003,0.0016,0.0014
13.06.2018 05:44:30.286 GMT+0100,2789.83,2789.17,0.0062,0.0014
13.06.2018 05:44:30.394 GMT+0100,2789.83,2789.17,0.0016,0.0014
13.06.2018 05:45:06.023 GMT+0100,2790.031,2789.369,0.0062,0.0014
13.06.2018 05:45:06.073 GMT+0100,2790.031,2789.369,0.0062,0.0058
13.06.2018 05:45:07.384 GMT+0100,2789.8309999999997,2789.369,0.0016,0.0029
13.06.2018 05:45:07.435 GMT+0100,2789.8309999999997,2789.17,0.0062,0.0014
13.06.2018 05:45:10.105 GMT+0100,2790.031,2789.369,0.0062,0.0014
13.06.2018 05:45:10.156 GMT+0100,2790.031,2789.369,0.0062,0.0058
13.06.2018 05:45:25.154 GMT+0100,2790.13,2789.4700000000003,0.0062,0.0014
13.06.2018 05:45:25.205 GMT+0100,2790.13,2789.4700000000003,0.0062,0.0058
13.06.2018 05:54:41.956 GMT+0100,2789.83,2789.17,0.0041,0.0039
13.06.2018 05:55:18.427 GMT+0100,2790.131,2789.4690000000005,0.0062,0.0014
13.06.2018 05:55:18.478 GMT+0100,2790.131,2789.4700000000003,0.0062,0.0029
13.06.2018 05:56:09.011 GMT+0100,2790.3309999999997,2789.6690000000003,0.0062,0.0014
13.06.2018 05:56:09.061 GMT+0100,2790.3309999999997,2789.67,0.0062,0.0014
13.06.2018 05:56:11.576 GMT+0100,2790.13,2789.67,0.0016,0.0014
13.06.2018 05:56:11.626 GMT+0100,2790.13,2789.4700000000003,0.0062,0.0058
13.06.2018 05:59:24.999 GMT+0100,2790.2309999999998,2789.5690000000004,0.0041,0.0014
13.06.2018 05:59:25.050 GMT+0100,2790.2309999999998,2789.57,0.0062,0.0014
13.06.2018 05:59:28.005 GMT+0100,2790.33,2789.67,0.0062,0.0014
13.06.2018 05:59:28.056 GMT+0100,2790.33,2789.67,0.0031,0.0029
13.06.2018 05:59:32.659 GMT+0100,2790.13,2789.67,0.0016,0.0014
13.06.2018 05:59:32.710 GMT+0100,2790.13,2789.4700000000003,0.0062,0.0058
13.06.2018 05:59:53.824 GMT+0100,2790.3309999999997,2789.6690000000003,0.0062,0.0014
13.06.2018 05:59:53.875 GMT+0100,2790.3309999999997,2789.67,0.0062,0.0014
13.06.2018 05:59:56.448 GMT+0100,2790.131,2789.67,0.0016,0.0014
13.06.2018 05:59:56.499 GMT+0100,2790.131,2789.4690000000005,0.0062,0.0058
13.06.2018 06:00:00.593 GMT+0100,2790.131,2789.4700000000003,0.0062,0.0014
13.06.2018 06:00:02.698 GMT+0100,2790.3309999999997,2789.6690000000003,0.0062,0.0014
13.06.2018 06:00:02.748 GMT+0100,2790.3309999999997,2789.67,0.0062,0.0029
13.06.2018 06:00:10.147 GMT+0100,2790.13,2789.67,0.0016,0.0029
13.06.2018 06:00:10.197 GMT+0100,2790.13,2789.4700000000003,0.0031,0.0029
13.06.2018 06:00:12.643 GMT+0100,2790.3309999999997,2789.6690000000003,0.0062,0.0014
13.06.2018 06:00:12.693 GMT+0100,2790.3309999999997,2789.67,0.0062,0.0029
13.06.2018 06:00:32.757 GMT+0100,2790.131,2789.67,0.0016,0.0029
13.06.2018 06:00:32.808 GMT+0100,2790.131,2789.4690000000005,0.0062,0.0058
13.06.2018 06:01:10.576 GMT+0100,2790.33,2789.67,0.0062,0.0014
13.06.2018 06:01:10.627 GMT+0100,2790.33,2789.67,0.0016,0.0014
13.06.2018 06:02:10.856 GMT+0100,2790.131,2789.6690000000003,0.0016,0.0014
13.06.2018 06:02:10.906 GMT+0100,2790.131,2789.4690000000005,0.0062,0.0058
13.06.2018 06:02:28.263 GMT+0100,2790.33,2789.67,0.0062,0.0014
13.06.2018 06:02:28.314 GMT+0100,2790.33,2789.67,0.0031,0.0029
13.06.2018 06:02:28.432 GMT+0100,2790.131,2789.67,0.0016,0.0014
13.06.2018 06:02:28.483 GMT+0100,2790.131,2789.4700000000003,0.0062,0.0029
13.06.2018 06:02:31.062 GMT+0100,2790.3309999999997,2789.6690000000003,0.0062,0.0014
13.06.2018 06:02:31.112 GMT+0100,2790.3309999999997,2789.67,0.0062,0.0029
13.06.2018 06:02:33.593 GMT+0100,2790.2309999999998,2789.67,0.0016,0.0029
13.06.2018 06:02:33.644 GMT+0100,2790.2309999999998,2789.5690000000004,0.0062,0.0058
13.06.2018 06:02:33.755 GMT+0100,2790.33,2789.67,0.0062,0.0014
13.06.2018 06:02:33.806 GMT+0100,2790.33,2789.67,0.0031,0.0029
13.06.2018 06:02:38.150 GMT+0100,2790.131,2789.67,0.0016,0.0014
13.06.2018 06:02:38.200 GMT+0100,2790.131,2789.4690000000005,0.0062,0.0058
13.06.2018 06:02:44.803 GMT+0100,2790.33,2789.67,0.0062,0.0014
13.06.2018 06:02:44.853 GMT+0100,2790.33,2789.67,0.0016,0.0014
13.06.2018 06:04:03.255 GMT+0100,2790.13,2789.6690000000003,0.0016,0.0014
13.06.2018 06:04:03.305 GMT+0100,2790.13,2789.4700000000003,0.0016,0.0014
13.06.2018 06:04:03.832 GMT+0100,2790.3309999999997,2789.6690000000003,0.0062,0.0014
13.06.2018 06:04:03.883 GMT+0100,2790.3309999999997,2789.67,0.0062,0.0029
13.06.2018 06:04:05.139 GMT+0100,2790.13,2789.67,0.0016,0.0029
13.06.2018 06:04:05.190 GMT+0100,2790.13,2789.4700000000003,0.0031,0.0029
13.06.2018 06:04:39.512 GMT+0100,2790.3309999999997,2789.6690000000003,0.0062,0.0014
13.06.2018 06:04:39.563 GMT+0100,2790.3309999999997,2789.6690000000003,0.0062,0.0058
13.06.2018 06:05:08.603 GMT+0100,2790.13,2789.6690000000003,0.0016,0.0029
13.06.2018 06:05:08.653 GMT+0100,2790.13,2789.4700000000003,0.0031,0.0029
13.06.2018 06:06:52.223 GMT+0100,2790.2309999999998,2789.5690000000004,0.0041,0.0014
13.06.2018 06:06:52.274 GMT+0100,2790.2309999999998,2789.5690000000004,0.0062,0.0058
13.06.2018 06:06:56.380 GMT+0100,2790.131,2789.5690000000004,0.0016,0.0029
13.06.2018 06:06:56.431 GMT+0100,2790.131,2789.4700000000003,0.0062,0.0029
13.06.2018 06:07:36.686 GMT+0100,2790.33,2789.67,0.0062,0.0014
13.06.2018 06:07:36.737 GMT+0100,2790.33,2789.67,0.0016,0.0014
13.06.2018 06:08:06.565 GMT+0100,2790.131,2789.6690000000003,0.0031,0.0014
13.06.2018 06:08:06.615 GMT+0100,2790.131,2789.4700000000003,0.0062,0.0014
13.06.2018 06:08:33.046 GMT+0100,2790.3309999999997,2789.6690000000003,0.0062,0.0014
13.06.2018 06:08:33.097 GMT+0100,2790.3309999999997,2789.67,0.0062,0.0014
13.06.2018 06:08:34.595 GMT+0100,2790.131,2789.67,0.0016,0.0014
13.06.2018 06:08:34.646 GMT+0100,2790.131,2789.4700000000003,0.0062,0.0029
13.06.2018 06:09:03.270 GMT+0100,2790.3309999999997,2789.6690000000003,0.0062,0.0014
13.06.2018 06:09:03.320 GMT+0100,2790.3309999999997,2789.6690000000003,0.0062,0.0058
13.06.2018 06:09:09.211 GMT+0100,2790.131,2789.6690000000003,0.0016,0.0029
13.06.2018 06:09:09.262 GMT+0100,2790.131,2789.4690000000005,0.0062,0.0058
13.06.2018 06:09:33.704 GMT+0100,2790.131,2789.6690000000003,0.0031,0.0014
13.06.2018 06:09:33.754 GMT+0100,2790.3309999999997,2789.67,0.0062,0.0014
13.06.2018 06:09:52.591 GMT+0100,2790.13,2789.67,0.0016,0.0014
13.06.2018 06:09:52.642 GMT+0100,2790.13,2789.4700000000003,0.0031,0.0029
13.06.2018 06:09:54.404 GMT+0100,2790.33,2789.67,0.0062,0.0014
13.06.2018 06:09:54.455 GMT+0100,2790.33,2789.67,0.0062,0.0058
13.06.2018 06:10:32.755 GMT+0100,2790.13,2789.67,0.0016,0.0029
13.06.2018 06:10:32.806 GMT+0100,2790.13,2789.4700000000003,0.0016,0.0014
13.06.2018 06:11:03.588 GMT+0100,2790.3309999999997,2789.6690000000003,0.0062,0.0014
13.06.2018 06:11:03.638 GMT+0100,2790.3309999999997,2789.67,0.0062,0.0029
13.06.2018 06:12:09.941 GMT+0100,2790.13,2789.67,0.0016,0.0014
13.06.2018 06:12:09.991 GMT+0100,2790.13,2789.4700000000003,0.0031,0.0029
13.06.2018 06:13:08.078 GMT+0100,2790.13,2789.6690000000003,0.0031,0.0014
13.06.2018 06:13:08.129 GMT+0100,2790.33,2789.67,0.0016,0.0014
13.06.2018 06:14:13.550 GMT+0100,2790.13,2789.6690000000003,0.0016,0.0014
13.06.2018 06:14:13.600 GMT+0100,2790.13,2789.4700000000003,0.0031,0.0029
13.06.2018 06:14:14.041 GMT+0100,2790.3309999999997,2789.6690000000003,0.0062,0.0014
13.06.2018 06:14:14.092 GMT+0100,2790.3309999999997,2789.67,0.0062,0.0014
13.06.2018 06:20:25.273 GMT+0100,2790.131,2789.67,0.0016,0.0014
13.06.2018 06:20:25.324 GMT+0100,2790.131,2789.4700000000003,0.0062,0.0029
13.06.2018 06:20:38.838 GMT+0100,2790.33,2789.67,0.0062,0.0014
13.06.2018 06:20:38.889 GMT+0100,2790.33,2789.67,0.0031,0.0029
13.06.2018 06:21:53.796 GMT+0100,2790.33,2789.67,0.0062,0.0029
13.06.2018 06:21:53.847 GMT+0100,2790.131,2789.4700000000003,0.0062,0.0014
13.06.2018 06:22:57.807 GMT+0100,2790.131,2789.4690000000005,0.0041,0.0039
13.06.2018 06:23:20.296 GMT+0100,2790.3309999999997,2789.6690000000003,0.0041,0.0014
13.06.2018 06:23:20.346 GMT+0100,2790.3309999999997,2789.67,0.0062,0.0029
13.06.2018 06:23:20.455 GMT+0100,2790.131,2789.67,0.0031,0.0014
13.06.2018 06:23:20.506 GMT+0100,2790.131,2789.4700000000003,0.0062,0.0029
13.06.2018 06:23:20.614 GMT+0100,2790.3309999999997,2789.6690000000003,0.0062,0.0014
13.06.2018 06:23:20.665 GMT+0100,2790.3309999999997,2789.6690000000003,0.0062,0.0058
13.06.2018 06:25:33.842 GMT+0100,2790.631,2789.9690000000005,0.0041,0.0014
13.06.2018 06:25:33.893 GMT+0100,2790.631,2789.9700000000003,0.0062,0.0029
13.06.2018 06:25:47.281 GMT+0100,2790.631,2789.9700000000003,0.0062,0.0014
13.06.2018 06:25:47.332 GMT+0100,2790.3309999999997,2789.67,0.0062,0.0014
13.06.2018 06:25:50.535 GMT+0100,2790.631,2789.9690000000005,0.0062,0.0014
13.06.2018 06:25:50.586 GMT+0100,2790.631,2789.9690000000005,0.0062,0.0058
13.06.2018 06:25:52.540 GMT+0100,2790.33,2789.9690000000005,0.0016,0.0029
13.06.2018 06:25:52.590 GMT+0100,2790.33,2789.67,0.0031,0.0029
13.06.2018 06:26:06.704 GMT+0100,2790.631,2789.9690000000005,0.0062,0.0014
13.06.2018 06:26:06.755 GMT+0100,2790.631,2789.9700000000003,0.0062,0.0014
13.06.2018 06:26:38.312 GMT+0100,2790.33,2789.9700000000003,0.0016,0.0014
13.06.2018 06:26:38.363 GMT+0100,2790.33,2789.67,0.0031,0.0029
13.06.2018 06:27:02.349 GMT+0100,2790.63,2789.9700000000003,0.0062,0.0014
13.06.2018 06:27:02.401 GMT+0100,2790.63,2789.9700000000003,0.0031,0.0029
13.06.2018 06:30:08.673 GMT+0100,2790.3309999999997,2789.9690000000005,0.0016,0.0014
13.06.2018 06:30:08.724 GMT+0100,2790.3309999999997,2789.67,0.0062,0.0029
13.06.2018 06:36:32.011 GMT+0100,2790.13,2789.67,0.0016,0.0014
13.06.2018 06:36:32.062 GMT+0100,2790.13,2789.4700000000003,0.0016,0.0014
13.06.2018 06:36:32.170 GMT+0100,2790.3309999999997,2789.6690000000003,0.0062,0.0014
13.06.2018 06:36:32.220 GMT+0100,2790.3309999999997,2789.67,0.0062,0.0014
13.06.2018 06:41:04.144 GMT+0100,2790.131,2789.67,0.0016,0.0014
13.06.2018 06:41:04.195 GMT+0100,2790.131,2789.4700000000003,0.0062,0.0014
13.06.2018 06:41:56.236 GMT+0100,2790.3309999999997,2789.6690000000003,0.0062,0.0014
13.06.2018 06:41:56.286 GMT+0100,2790.3309999999997,2789.67,0.0062,0.0014
13.06.2018 06:52:15.879 GMT+0100,2790.131,2789.4690000000005,0.0021,0.0019
13.06.2018 06:52:34.691 GMT+0100,2790.3309999999997,2789.6690000000003,0.0062,0.0014
13.06.2018 06:52:34.742 GMT+0100,2790.3309999999997,2789.67,0.0062,0.0014
13.06.2018 06:53:37.806 GMT+0100,2790.3309999999997,2789.6690000000003,0.0041,0.0039
13.06.2018 06:53:56.682 GMT+0100,2790.131,2789.6690000000003,0.0016,0.0014
13.06.2018 06:53:56.733 GMT+0100,2790.131,2789.4700000000003,0.0062,0.0029
13.06.2018 06:53:59.685 GMT+0100,2790.131,2789.6690000000003,0.0031,0.0014
13.06.2018 06:53:59.736 GMT+0100,2790.3309999999997,2789.6690000000003,0.0062,0.0058
13.06.2018 06:54:56.532 GMT+0100,2790.13,2789.6690000000003,0.0016,0.0029
13.06.2018 06:54:56.582 GMT+0100,2790.13,2789.4700000000003,0.0031,0.0029
13.06.2018 06:54:57.739 GMT+0100,2790.33,2789.67,0.0062,0.0014
13.06.2018 06:54:57.789 GMT+0100,2790.33,2789.67,0.0062,0.0058
13.06.2018 06:56:43.568 GMT+0100,2790.131,2789.67,0.0016,0.0014
13.06.2018 06:56:43.618 GMT+0100,2790.131,2789.4690000000005,0.0062,0.0058
13.06.2018 06:56:50.746 GMT+0100,2790.33,2789.67,0.0062,0.0014
13.06.2018 06:56:50.797 GMT+0100,2790.33,2789.67,0.0031,0.0029
13.06.2018 06:57:47.202 GMT+0100,2790.13,2789.67,0.0016,0.0014
13.06.2018 06:57:47.252 GMT+0100,2790.13,2789.4700000000003,0.0062,0.0058
13.06.2018 06:58:28.716 GMT+0100,2790.33,2789.67,0.0062,0.0014
13.06.2018 06:58:28.767 GMT+0100,2790.33,2789.67,0.0062,0.0058
13.06.2018 06:58:38.504 GMT+0100,2790.13,2789.67,0.0016,0.0029
13.06.2018 06:58:38.555 GMT+0100,2790.13,2789.4700000000003,0.0031,0.0029
13.06.2018 06:59:06.032 GMT+0100,2790.33,2789.67,0.0062,0.0014
13.06.2018 06:59:06.083 GMT+0100,2790.33,2789.67,0.0031,0.0029
13.06.2018 06:59:09.831 GMT+0100,2790.131,2789.67,0.0016,0.0014
13.06.2018 06:59:09.882 GMT+0100,2790.131,2789.4700000000003,0.0062,0.0014
13.06.2018 07:01:25.138 GMT+0100,2790.33,2789.67,0.0041,0.0014
13.06.2018 07:01:25.189 GMT+0100,2790.33,2789.67,0.0031,0.0029
13.06.2018 07:01:26.616 GMT+0100,2790.131,2789.67,0.0016,0.0014
13.06.2018 07:01:26.666 GMT+0100,2790.131,2789.4700000000003,0.0062,0.0029
13.06.2018 07:01:55.789 GMT+0100,2789.83,2789.4700000000003,0.0016,0.0029
13.06.2018 07:01:55.840 GMT+0100,2789.83,2789.17,0.0062,0.0058
13.06.2018 07:01:56.848 GMT+0100,2790.131,2789.4690000000005,0.0062,0.0014
13.06.2018 07:01:56.901 GMT+0100,2790.131,2789.4700000000003,0.0062,0.0014
13.06.2018 07:07:54.948 GMT+0100,2789.83,2789.4700000000003,0.0016,0.0014
13.06.2018 07:07:54.999 GMT+0100,2789.83,2789.17,0.0016,0.0014
13.06.2018 07:08:16.188 GMT+0100,2790.13,2789.4700000000003,0.0062,0.0014
13.06.2018 07:08:16.239 GMT+0100,2790.13,2789.4700000000003,0.0031,0.0029
13.06.2018 07:09:54.257 GMT+0100,2789.8309999999997,2789.4690000000005,0.0016,0.0014
13.06.2018 07:09:54.307 GMT+0100,2789.8309999999997,2789.17,0.0062,0.0029
13.06.2018 07:11:40.863 GMT+0100,2790.13,2789.4700000000003,0.0041,0.0014
13.06.2018 07:11:40.914 GMT+0100,2790.13,2789.4700000000003,0.0016,0.0014
13.06.2018 07:11:49.636 GMT+0100,2790.13,2789.6690000000003,0.0016,0.0014
13.06.2018 07:11:49.687 GMT+0100,2790.3309999999997,2789.67,0.0062,0.0014
13.06.2018 07:14:08.647 GMT+0100,2790.131,2789.67,0.0016,0.0014
13.06.2018 07:14:08.698 GMT+0100,2790.131,2789.4700000000003,0.0062,0.0029
13.06.2018 07:14:33.753 GMT+0100,2789.83,2789.4700000000003,0.0016,0.0029
13.06.2018 07:14:33.804 GMT+0100,2789.83,2789.17,0.0016,0.0014
13.06.2018 07:14:45.233 GMT+0100,2790.13,2789.4700000000003,0.0062,0.0014
13.06.2018 07:14:45.284 GMT+0100,2790.13,2789.4700000000003,0.0031,0.0029
13.06.2018 07:14:45.788 GMT+0100,2789.8309999999997,2789.4700000000003,0.0016,0.0014
13.06.2018 07:14:45.838 GMT+0100,2789.8309999999997,2789.17,0.0062,0.0029
13.06.2018 07:15:57.287 GMT+0100,2789.63,2789.17,0.0016,0.0014
13.06.2018 07:15:57.338 GMT+0100,2789.63,2788.9700000000003,0.0031,0.0029
13.06.2018 07:18:09.806 GMT+0100,2789.33,2788.9700000000003,0.0016,0.0014
13.06.2018 07:18:09.857 GMT+0100,2789.33,2788.67,0.0062,0.0058
13.06.2018 07:18:44.151 GMT+0100,2789.13,2788.67,0.0016,0.0029
13.06.2018 07:18:44.201 GMT+0100,2789.13,2788.4700000000003,0.0031,0.0029
13.06.2018 07:19:31.272 GMT+0100,2788.8309999999997,2788.4700000000003,0.0016,0.0014
13.06.2018 07:19:31.322 GMT+0100,2788.8309999999997,2788.1690000000003,0.0062,0.0058
13.06.2018 07:19:32.650 GMT+0100,2789.13,2788.4700000000003,0.0062,0.0014
13.06.2018 07:19:32.700 GMT+0100,2789.13,2788.4700000000003,0.0016,0.0014
13.06.2018 07:19:39.045 GMT+0100,2789.3309999999997,2788.6690000000003,0.0062,0.0014
13.06.2018 07:19:39.096 GMT+0100,2789.3309999999997,2788.67,0.0062,0.0014
13.06.2018 07:19:42.254 GMT+0100,2789.131,2788.67,0.0016,0.0014
13.06.2018 07:19:42.305 GMT+0100,2789.131,2788.4700000000003,0.0062,0.0014
13.06.2018 07:19:42.586 GMT+0100,2789.33,2788.67,0.0062,0.0014
13.06.2018 07:19:42.636 GMT+0100,2789.33,2788.67,0.0031,0.0029
13.06.2018 07:19:43.765 GMT+0100,2789.23,2788.67,0.0016,0.0014
13.06.2018 07:19:43.815 GMT+0100,2789.23,2788.57,0.0062,0.0058
13.06.2018 07:19:45.386 GMT+0100,2789.131,2788.57,0.0016,0.0029
13.06.2018 07:19:45.436 GMT+0100,2789.131,2788.4700000000003,0.0062,0.0029
13.06.2018 07:20:16.556 GMT+0100,2789.631,2788.966,0.0062,0.0014
13.06.2018 07:20:16.606 GMT+0100,2789.631,2788.9700000000003,0.0062,0.0014
13.06.2018 07:20:48.047 GMT+0100,2789.83,2789.17,0.0062,0.0014
13.06.2018 07:20:48.097 GMT+0100,2789.83,2789.17,0.0031,0.0029
13.06.2018 07:21:36.247 GMT+0100,2789.63,2789.17,0.0016,0.0014
13.06.2018 07:21:36.298 GMT+0100,2789.63,2788.9700000000003,0.0031,0.0029
13.06.2018 07:21:50.441 GMT+0100,2789.33,2788.9700000000003,0.0016,0.0014
13.06.2018 07:21:50.492 GMT+0100,2789.33,2788.67,0.0062,0.0058
13.06.2018 07:22:04.442 GMT+0100,2789.63,2788.9700000000003,0.0062,0.0014
13.06.2018 07:22:04.492 GMT+0100,2789.63,2788.9700000000003,0.0031,0.0029
13.06.2018 07:22:06.128 GMT+0100,2789.3309999999997,2788.9700000000003,0.0016,0.0014
13.06.2018 07:22:06.179 GMT+0100,2789.3309999999997,2788.6690000000003,0.0062,0.0058
13.06.2018 07:22:09.534 GMT+0100,2789.63,2788.9700000000003,0.0062,0.0014
13.06.2018 07:22:09.585 GMT+0100,2789.63,2788.9700000000003,0.0031,0.0029
13.06.2018 07:22:12.786 GMT+0100,2789.3309999999997,2788.9700000000003,0.0016,0.0014
13.06.2018 07:22:12.837 GMT+0100,2789.3309999999997,2788.6690000000003,0.0062,0.0058
13.06.2018 07:22:15.319 GMT+0100,2789.631,2788.9690000000005,0.0062,0.0014
13.06.2018 07:22:15.370 GMT+0100,2789.631,2788.9690000000005,0.0062,0.0058
13.06.2018 07:22:18.822 GMT+0100,2789.33,2788.9690000000005,0.0016,0.0029
13.06.2018 07:22:18.874 GMT+0100,2789.33,2788.67,0.0031,0.0029
13.06.2018 07:22:31.542 GMT+0100,2789.63,2788.9700000000003,0.0062,0.0014
13.06.2018 07:22:31.593 GMT+0100,2789.63,2788.9700000000003,0.0031,0.0029
13.06.2018 07:23:25.706 GMT+0100,2789.33,2788.9700000000003,0.0016,0.0014
13.06.2018 07:23:25.757 GMT+0100,2789.33,2788.67,0.0016,0.0014
13.06.2018 07:24:41.118 GMT+0100,2789.13,2788.6690000000003,0.0016,0.0014
13.06.2018 07:24:41.169 GMT+0100,2789.13,2788.4700000000003,0.0031,0.0029
13.06.2018 07:25:09.192 GMT+0100,2789.03,2788.4700000000003,0.0016,0.0014
13.06.2018 07:25:09.242 GMT+0100,2789.03,2788.37,0.0016,0.0014
13.06.2018 07:25:09.341 GMT+0100,2788.83,2788.369,0.0016,0.0029
13.06.2018 07:25:09.392 GMT+0100,2788.83,2788.17,0.0031,0.0029
13.06.2018 07:26:13.984 GMT+0100,2788.63,2788.1690000000003,0.0016,0.0014
13.06.2018 07:26:14.034 GMT+0100,2788.63,2787.9700000000003,0.0016,0.0014
13.06.2018 07:26:33.277 GMT+0100,2788.3309999999997,2787.9690000000005,0.0016,0.0029
13.06.2018 07:26:33.328 GMT+0100,2788.3309999999997,2787.67,0.0062,0.0014
13.06.2018 07:26:36.011 GMT+0100,2788.63,2787.9700000000003,0.0062,0.0014
13.06.2018 07:26:36.062 GMT+0100,2788.63,2787.9700000000003,0.0062,0.0058
13.06.2018 07:27:28.698 GMT+0100,2788.33,2787.9700000000003,0.0016,0.0029
13.06.2018 07:27:28.748 GMT+0100,2788.33,2787.67,0.0031,0.0029
13.06.2018 07:27:51.009 GMT+0100,2788.33,2787.67,0.0031,0.0014
13.06.2018 07:27:51.060 GMT+0100,2788.131,2787.4700000000003,0.0062,0.0029
13.06.2018 07:27:52.195 GMT+0100,2788.33,2787.67,0.0062,0.0014
13.06.2018 07:27:52.246 GMT+0100,2788.33,2787.67,0.0031,0.0029
13.06.2018 07:27:53.097 GMT+0100,2788.131,2787.67,0.0016,0.0014
13.06.2018 07:27:53.148 GMT+0100,2788.131,2787.4690000000005,0.0062,0.0058
13.06.2018 07:27:59.216 GMT+0100,2787.8309999999997,2787.4690000000005,0.0016,0.0029
13.06.2018 07:27:59.266 GMT+0100,2787.8309999999997,2787.17,0.0062,0.0014
13.06.2018 07:27:59.543 GMT+0100,2788.131,2787.4690000000005,0.0062,0.0014
13.06.2018 07:27:59.593 GMT+0100,2788.131,2787.4700000000003,0.0062,0.0014
13.06.2018 07:28:17.534 GMT+0100,2787.83,2787.4700000000003,0.0016,0.0014
13.06.2018 07:28:17.585 GMT+0100,2787.83,2787.17,0.0016,0.0014
13.06.2018 07:28:41.535 GMT+0100,2787.631,2787.1690000000003,0.0016,0.0029
13.06.2018 07:28:41.586 GMT+0100,2787.631,2786.9690000000005,0.0062,0.0058
13.06.2018 07:28:45.236 GMT+0100,2787.8309999999997,2787.1690000000003,0.0062,0.0014
13.06.2018 07:28:45.287 GMT+0100,2787.8309999999997,2787.17,0.0062,0.0014
13.06.2018 07:28:46.582 GMT+0100,2787.63,2787.17,0.0016,0.0014
13.06.2018 07:28:46.633 GMT+0100,2787.63,2786.9700000000003,0.0031,0.0029
13.06.2018 07:29:05.501 GMT+0100,2787.83,2787.17,0.0062,0.0014
13.06.2018 07:29:05.551 GMT+0100,2787.83,2787.17,0.0062,0.0058
13.06.2018 07:29:32.238 GMT+0100,2787.63,2787.17,0.0016,0.0029
13.06.2018 07:29:32.289 GMT+0100,2787.63,2786.9700000000003,0.0062,0.0058
13.06.2018 07:30:06.836 GMT+0100,2787.33,2786.9700000000003,0.0016,0.0029
13.06.2018 07:30:06.887 GMT+0100,2787.33,2786.67,0.0031,0.0029
13.06.2018 07:30:39.707 GMT+0100,2787.33,2786.9700000000003,0.0031,0.0014
13.06.2018 07:30:39.758 GMT+0100,2787.631,2786.9700000000003,0.0062,0.0014
13.06.2018 07:30:40.286 GMT+0100,2787.3309999999997,2786.9700000000003,0.0016,0.0014
13.06.2018 07:30:40.336 GMT+0100,2787.3309999999997,2786.6690000000003,0.0062,0.0058
13.06.2018 07:30:40.460 GMT+0100,2787.631,2786.9700000000003,0.0062,0.0014
13.06.2018 07:31:21.100 GMT+0100,2787.83,2787.17,0.0062,0.0014
13.06.2018 07:31:21.151 GMT+0100,2787.83,2787.17,0.0031,0.0029
13.06.2018 07:31:31.790 GMT+0100,2787.631,2787.17,0.0016,0.0014
13.06.2018 07:31:31.841 GMT+0100,2787.631,2786.9700000000003,0.0062,0.0014
13.06.2018 07:31:42.501 GMT+0100,2787.83,2787.17,0.0062,0.0014
13.06.2018 07:31:42.551 GMT+0100,2787.83,2787.17,0.0016,0.0014
13.06.2018 07:32:07.387 GMT+0100,2788.131,2787.4690000000005,0.0062,0.0014
13.06.2018 07:32:07.437 GMT+0100,2788.131,2787.4690000000005,0.0062,0.0058
13.06.2018 07:33:08.874 GMT+0100,2787.8309999999997,2787.4690000000005,0.0016,0.0014
13.06.2018 07:33:08.925 GMT+0100,2787.8309999999997,2787.17,0.0062,0.0029
13.06.2018 07:33:10.085 GMT+0100,2787.8309999999997,2787.4700000000003,0.0031,0.0014
13.06.2018 07:33:10.136 GMT+0100,2788.131,2787.4700000000003,0.0062,0.0029
13.06.2018 07:33:10.492 GMT+0100,2787.83,2787.4700000000003,0.0016,0.0029
13.06.2018 07:33:10.543 GMT+0100,2787.83,2787.17,0.0031,0.0029
13.06.2018 07:33:10.943 GMT+0100,2788.131,2787.4690000000005,0.0062,0.0014
13.06.2018 07:33:10.993 GMT+0100,2788.131,2787.4700000000003,0.0062,0.0014
13.06.2018 07:33:11.863 GMT+0100,2787.83,2787.4700000000003,0.0016,0.0014
13.06.2018 07:33:11.914 GMT+0100,2787.83,2787.17,0.0062,0.0058
13.06.2018 07:33:44.885 GMT+0100,2787.83,2787.4700000000003,0.0031,0.0014
13.06.2018 07:33:44.936 GMT+0100,2788.131,2787.4700000000003,0.0062,0.0014
13.06.2018 07:33:46.119 GMT+0100,2787.83,2787.4700000000003,0.0016,0.0014
13.06.2018 07:33:46.170 GMT+0100,2787.83,2787.17,0.0062,0.0058
13.06.2018 07:33:49.253 GMT+0100,2788.13,2787.4700000000003,0.0062,0.0014
13.06.2018 07:33:49.304 GMT+0100,2788.13,2787.4700000000003,0.0031,0.0029
13.06.2018 07:33:54.239 GMT+0100,2788.031,2787.4700000000003,0.0016,0.0014
13.06.2018 07:33:54.290 GMT+0100,2788.031,2787.37,0.0062,0.0014
13.06.2018 07:33:54.400 GMT+0100,2788.131,2787.4690000000005,0.0062,0.0014
13.06.2018 07:33:54.482 GMT+0100,2788.131,2787.4690000000005,0.0062,0.0058
13.06.2018 07:33:55.600 GMT+0100,2787.83,2787.4690000000005,0.0031,0.0014
13.06.2018 07:33:55.650 GMT+0100,2787.83,2787.17,0.0031,0.0029
13.06.2018 07:33:59.562 GMT+0100,2788.13,2787.4700000000003,0.0062,0.0014
13.06.2018 07:33:59.612 GMT+0100,2788.13,2787.4700000000003,0.0062,0.0058
13.06.2018 07:34:00.090 GMT+0100,2787.8309999999997,2787.4700000000003,0.0016,0.0029
13.06.2018 07:34:00.141 GMT+0100,2787.8309999999997,2787.17,0.0062,0.0029
13.06.2018 07:34:00.654 GMT+0100,2788.031,2787.369,0.0062,0.0014
13.06.2018 07:34:00.704 GMT+0100,2788.031,2787.37,0.0062,0.0029
13.06.2018 07:34:00.810 GMT+0100,2787.83,2787.37,0.0016,0.0029
13.06.2018 07:34:00.860 GMT+0100,2787.83,2787.17,0.0031,0.0029
13.06.2018 07:34:00.972 GMT+0100,2788.031,2787.369,0.0062,0.0014
13.06.2018 07:34:01.022 GMT+0100,2788.031,2787.37,0.0062,0.0014
13.06.2018 07:34:01.573 GMT+0100,2787.8309999999997,2787.37,0.0016,0.0014
13.06.2018 07:34:01.623 GMT+0100,2787.8309999999997,2787.17,0.0062,0.0014
13.06.2018 07:34:02.353 GMT+0100,2788.03,2787.37,0.0062,0.0014
13.06.2018 07:34:02.404 GMT+0100,2788.03,2787.37,0.0031,0.0029
13.06.2018 07:34:03.065 GMT+0100,2787.83,2787.37,0.0016,0.0014
13.06.2018 07:34:03.207 GMT+0100,2787.83,2787.17,0.0016,0.0014
13.06.2018 07:34:49.605 GMT+0100,2787.631,2787.1690000000003,0.0016,0.0029
13.06.2018 07:34:49.656 GMT+0100,2787.631,2786.9690000000005,0.0062,0.0058
13.06.2018 07:35:22.264 GMT+0100,2787.83,2787.17,0.0062,0.0014
13.06.2018 07:35:22.314 GMT+0100,2787.83,2787.17,0.0016,0.0014
