Local time,Ask,Bid,AskVolume,BidVolume
26.01.2022 00:00:00.076 GMT+0100,155.445,155.398,0.0168,0.0256
26.01.2022 00:00:01.118 GMT+0100,155.475,155.428,0.0169,0.0254
26.01.2022 00:00:01.520 GMT+0100,155.507,155.46,0.0169,0.0254
26.01.2022 00:00:01.621 GMT+0100,155.555,155.507,0.0169,0.0254
26.01.2022 00:00:01.876 GMT+0100,155.541,155.495,0.0169,0.0254
26.01.2022 00:00:02.287 GMT+0100,155.573,155.519,0.0169,0.0254
26.01.2022 00:00:09.667 GMT+0100,155.504,155.45700000000002,0.0169,0.0254
26.01.2022 00:00:46.836 GMT+0100,155.477,155.433,0.0169,0.0254
26.01.2022 00:00:51.858 GMT+0100,155.445,155.39600000000002,0.0169,0.0254
26.01.2022 00:01:14.080 GMT+0100,155.414,155.365,0.0169,0.0254
26.01.2022 00:01:14.459 GMT+0100,155.384,155.33700000000002,0.0169,0.0254
26.01.2022 00:01:14.899 GMT+0100,155.399,155.349,0.0169,0.0254
26.01.2022 00:01:15.084 GMT+0100,155.41299999999998,155.37,0.0169,0.0254
26.01.2022 00:01:25.396 GMT+0100,155.401,155.355,0.0169,0.0254
26.01.2022 00:01:28.197 GMT+0100,155.386,155.336,0.0169,0.0254
26.01.2022 00:01:33.272 GMT+0100,155.417,155.36700000000002,0.0169,0.0254
26.01.2022 00:02:49.901 GMT+0100,155.379,155.33700000000002,0.0169,0.0254
26.01.2022 00:03:24.989 GMT+0100,155.398,155.352,0.0169,0.0254
26.01.2022 00:03:47.117 GMT+0100,155.379,155.33200000000002,0.0169,0.0254
26.01.2022 00:04:05.809 GMT+0100,155.363,155.316,0.0169,0.0254
26.01.2022 00:04:09.074 GMT+0100,155.386,155.339,0.0169,0.0254
26.01.2022 00:04:28.204 GMT+0100,155.366,155.31799999999998,0.0169,0.0254
26.01.2022 00:04:39.933 GMT+0100,155.386,155.334,0.0169,0.0254
26.01.2022 00:04:40.593 GMT+0100,155.354,155.306,0.0169,0.0254
26.01.2022 00:06:01.725 GMT+0100,155.33200000000002,155.292,0.0169,0.0254
26.01.2022 00:06:01.830 GMT+0100,155.316,155.273,0.0169,0.0254
26.01.2022 00:06:23.377 GMT+0100,155.303,155.258,0.0169,0.0254
26.01.2022 00:06:23.764 GMT+0100,155.291,155.24200000000002,0.0169,0.0254
26.01.2022 00:06:32.245 GMT+0100,155.323,155.27200000000002,0.0169,0.0254
26.01.2022 00:06:32.756 GMT+0100,155.305,155.254,0.0169,0.0254
26.01.2022 00:06:39.892 GMT+0100,155.323,155.27100000000002,0.0169,0.0254
26.01.2022 00:06:41.013 GMT+0100,155.305,155.259,0.0169,0.0254
26.01.2022 00:06:41.131 GMT+0100,155.319,155.27,0.0169,0.0254
26.01.2022 00:08:16.077 GMT+0100,155.34799999999998,155.305,0.0169,0.0254
26.01.2022 00:08:46.376 GMT+0100,155.31799999999998,155.274,0.0169,0.0254
26.01.2022 00:11:02.419 GMT+0100,155.353,155.30200000000002,0.0169,0.0254
26.01.2022 00:11:02.754 GMT+0100,155.338,155.292,0.0169,0.0254
26.01.2022 00:11:04.640 GMT+0100,155.352,155.303,0.0169,0.0254
26.01.2022 00:11:05.064 GMT+0100,155.334,155.289,0.0169,0.0254
26.01.2022 00:11:05.443 GMT+0100,155.352,155.308,0.0169,0.0254
26.01.2022 00:11:06.943 GMT+0100,155.334,155.289,0.0169,0.0254
26.01.2022 00:11:08.546 GMT+0100,155.321,155.269,0.0169,0.0254
26.01.2022 00:11:09.478 GMT+0100,155.339,155.29,0.0169,0.0254
26.01.2022 00:11:09.704 GMT+0100,155.322,155.273,0.0169,0.0254
26.01.2022 00:11:17.239 GMT+0100,155.354,155.30200000000002,0.0169,0.0254
26.01.2022 00:11:19.455 GMT+0100,155.334,155.286,0.0169,0.0254
26.01.2022 00:11:19.933 GMT+0100,155.351,155.30200000000002,0.0169,0.0254
26.01.2022 00:11:20.093 GMT+0100,155.323,155.27,0.0169,0.0254
26.01.2022 00:11:20.373 GMT+0100,155.334,155.292,0.0169,0.0254
26.01.2022 00:11:28.572 GMT+0100,155.31799999999998,155.27,0.0169,0.0254
26.01.2022 00:11:43.554 GMT+0100,155.35,155.306,0.0169,0.0254
26.01.2022 00:11:51.310 GMT+0100,155.334,155.289,0.0169,0.0254
26.01.2022 00:11:56.475 GMT+0100,155.354,155.306,0.0169,0.0254
26.01.2022 00:12:14.587 GMT+0100,155.323,155.276,0.0169,0.0254
26.01.2022 00:15:05.030 GMT+0100,155.285,155.239,0.0169,0.0254
26.01.2022 00:15:59.202 GMT+0100,155.319,155.269,0.0169,0.0254
26.01.2022 00:16:12.420 GMT+0100,155.291,155.243,0.0169,0.0254
26.01.2022 00:16:42.560 GMT+0100,155.303,155.257,0.0169,0.0254
26.01.2022 00:16:52.272 GMT+0100,155.319,155.276,0.0169,0.0254
26.01.2022 00:16:58.576 GMT+0100,155.30100000000002,155.255,0.0169,0.0254
26.01.2022 00:17:08.940 GMT+0100,155.291,155.239,0.0169,0.0254
26.01.2022 00:17:10.116 GMT+0100,155.322,155.27100000000002,0.0169,0.0254
26.01.2022 00:17:15.258 GMT+0100,155.308,155.257,0.0169,0.0254
26.01.2022 00:17:16.023 GMT+0100,155.285,155.24200000000002,0.0169,0.0254
26.01.2022 00:18:38.895 GMT+0100,155.30700000000002,155.259,0.0169,0.0254
26.01.2022 00:18:53.877 GMT+0100,155.289,155.239,0.0169,0.0254
26.01.2022 00:22:21.214 GMT+0100,155.321,155.273,0.0169,0.0254
26.01.2022 00:22:47.222 GMT+0100,155.30100000000002,155.261,0.0169,0.0254
26.01.2022 00:22:51.574 GMT+0100,155.289,155.24,0.0169,0.0254
26.01.2022 00:23:00.755 GMT+0100,155.305,155.259,0.0169,0.0254
26.01.2022 00:23:01.096 GMT+0100,155.29,155.243,0.0169,0.0254
26.01.2022 00:23:54.032 GMT+0100,155.308,155.256,0.0169,0.0254
26.01.2022 00:23:58.197 GMT+0100,155.29,155.241,0.0169,0.0254
26.01.2022 00:24:20.691 GMT+0100,155.30700000000002,155.259,0.0169,0.0254
26.01.2022 00:24:33.353 GMT+0100,155.29,155.241,0.0169,0.0254
26.01.2022 00:24:44.101 GMT+0100,155.305,155.255,0.0169,0.0254
26.01.2022 00:24:45.477 GMT+0100,155.32,155.27,0.0169,0.0254
26.01.2022 00:25:26.109 GMT+0100,155.35,155.303,0.0169,0.0254
26.01.2022 00:27:34.943 GMT+0100,155.31799999999998,155.273,0.0169,0.0254
26.01.2022 00:27:59.384 GMT+0100,155.352,155.305,0.0169,0.0254
26.01.2022 00:28:16.404 GMT+0100,155.316,155.27100000000002,0.0169,0.0254
26.01.2022 00:28:52.460 GMT+0100,155.334,155.286,0.0169,0.0254
26.01.2022 00:28:56.366 GMT+0100,155.321,155.274,0.0169,0.0254
26.01.2022 00:29:59.342 GMT+0100,155.291,155.24200000000002,0.0169,0.0254
26.01.2022 00:30:23.575 GMT+0100,155.31799999999998,155.269,0.0169,0.0254
26.01.2022 00:30:27.411 GMT+0100,155.291,155.239,0.0169,0.0254
26.01.2022 00:31:53.305 GMT+0100,155.32,155.27100000000002,0.0169,0.0254
26.01.2022 00:31:56.617 GMT+0100,155.35,155.305,0.0169,0.0254
26.01.2022 00:34:31.526 GMT+0100,155.322,155.27200000000002,0.0169,0.0254
26.01.2022 00:34:48.883 GMT+0100,155.351,155.304,0.0169,0.0254
26.01.2022 00:36:35.992 GMT+0100,155.316,155.27,0.0169,0.0254
26.01.2022 00:36:42.817 GMT+0100,155.352,155.30100000000002,0.0169,0.0254
26.01.2022 00:36:43.157 GMT+0100,155.323,155.269,0.0169,0.0254
26.01.2022 00:38:08.073 GMT+0100,155.355,155.305,0.0169,0.0254
26.01.2022 00:38:27.448 GMT+0100,155.339,155.286,0.0169,0.0254
26.01.2022 00:38:45.175 GMT+0100,155.354,155.30100000000002,0.0169,0.0254
26.01.2022 00:39:37.120 GMT+0100,155.339,155.28799999999998,0.0169,0.0254
26.01.2022 00:39:43.732 GMT+0100,155.32,155.269,0.0169,0.0254
26.01.2022 00:41:18.224 GMT+0100,155.34799999999998,155.306,0.0169,0.0254
26.01.2022 00:41:47.160 GMT+0100,155.322,155.276,0.0169,0.0254
26.01.2022 00:42:23.681 GMT+0100,155.35,155.306,0.0169,0.0254
26.01.2022 00:42:40.924 GMT+0100,155.321,155.276,0.0169,0.0254
26.01.2022 00:43:14.450 GMT+0100,155.28799999999998,155.241,0.0169,0.0254
26.01.2022 00:44:46.233 GMT+0100,155.29,155.241,0.0169,0.0254
26.01.2022 00:45:00.104 GMT+0100,155.321,155.274,0.0169,0.0254
26.01.2022 00:45:00.342 GMT+0100,155.28799999999998,155.241,0.0169,0.0254
26.01.2022 00:45:15.684 GMT+0100,155.316,155.273,0.0169,0.0254
26.01.2022 00:45:41.705 GMT+0100,155.353,155.30100000000002,0.0169,0.0254
26.01.2022 00:45:42.189 GMT+0100,155.31799999999998,155.273,0.0169,0.0254
26.01.2022 00:46:00.829 GMT+0100,155.336,155.289,0.0169,0.0254
26.01.2022 00:46:02.124 GMT+0100,155.321,155.274,0.0169,0.0254
26.01.2022 00:46:07.132 GMT+0100,155.355,155.30200000000002,0.0169,0.0254
26.01.2022 00:47:21.616 GMT+0100,155.316,155.27,0.0169,0.0254
26.01.2022 00:47:23.672 GMT+0100,155.351,155.303,0.0169,0.0254
26.01.2022 00:47:26.483 GMT+0100,155.335,155.285,0.0169,0.0254
26.01.2022 00:47:30.676 GMT+0100,155.323,155.269,0.0169,0.0254
26.01.2022 00:47:30.941 GMT+0100,155.351,155.30100000000002,0.0169,0.0254
26.01.2022 00:47:52.015 GMT+0100,155.319,155.273,0.0169,0.0254
26.01.2022 00:50:29.085 GMT+0100,155.35,155.306,0.0169,0.0254
26.01.2022 00:52:03.025 GMT+0100,155.334,155.292,0.0169,0.0254
26.01.2022 00:52:04.716 GMT+0100,155.31799999999998,155.269,0.0169,0.0254
26.01.2022 00:52:06.111 GMT+0100,155.334,155.285,0.0169,0.0254
26.01.2022 00:52:09.120 GMT+0100,155.354,155.308,0.0169,0.0254
26.01.2022 00:59:58.263 GMT+0100,155.354,155.303,0.0169,0.0254
26.01.2022 01:00:10.515 GMT+0100,155.31799999999998,155.274,0.0169,0.0254
26.01.2022 01:00:14.220 GMT+0100,155.353,155.308,0.0169,0.0254
26.01.2022 01:02:22.487 GMT+0100,155.354,155.304,0.0169,0.0254
26.01.2022 01:02:34.273 GMT+0100,155.316,155.27100000000002,0.0169,0.0254
26.01.2022 01:04:37.540 GMT+0100,155.355,155.30200000000002,0.0169,0.0254
26.01.2022 01:04:37.801 GMT+0100,155.319,155.269,0.0169,0.0254
26.01.2022 01:10:22.078 GMT+0100,155.292,155.24200000000002,0.0169,0.0254
26.01.2022 01:10:24.860 GMT+0100,155.322,155.27200000000002,0.0169,0.0254
26.01.2022 01:10:25.132 GMT+0100,155.289,155.24200000000002,0.0169,0.0254
26.01.2022 01:10:25.914 GMT+0100,155.319,155.274,0.0169,0.0254
26.01.2022 01:10:26.023 GMT+0100,155.292,155.238,0.0169,0.0254
26.01.2022 01:13:45.022 GMT+0100,155.323,155.276,0.0169,0.0254
26.01.2022 01:15:38.383 GMT+0100,155.287,155.238,0.0169,0.0254
26.01.2022 01:15:38.526 GMT+0100,155.322,155.27200000000002,0.0169,0.0254
26.01.2022 01:15:40.098 GMT+0100,155.30100000000002,155.258,0.0169,0.0254
26.01.2022 01:15:40.750 GMT+0100,155.287,155.238,0.0169,0.0254
26.01.2022 01:15:46.159 GMT+0100,155.308,155.255,0.0169,0.0254
26.01.2022 01:15:46.362 GMT+0100,155.316,155.269,0.0169,0.0254
26.01.2022 01:17:12.057 GMT+0100,155.323,155.269,0.0169,0.0254
26.01.2022 01:18:27.744 GMT+0100,155.353,155.305,0.0169,0.0254
26.01.2022 01:18:27.853 GMT+0100,155.334,155.286,0.0169,0.0254
26.01.2022 01:18:28.663 GMT+0100,155.34799999999998,155.305,0.0169,0.0254
26.01.2022 01:18:29.474 GMT+0100,155.322,155.269,0.0169,0.0254
26.01.2022 01:19:02.707 GMT+0100,155.33700000000002,155.29,0.0169,0.0254
26.01.2022 01:19:07.652 GMT+0100,155.351,155.306,0.0169,0.0254
26.01.2022 01:19:07.847 GMT+0100,155.339,155.292,0.0169,0.0254
26.01.2022 01:19:07.999 GMT+0100,155.319,155.276,0.0169,0.0254
26.01.2022 01:19:23.794 GMT+0100,155.336,155.292,0.0169,0.0254
26.01.2022 01:19:25.624 GMT+0100,155.316,155.273,0.0169,0.0254
26.01.2022 01:19:45.585 GMT+0100,155.351,155.308,0.0169,0.0254
26.01.2022 01:20:23.570 GMT+0100,155.339,155.29,0.0169,0.0254
26.01.2022 01:20:23.705 GMT+0100,155.316,155.276,0.0169,0.0254
26.01.2022 01:20:31.806 GMT+0100,155.339,155.286,0.0169,0.0254
26.01.2022 01:20:36.564 GMT+0100,155.351,155.304,0.0169,0.0254
26.01.2022 01:20:36.665 GMT+0100,155.339,155.286,0.0169,0.0254
26.01.2022 01:20:43.403 GMT+0100,155.34799999999998,155.308,0.0169,0.0254
26.01.2022 01:20:46.816 GMT+0100,155.319,155.27,0.0169,0.0254
26.01.2022 01:21:26.285 GMT+0100,155.35,155.30200000000002,0.0169,0.0254
26.01.2022 01:21:27.359 GMT+0100,155.322,155.276,0.0169,0.0254
26.01.2022 01:21:29.271 GMT+0100,155.353,155.30100000000002,0.0169,0.0254
26.01.2022 01:21:29.515 GMT+0100,155.335,155.28799999999998,0.0169,0.0254
26.01.2022 01:21:33.746 GMT+0100,155.354,155.306,0.0169,0.0254
26.01.2022 01:22:49.436 GMT+0100,155.352,155.30200000000002,0.0169,0.0254
26.01.2022 01:22:52.507 GMT+0100,155.322,155.27200000000002,0.0169,0.0254
26.01.2022 01:25:07.708 GMT+0100,155.289,155.243,0.0169,0.0254
26.01.2022 01:25:07.901 GMT+0100,155.308,155.256,0.0169,0.0254
26.01.2022 01:25:08.194 GMT+0100,155.28799999999998,155.239,0.0169,0.0254
26.01.2022 01:26:36.244 GMT+0100,155.305,155.257,0.0169,0.0254
26.01.2022 01:26:36.345 GMT+0100,155.32,155.269,0.0169,0.0254
26.01.2022 01:28:39.912 GMT+0100,155.285,155.241,0.0169,0.0254
26.01.2022 01:29:36.619 GMT+0100,155.308,155.254,0.0169,0.0254
26.01.2022 01:29:36.743 GMT+0100,155.31799999999998,155.27100000000002,0.0169,0.0254
26.01.2022 01:29:36.898 GMT+0100,155.29,155.241,0.0169,0.0254
26.01.2022 01:29:46.033 GMT+0100,155.304,155.257,0.0169,0.0254
26.01.2022 01:29:50.166 GMT+0100,155.321,155.27100000000002,0.0169,0.0254
26.01.2022 01:29:51.080 GMT+0100,155.308,155.258,0.0169,0.0254
26.01.2022 01:29:51.522 GMT+0100,155.321,155.276,0.0169,0.0254
26.01.2022 01:30:00.228 GMT+0100,155.30700000000002,155.257,0.0169,0.0254
26.01.2022 01:30:01.385 GMT+0100,155.322,155.273,0.0169,0.0254
26.01.2022 01:30:46.413 GMT+0100,155.29,155.243,0.0169,0.0254
26.01.2022 01:31:47.892 GMT+0100,155.32,155.27,0.0169,0.0254
26.01.2022 01:32:00.032 GMT+0100,155.306,155.256,0.0169,0.0254
26.01.2022 01:32:01.586 GMT+0100,155.289,155.245,0.0169,0.0254
26.01.2022 01:34:10.516 GMT+0100,155.274,155.224,0.0169,0.0254
26.01.2022 01:34:10.826 GMT+0100,155.28799999999998,155.239,0.0169,0.0254
26.01.2022 01:35:23.478 GMT+0100,155.256,155.214,0.0169,0.0254
26.01.2022 01:35:49.590 GMT+0100,155.287,155.241,0.0169,0.0254
26.01.2022 01:35:50.502 GMT+0100,155.276,155.224,0.0169,0.0254
26.01.2022 01:35:51.467 GMT+0100,155.29,155.245,0.0169,0.0254
26.01.2022 01:35:59.675 GMT+0100,155.27,155.228,0.0169,0.0254
26.01.2022 01:35:59.822 GMT+0100,155.256,155.20700000000002,0.0169,0.0254
26.01.2022 01:36:22.092 GMT+0100,155.287,155.243,0.0169,0.0254
26.01.2022 01:36:35.606 GMT+0100,155.27,155.226,0.0169,0.0254
26.01.2022 01:36:39.911 GMT+0100,155.28799999999998,155.245,0.0169,0.0254
26.01.2022 01:40:46.795 GMT+0100,155.316,155.27100000000002,0.0169,0.0254
26.01.2022 01:41:17.731 GMT+0100,155.285,155.243,0.0169,0.0254
26.01.2022 01:42:24.125 GMT+0100,155.28799999999998,155.24200000000002,0.0169,0.0254
26.01.2022 01:43:43.950 GMT+0100,155.322,155.27200000000002,0.0169,0.0254
26.01.2022 01:43:54.572 GMT+0100,155.292,155.243,0.0169,0.0254
26.01.2022 01:48:16.454 GMT+0100,155.261,155.209,0.0169,0.0254
26.01.2022 01:48:19.858 GMT+0100,155.28799999999998,155.238,0.0169,0.0254
26.01.2022 01:52:03.697 GMT+0100,155.32,155.274,0.0169,0.0254
26.01.2022 01:52:15.414 GMT+0100,155.291,155.245,0.0169,0.0254
26.01.2022 01:52:19.310 GMT+0100,155.32,155.274,0.0169,0.0254
26.01.2022 01:53:22.785 GMT+0100,155.29,155.239,0.0169,0.0254
26.01.2022 01:53:23.684 GMT+0100,155.305,155.255,0.0169,0.0254
26.01.2022 01:53:24.396 GMT+0100,155.32,155.269,0.0169,0.0254
26.01.2022 01:57:21.325 GMT+0100,155.30700000000002,155.259,0.0169,0.0254
26.01.2022 01:57:24.311 GMT+0100,155.291,155.24,0.0169,0.0254
26.01.2022 01:57:33.182 GMT+0100,155.319,155.27200000000002,0.0169,0.0254
26.01.2022 01:57:35.499 GMT+0100,155.303,155.254,0.0169,0.0254
26.01.2022 01:57:38.717 GMT+0100,155.287,155.243,0.0169,0.0254
26.01.2022 01:57:44.081 GMT+0100,155.321,155.27100000000002,0.0169,0.0254
26.01.2022 01:57:52.238 GMT+0100,155.28799999999998,155.24,0.0169,0.0254
26.01.2022 01:57:52.461 GMT+0100,155.303,155.261,0.0169,0.0254
26.01.2022 01:58:02.497 GMT+0100,155.29,155.239,0.0169,0.0254
26.01.2022 01:58:02.902 GMT+0100,155.319,155.27100000000002,0.0169,0.0254
26.01.2022 01:58:06.742 GMT+0100,155.292,155.239,0.0169,0.0254
26.01.2022 01:58:06.968 GMT+0100,155.323,155.273,0.0169,0.0254
26.01.2022 02:01:45.814 GMT+0100,155.353,155.304,0.0169,0.0254
26.01.2022 02:01:50.542 GMT+0100,155.31799999999998,155.274,0.0169,0.0254
26.01.2022 02:02:45.174 GMT+0100,155.30100000000002,155.258,0.0169,0.0254
26.01.2022 02:02:45.283 GMT+0100,155.289,155.24200000000002,0.0169,0.0254
26.01.2022 02:04:21.986 GMT+0100,155.31799999999998,155.27,0.0169,0.0254
26.01.2022 02:05:06.428 GMT+0100,155.287,155.243,0.0169,0.0254
26.01.2022 02:06:44.145 GMT+0100,155.319,155.269,0.0169,0.0254
26.01.2022 02:08:10.482 GMT+0100,155.30700000000002,155.255,0.0169,0.0254
26.01.2022 02:08:10.812 GMT+0100,155.289,155.243,0.0169,0.0254
26.01.2022 02:08:30.084 GMT+0100,155.305,155.261,0.0169,0.0254
26.01.2022 02:08:30.342 GMT+0100,155.291,155.245,0.0169,0.0254
26.01.2022 02:08:58.608 GMT+0100,155.316,155.276,0.0169,0.0254
26.01.2022 02:12:12.921 GMT+0100,155.352,155.303,0.0169,0.0254
26.01.2022 02:12:13.086 GMT+0100,155.32,155.273,0.0169,0.0254
26.01.2022 02:12:18.866 GMT+0100,155.355,155.305,0.0169,0.0254
26.01.2022 02:12:31.627 GMT+0100,155.321,155.274,0.0169,0.0254
26.01.2022 02:12:34.316 GMT+0100,155.35,155.30100000000002,0.0169,0.0254
26.01.2022 02:12:34.926 GMT+0100,155.322,155.276,0.0169,0.0254
26.01.2022 02:12:38.788 GMT+0100,155.335,155.289,0.0169,0.0254
26.01.2022 02:12:40.301 GMT+0100,155.34799999999998,155.304,0.0169,0.0254
26.01.2022 02:12:41.529 GMT+0100,155.322,155.274,0.0169,0.0254
26.01.2022 02:13:32.154 GMT+0100,155.34799999999998,155.304,0.0169,0.0254
26.01.2022 02:13:43.976 GMT+0100,155.316,155.269,0.0169,0.0254
26.01.2022 02:13:44.337 GMT+0100,155.34799999999998,155.303,0.0169,0.0254
26.01.2022 02:13:45.841 GMT+0100,155.316,155.27,0.0169,0.0254
26.01.2022 02:13:55.811 GMT+0100,155.355,155.303,0.0169,0.0254
26.01.2022 02:15:27.857 GMT+0100,155.32,155.274,0.0169,0.0254
26.01.2022 02:17:25.699 GMT+0100,155.352,155.305,0.0169,0.0254
26.01.2022 02:19:52.515 GMT+0100,155.322,155.27,0.0169,0.0254
26.01.2022 02:26:31.265 GMT+0100,155.291,155.24200000000002,0.0169,0.0254
26.01.2022 02:27:26.736 GMT+0100,155.319,155.27200000000002,0.0169,0.0254
26.01.2022 02:27:35.357 GMT+0100,155.306,155.258,0.0169,0.0254
26.01.2022 02:27:35.787 GMT+0100,155.321,155.273,0.0169,0.0254
26.01.2022 02:27:52.094 GMT+0100,155.285,155.24200000000002,0.0169,0.0254
26.01.2022 02:30:31.141 GMT+0100,155.32,155.27200000000002,0.0169,0.0254
26.01.2022 02:30:53.951 GMT+0100,155.291,155.24,0.0169,0.0254
26.01.2022 02:30:54.524 GMT+0100,155.319,155.269,0.0169,0.0254
26.01.2022 02:32:03.463 GMT+0100,155.316,155.269,0.0169,0.0254
26.01.2022 02:36:16.175 GMT+0100,155.323,155.274,0.0169,0.0254
26.01.2022 02:36:17.889 GMT+0100,155.35,155.306,0.0169,0.0254
26.01.2022 02:36:18.363 GMT+0100,155.316,155.27100000000002,0.0169,0.0254
26.01.2022 02:38:02.240 GMT+0100,155.289,155.238,0.0169,0.0254
26.01.2022 02:38:03.083 GMT+0100,155.306,155.255,0.0169,0.0254
26.01.2022 02:38:04.364 GMT+0100,155.285,155.241,0.0169,0.0254
26.01.2022 02:38:14.429 GMT+0100,155.306,155.259,0.0169,0.0254
26.01.2022 02:38:16.926 GMT+0100,155.32,155.269,0.0169,0.0254
26.01.2022 02:39:32.676 GMT+0100,155.291,155.245,0.0169,0.0254
26.01.2022 02:39:35.609 GMT+0100,155.319,155.269,0.0169,0.0254
26.01.2022 02:41:31.713 GMT+0100,155.32,155.274,0.0169,0.0254
26.01.2022 02:43:51.183 GMT+0100,155.334,155.29,0.0169,0.0254
26.01.2022 02:43:51.673 GMT+0100,155.322,155.27100000000002,0.0169,0.0254
26.01.2022 02:43:53.355 GMT+0100,155.33200000000002,155.286,0.0169,0.0254
26.01.2022 02:43:55.559 GMT+0100,155.322,155.274,0.0169,0.0254
26.01.2022 02:44:11.331 GMT+0100,155.33200000000002,155.287,0.0169,0.0254
26.01.2022 02:44:14.152 GMT+0100,155.316,155.27,0.0169,0.0254
26.01.2022 02:53:55.144 GMT+0100,155.34799999999998,155.30100000000002,0.0169,0.0254
26.01.2022 02:55:08.153 GMT+0100,155.322,155.269,0.0169,0.0254
26.01.2022 02:55:13.472 GMT+0100,155.353,155.308,0.0169,0.0254
26.01.2022 02:56:41.043 GMT+0100,155.336,155.287,0.0169,0.0254
26.01.2022 02:56:41.437 GMT+0100,155.354,155.30100000000002,0.0169,0.0254
26.01.2022 02:56:45.162 GMT+0100,155.316,155.276,0.0169,0.0254
26.01.2022 02:56:45.427 GMT+0100,155.339,155.28799999999998,0.0169,0.0254
26.01.2022 02:56:46.665 GMT+0100,155.352,155.303,0.0169,0.0254
26.01.2022 03:00:31.077 GMT+0100,155.32,155.27100000000002,0.0169,0.0254
26.01.2022 03:05:00.150 GMT+0100,155.336,155.292,0.0169,0.0254
26.01.2022 03:05:03.553 GMT+0100,155.321,155.269,0.0169,0.0254
26.01.2022 03:05:37.732 GMT+0100,155.353,155.30200000000002,0.0169,0.0254
26.01.2022 03:05:50.723 GMT+0100,155.321,155.27200000000002,0.0169,0.0254
26.01.2022 03:06:00.245 GMT+0100,155.351,155.30200000000002,0.0169,0.0254
26.01.2022 03:06:00.525 GMT+0100,155.335,155.292,0.0169,0.0254
26.01.2022 03:06:00.708 GMT+0100,155.34799999999998,155.306,0.0169,0.0254
26.01.2022 03:06:03.764 GMT+0100,155.316,155.27100000000002,0.0169,0.0254
26.01.2022 03:06:15.613 GMT+0100,155.353,155.306,0.0169,0.0254
26.01.2022 03:06:15.763 GMT+0100,155.32,155.273,0.0169,0.0254
26.01.2022 03:06:19.156 GMT+0100,155.35,155.303,0.0169,0.0254
26.01.2022 03:06:19.268 GMT+0100,155.338,155.289,0.0169,0.0254
26.01.2022 03:06:32.065 GMT+0100,155.32,155.274,0.0169,0.0254
26.01.2022 03:06:41.221 GMT+0100,155.351,155.30200000000002,0.0169,0.0254
26.01.2022 03:06:46.810 GMT+0100,155.339,155.287,0.0169,0.0254
26.01.2022 03:06:47.177 GMT+0100,155.323,155.269,0.0169,0.0254
26.01.2022 03:06:51.719 GMT+0100,155.351,155.304,0.0169,0.0254
26.01.2022 03:09:35.050 GMT+0100,155.34799999999998,155.30100000000002,0.0169,0.0254
26.01.2022 03:10:35.960 GMT+0100,155.323,155.269,0.0169,0.0254
26.01.2022 03:11:14.624 GMT+0100,155.353,155.30200000000002,0.0169,0.0254
26.01.2022 03:12:53.281 GMT+0100,155.353,155.303,0.0169,0.0254
26.01.2022 03:17:57.409 GMT+0100,155.319,155.269,0.0169,0.0254
26.01.2022 03:18:03.243 GMT+0100,155.34799999999998,155.30100000000002,0.0169,0.0254
26.01.2022 03:20:42.932 GMT+0100,155.354,155.308,0.0169,0.0254
26.01.2022 03:21:57.617 GMT+0100,155.32,155.27100000000002,0.0169,0.0254
26.01.2022 03:22:00.122 GMT+0100,155.352,155.30100000000002,0.0169,0.0254
26.01.2022 03:23:50.168 GMT+0100,155.319,155.276,0.0169,0.0254
26.01.2022 03:24:41.860 GMT+0100,155.34799999999998,155.304,0.0169,0.0254
26.01.2022 03:24:41.994 GMT+0100,155.32,155.27,0.0169,0.0254
26.01.2022 03:24:44.258 GMT+0100,155.336,155.28799999999998,0.0169,0.0254
26.01.2022 03:24:46.228 GMT+0100,155.319,155.269,0.0169,0.0254
26.01.2022 03:24:49.167 GMT+0100,155.354,155.306,0.0169,0.0254
26.01.2022 03:32:20.973 GMT+0100,155.383,155.334,0.0169,0.0254
26.01.2022 03:32:27.630 GMT+0100,155.35,155.308,0.0169,0.0254
26.01.2022 03:33:08.860 GMT+0100,155.381,155.339,0.0169,0.0254
26.01.2022 03:37:19.995 GMT+0100,155.386,155.339,0.0169,0.0254
26.01.2022 03:39:54.871 GMT+0100,155.353,155.308,0.0169,0.0254
26.01.2022 03:40:01.313 GMT+0100,155.366,155.323,0.0169,0.0254
26.01.2022 03:40:11.222 GMT+0100,155.383,155.339,0.0169,0.0254
26.01.2022 03:42:10.482 GMT+0100,155.386,155.335,0.0169,0.0254
26.01.2022 03:51:48.474 GMT+0100,155.386,155.334,0.0169,0.0254
26.01.2022 03:52:07.183 GMT+0100,155.417,155.366,0.0169,0.0254
26.01.2022 03:53:17.826 GMT+0100,155.41,155.366,0.0169,0.0254
26.01.2022 03:55:02.056 GMT+0100,155.384,155.334,0.0169,0.0254
26.01.2022 03:55:54.072 GMT+0100,155.398,155.34799999999998,0.0169,0.0254
26.01.2022 03:56:06.558 GMT+0100,155.382,155.33700000000002,0.0169,0.0254
26.01.2022 03:56:54.506 GMT+0100,155.417,155.365,0.0169,0.0254
26.01.2022 03:59:07.046 GMT+0100,155.446,155.39700000000002,0.0169,0.0254
26.01.2022 04:02:24.269 GMT+0100,155.41299999999998,155.368,0.0169,0.0254
26.01.2022 04:03:58.290 GMT+0100,155.417,155.368,0.0169,0.0254
26.01.2022 04:04:10.597 GMT+0100,155.44299999999998,155.401,0.0169,0.0254
26.01.2022 04:06:34.968 GMT+0100,155.417,155.36700000000002,0.0169,0.0254
26.01.2022 04:11:10.706 GMT+0100,155.448,155.39700000000002,0.0169,0.0254
26.01.2022 04:13:46.361 GMT+0100,155.476,155.42600000000002,0.0169,0.0254
26.01.2022 04:15:31.640 GMT+0100,155.447,155.394,0.0169,0.0254
26.01.2022 04:22:15.196 GMT+0100,155.416,155.364,0.0169,0.0254
26.01.2022 04:24:57.558 GMT+0100,155.412,155.365,0.0169,0.0254
26.01.2022 04:26:27.794 GMT+0100,155.441,155.394,0.0169,0.0254
26.01.2022 04:28:39.594 GMT+0100,155.44299999999998,155.394,0.0169,0.0254
26.01.2022 04:30:41.938 GMT+0100,155.431,155.386,0.0169,0.0254
26.01.2022 04:30:42.039 GMT+0100,155.444,155.394,0.0169,0.0254
26.01.2022 04:30:42.288 GMT+0100,155.414,155.366,0.0169,0.0254
26.01.2022 04:31:11.494 GMT+0100,155.444,155.39700000000002,0.0169,0.0254
26.01.2022 04:33:15.218 GMT+0100,155.446,155.398,0.0169,0.0254
26.01.2022 04:33:30.166 GMT+0100,155.479,155.431,0.0169,0.0254
26.01.2022 04:34:19.260 GMT+0100,155.447,155.394,0.0169,0.0254
26.01.2022 04:34:19.540 GMT+0100,155.476,155.431,0.0169,0.0254
26.01.2022 04:36:56.683 GMT+0100,155.459,155.417,0.0169,0.0254
26.01.2022 04:36:57.825 GMT+0100,155.44299999999998,155.401,0.0169,0.0254
26.01.2022 04:37:02.557 GMT+0100,155.479,155.42600000000002,0.0169,0.0254
26.01.2022 04:37:20.272 GMT+0100,155.461,155.41299999999998,0.0169,0.0254
26.01.2022 04:37:21.986 GMT+0100,155.444,155.395,0.0169,0.0254
26.01.2022 04:40:09.223 GMT+0100,155.446,155.394,0.0169,0.0254
26.01.2022 04:40:15.181 GMT+0100,155.45700000000002,155.412,0.0169,0.0254
26.01.2022 04:40:16.194 GMT+0100,155.48,155.428,0.0169,0.0254
26.01.2022 04:42:35.859 GMT+0100,155.447,155.395,0.0169,0.0254
26.01.2022 04:42:37.854 GMT+0100,155.48,155.431,0.0169,0.0254
26.01.2022 04:45:11.431 GMT+0100,155.475,155.428,0.0169,0.0254
26.01.2022 04:45:31.988 GMT+0100,155.448,155.39700000000002,0.0169,0.0254
26.01.2022 04:45:32.143 GMT+0100,155.46200000000002,155.417,0.0169,0.0254
26.01.2022 04:45:34.033 GMT+0100,155.445,155.395,0.0169,0.0254
26.01.2022 04:48:27.279 GMT+0100,155.476,155.429,0.0169,0.0254
26.01.2022 04:50:58.500 GMT+0100,155.47299999999998,155.42700000000002,0.0169,0.0254
26.01.2022 04:51:34.818 GMT+0100,155.446,155.394,0.0169,0.0254
26.01.2022 04:51:34.976 GMT+0100,155.477,155.42600000000002,0.0169,0.0254
26.01.2022 04:56:52.632 GMT+0100,155.476,155.43,0.0169,0.0254
26.01.2022 05:00:38.440 GMT+0100,155.478,155.42700000000002,0.0169,0.0254
26.01.2022 05:04:25.016 GMT+0100,155.475,155.428,0.0169,0.0254
26.01.2022 05:05:10.580 GMT+0100,155.509,155.464,0.0169,0.0254
26.01.2022 05:05:30.058 GMT+0100,155.47299999999998,155.43,0.0169,0.0254
26.01.2022 05:08:02.572 GMT+0100,155.475,155.431,0.0169,0.0254
26.01.2022 05:09:02.831 GMT+0100,155.44299999999998,155.398,0.0169,0.0254
26.01.2022 05:11:47.724 GMT+0100,155.441,155.394,0.0169,0.0254
26.01.2022 05:16:30.665 GMT+0100,155.441,155.39600000000002,0.0169,0.0254
26.01.2022 05:18:00.797 GMT+0100,155.414,155.37,0.0169,0.0254
26.01.2022 05:27:01.968 GMT+0100,155.383,155.339,0.0169,0.0254
26.01.2022 05:27:37.883 GMT+0100,155.352,155.303,0.0169,0.0254
26.01.2022 05:29:58.705 GMT+0100,155.321,155.27,0.0169,0.0254
26.01.2022 05:33:41.815 GMT+0100,155.323,155.273,0.0169,0.0254
26.01.2022 05:35:03.636 GMT+0100,155.352,155.304,0.0169,0.0254
26.01.2022 05:36:25.959 GMT+0100,155.352,155.308,0.0169,0.0254
26.01.2022 05:39:29.768 GMT+0100,155.352,155.305,0.0169,0.0254
26.01.2022 05:40:18.815 GMT+0100,155.37,155.319,0.0169,0.0254
26.01.2022 05:40:18.934 GMT+0100,155.381,155.335,0.0169,0.0254
26.01.2022 05:42:05.098 GMT+0100,155.382,155.334,0.0169,0.0254
26.01.2022 05:42:36.853 GMT+0100,155.41299999999998,155.37,0.0169,0.0254
26.01.2022 05:42:36.960 GMT+0100,155.379,155.336,0.0169,0.0254
26.01.2022 05:42:37.385 GMT+0100,155.416,155.36700000000002,0.0169,0.0254
26.01.2022 05:42:37.735 GMT+0100,155.39700000000002,155.353,0.0169,0.0254
26.01.2022 05:42:38.376 GMT+0100,155.41299999999998,155.37,0.0169,0.0254
26.01.2022 05:42:46.439 GMT+0100,155.382,155.333,0.0169,0.0254
26.01.2022 05:42:46.823 GMT+0100,155.399,155.353,0.0169,0.0254
26.01.2022 05:42:47.070 GMT+0100,155.414,155.36700000000002,0.0169,0.0254
26.01.2022 05:42:48.641 GMT+0100,155.386,155.336,0.0169,0.0254
26.01.2022 05:44:03.991 GMT+0100,155.381,155.334,0.0169,0.0254
26.01.2022 05:45:27.599 GMT+0100,155.401,155.353,0.0169,0.0254
26.01.2022 05:45:38.975 GMT+0100,155.386,155.336,0.0169,0.0254
26.01.2022 05:46:38.140 GMT+0100,155.417,155.364,0.0169,0.0254
26.01.2022 05:46:43.200 GMT+0100,155.383,155.33200000000002,0.0169,0.0254
26.01.2022 05:49:07.508 GMT+0100,155.385,155.33700000000002,0.0169,0.0254
26.01.2022 05:56:14.474 GMT+0100,155.384,155.334,0.0169,0.0254
26.01.2022 06:00:06.172 GMT+0100,155.379,155.336,0.0169,0.0254
26.01.2022 06:00:39.112 GMT+0100,155.41,155.36700000000002,0.0169,0.0254
26.01.2022 06:04:32.921 GMT+0100,155.41299999999998,155.364,0.0169,0.0254
26.01.2022 06:06:23.480 GMT+0100,155.446,155.394,0.0169,0.0254
26.01.2022 06:06:25.153 GMT+0100,155.415,155.363,0.0169,0.0254
26.01.2022 06:06:26.118 GMT+0100,155.43,155.379,0.0169,0.0254
26.01.2022 06:06:26.919 GMT+0100,155.414,155.363,0.0169,0.0254
26.01.2022 06:07:08.979 GMT+0100,155.447,155.395,0.0169,0.0254
26.01.2022 06:07:09.443 GMT+0100,155.43200000000002,155.384,0.0169,0.0254
26.01.2022 06:07:09.739 GMT+0100,155.444,155.398,0.0169,0.0254
26.01.2022 06:07:09.919 GMT+0100,155.415,155.363,0.0169,0.0254
26.01.2022 06:07:10.191 GMT+0100,155.431,155.381,0.0169,0.0254
26.01.2022 06:07:17.561 GMT+0100,155.445,155.394,0.0169,0.0254
26.01.2022 06:07:32.562 GMT+0100,155.417,155.368,0.0169,0.0254
26.01.2022 06:07:32.681 GMT+0100,155.448,155.395,0.0169,0.0254
26.01.2022 06:07:32.851 GMT+0100,155.428,155.383,0.0169,0.0254
26.01.2022 06:07:32.952 GMT+0100,155.441,155.394,0.0169,0.0254
26.01.2022 06:08:36.594 GMT+0100,155.42600000000002,155.386,0.0169,0.0254
26.01.2022 06:08:37.688 GMT+0100,155.41299999999998,155.363,0.0169,0.0254
26.01.2022 06:09:03.259 GMT+0100,155.448,155.394,0.0169,0.0254
26.01.2022 06:09:15.757 GMT+0100,155.43,155.381,0.0169,0.0254
26.01.2022 06:09:17.568 GMT+0100,155.417,155.366,0.0169,0.0254
26.01.2022 06:10:10.099 GMT+0100,155.444,155.398,0.0169,0.0254
26.01.2022 06:12:01.522 GMT+0100,155.429,155.381,0.0169,0.0254
26.01.2022 06:12:02.411 GMT+0100,155.415,155.363,0.0169,0.0254
26.01.2022 06:12:39.348 GMT+0100,155.44299999999998,155.39600000000002,0.0169,0.0254
26.01.2022 06:12:39.575 GMT+0100,155.431,155.384,0.0169,0.0254
26.01.2022 06:12:40.480 GMT+0100,155.44299999999998,155.398,0.0169,0.0254
26.01.2022 06:12:49.952 GMT+0100,155.416,155.364,0.0169,0.0254
26.01.2022 06:15:16.712 GMT+0100,155.412,155.368,0.0169,0.0254
26.01.2022 06:15:27.026 GMT+0100,155.441,155.401,0.0169,0.0254
26.01.2022 06:15:33.735 GMT+0100,155.42600000000002,155.384,0.0169,0.0254
26.01.2022 06:15:34.486 GMT+0100,155.414,155.364,0.0169,0.0254
26.01.2022 06:16:34.993 GMT+0100,155.428,155.381,0.0169,0.0254
26.01.2022 06:17:04.288 GMT+0100,155.445,155.395,0.0169,0.0254
26.01.2022 06:18:02.725 GMT+0100,155.414,155.364,0.0169,0.0254
26.01.2022 06:18:22.219 GMT+0100,155.447,155.395,0.0169,0.0254
26.01.2022 06:19:09.106 GMT+0100,155.41,155.366,0.0169,0.0254
26.01.2022 06:19:42.776 GMT+0100,155.44299999999998,155.395,0.0169,0.0254
26.01.2022 06:19:45.927 GMT+0100,155.416,155.365,0.0169,0.0254
26.01.2022 06:19:54.871 GMT+0100,155.43200000000002,155.38,0.0169,0.0254
26.01.2022 06:19:56.314 GMT+0100,155.415,155.36700000000002,0.0169,0.0254
26.01.2022 06:20:02.586 GMT+0100,155.43200000000002,155.379,0.0169,0.0254
26.01.2022 06:20:33.301 GMT+0100,155.44299999999998,155.394,0.0169,0.0254
26.01.2022 06:22:43.363 GMT+0100,155.448,155.401,0.0169,0.0254
26.01.2022 06:26:47.873 GMT+0100,155.44299999999998,155.39600000000002,0.0169,0.0254
26.01.2022 06:26:53.435 GMT+0100,155.414,155.365,0.0169,0.0254
26.01.2022 06:27:02.551 GMT+0100,155.444,155.399,0.0169,0.0254
26.01.2022 06:27:24.048 GMT+0100,155.412,155.364,0.0169,0.0254
26.01.2022 06:27:40.544 GMT+0100,155.433,155.382,0.0169,0.0254
26.01.2022 06:27:40.655 GMT+0100,155.447,155.398,0.0169,0.0254
26.01.2022 06:29:59.530 GMT+0100,155.447,155.398,0.0169,0.0254
26.01.2022 06:32:14.553 GMT+0100,155.44299999999998,155.39600000000002,0.0169,0.0254
26.01.2022 06:35:45.599 GMT+0100,155.44299999999998,155.395,0.0169,0.0254
26.01.2022 06:44:19.009 GMT+0100,155.414,155.37,0.0169,0.0254
26.01.2022 06:45:04.575 GMT+0100,155.379,155.339,0.0169,0.0254
26.01.2022 06:46:01.139 GMT+0100,155.41,155.363,0.0169,0.0254
26.01.2022 06:47:11.123 GMT+0100,155.445,155.398,0.0169,0.0254
26.01.2022 06:47:11.249 GMT+0100,155.416,155.366,0.0169,0.0254
26.01.2022 06:52:21.452 GMT+0100,155.379,155.334,0.0169,0.0254
26.01.2022 06:52:59.160 GMT+0100,155.415,155.363,0.0169,0.0254
26.01.2022 06:53:31.893 GMT+0100,155.381,155.334,0.0169,0.0254
26.01.2022 06:57:45.527 GMT+0100,155.417,155.364,0.0169,0.0254
26.01.2022 07:04:04.518 GMT+0100,155.448,155.39600000000002,0.0169,0.0254
26.01.2022 07:05:49.700 GMT+0100,155.417,155.368,0.0169,0.0254
26.01.2022 07:07:11.512 GMT+0100,155.416,155.366,0.0169,0.0254
26.01.2022 07:10:22.303 GMT+0100,155.415,155.364,0.0169,0.0254
26.01.2022 07:11:26.286 GMT+0100,155.447,155.39700000000002,0.0169,0.0254
26.01.2022 07:15:02.109 GMT+0100,155.476,155.433,0.0169,0.0254
26.01.2022 07:15:02.787 GMT+0100,155.448,155.395,0.0169,0.0254
26.01.2022 07:15:08.919 GMT+0100,155.476,155.429,0.0169,0.0254
26.01.2022 07:15:10.621 GMT+0100,155.446,155.401,0.0169,0.0254
26.01.2022 07:15:48.037 GMT+0100,155.48,155.42600000000002,0.0169,0.0254
26.01.2022 07:15:50.029 GMT+0100,155.441,155.399,0.0169,0.0254
26.01.2022 07:16:10.485 GMT+0100,155.47299999999998,155.428,0.0169,0.0254
26.01.2022 07:22:05.291 GMT+0100,155.444,155.399,0.0169,0.0254
26.01.2022 07:24:01.500 GMT+0100,155.412,155.364,0.0169,0.0254
26.01.2022 07:24:13.177 GMT+0100,155.446,155.39600000000002,0.0169,0.0254
26.01.2022 07:30:57.733 GMT+0100,155.479,155.42600000000002,0.0169,0.0254
26.01.2022 07:31:04.213 GMT+0100,155.448,155.398,0.0169,0.0254
26.01.2022 07:35:16.958 GMT+0100,155.431,155.379,0.0169,0.0254
26.01.2022 07:35:17.060 GMT+0100,155.417,155.365,0.0169,0.0254
26.01.2022 07:35:17.161 GMT+0100,155.441,155.39600000000002,0.0169,0.0254
26.01.2022 07:35:17.477 GMT+0100,155.43200000000002,155.383,0.0169,0.0254
26.01.2022 07:35:17.801 GMT+0100,155.416,155.37,0.0169,0.0254
26.01.2022 07:36:28.592 GMT+0100,155.379,155.33700000000002,0.0169,0.0254
26.01.2022 07:36:29.546 GMT+0100,155.39700000000002,155.352,0.0169,0.0254
26.01.2022 07:36:31.063 GMT+0100,155.417,155.364,0.0169,0.0254
26.01.2022 07:36:39.342 GMT+0100,155.399,155.35,0.0169,0.0254
26.01.2022 07:36:40.060 GMT+0100,155.381,155.336,0.0169,0.0254
26.01.2022 07:36:40.291 GMT+0100,155.414,155.365,0.0169,0.0254
26.01.2022 07:37:02.950 GMT+0100,155.39700000000002,155.355,0.0169,0.0254
26.01.2022 07:37:03.351 GMT+0100,155.384,155.336,0.0169,0.0254
26.01.2022 07:37:06.469 GMT+0100,155.414,155.364,0.0169,0.0254
26.01.2022 07:37:17.849 GMT+0100,155.386,155.336,0.0169,0.0254
26.01.2022 07:38:16.461 GMT+0100,155.412,155.365,0.0169,0.0254
26.01.2022 07:38:47.210 GMT+0100,155.381,155.33200000000002,0.0169,0.0254
26.01.2022 07:42:19.046 GMT+0100,155.34799999999998,155.305,0.0169,0.0254
26.01.2022 07:42:19.432 GMT+0100,155.381,155.334,0.0169,0.0254
26.01.2022 07:42:23.236 GMT+0100,155.351,155.303,0.0169,0.0254
26.01.2022 07:42:30.201 GMT+0100,155.385,155.335,0.0169,0.0254
26.01.2022 07:42:48.990 GMT+0100,155.34799999999998,155.304,0.0169,0.0254
26.01.2022 07:42:49.559 GMT+0100,155.386,155.339,0.0169,0.0254
26.01.2022 07:43:02.435 GMT+0100,155.351,155.305,0.0169,0.0254
26.01.2022 07:43:02.739 GMT+0100,155.379,155.339,0.0169,0.0254
26.01.2022 07:43:02.909 GMT+0100,155.34799999999998,155.308,0.0169,0.0254
26.01.2022 07:43:28.977 GMT+0100,155.383,155.33700000000002,0.0169,0.0254
26.01.2022 07:43:29.829 GMT+0100,155.351,155.305,0.0169,0.0254
26.01.2022 07:43:34.469 GMT+0100,155.384,155.33200000000002,0.0169,0.0254
26.01.2022 07:50:18.798 GMT+0100,155.353,155.30200000000002,0.0169,0.0254
26.01.2022 07:50:23.069 GMT+0100,155.368,155.323,0.0169,0.0254
26.01.2022 07:50:57.996 GMT+0100,155.386,155.33200000000002,0.0169,0.0254
26.01.2022 07:53:37.687 GMT+0100,155.34799999999998,155.308,0.0169,0.0254
26.01.2022 07:53:37.916 GMT+0100,155.384,155.333,0.0169,0.0254
26.01.2022 07:54:31.654 GMT+0100,155.352,155.308,0.0169,0.0254
26.01.2022 07:54:31.755 GMT+0100,155.381,155.333,0.0169,0.0254
26.01.2022 07:55:08.480 GMT+0100,155.41,155.36700000000002,0.0169,0.0254
26.01.2022 07:55:36.876 GMT+0100,155.383,155.333,0.0169,0.0254
26.01.2022 07:56:09.310 GMT+0100,155.352,155.308,0.0169,0.0254
26.01.2022 07:56:21.377 GMT+0100,155.381,155.336,0.0169,0.0254
26.01.2022 07:56:21.657 GMT+0100,155.35,155.304,0.0169,0.0254
26.01.2022 07:56:34.660 GMT+0100,155.37,155.317,0.0169,0.0254
26.01.2022 07:56:43.113 GMT+0100,155.354,155.305,0.0169,0.0254
26.01.2022 07:57:25.696 GMT+0100,155.382,155.33700000000002,0.0169,0.0254
26.01.2022 07:59:00.783 GMT+0100,155.352,155.30200000000002,0.0169,0.0254
26.01.2022 08:00:00.076 GMT+0100,155.365,155.321,0.0169,0.0254
26.01.2022 08:00:00.199 GMT+0100,155.352,155.303,0.0169,0.0254
26.01.2022 08:00:02.181 GMT+0100,155.381,155.339,0.0169,0.0254
26.01.2022 08:00:02.282 GMT+0100,155.35,155.304,0.0169,0.0254
26.01.2022 08:00:19.564 GMT+0100,155.383,155.339,0.0169,0.0254
26.01.2022 08:00:48.275 GMT+0100,155.417,155.37,0.0169,0.0254
26.01.2022 08:03:01.020 GMT+0100,155.399,155.351,0.0169,0.0254
26.01.2022 08:03:01.469 GMT+0100,155.385,155.339,0.0169,0.0254
26.01.2022 08:03:01.958 GMT+0100,155.41299999999998,155.364,0.0169,0.0254
26.01.2022 08:03:04.766 GMT+0100,155.4,155.355,0.0169,0.0254
26.01.2022 08:03:06.010 GMT+0100,155.383,155.33200000000002,0.0169,0.0254
26.01.2022 08:04:26.484 GMT+0100,155.412,155.368,0.0169,0.0254
26.01.2022 08:04:26.776 GMT+0100,155.386,155.339,0.0169,0.0254
26.01.2022 08:04:27.539 GMT+0100,155.41299999999998,155.365,0.0169,0.0254
26.01.2022 08:04:27.677 GMT+0100,155.386,155.333,0.0169,0.0254
26.01.2022 08:05:59.447 GMT+0100,155.417,155.36700000000002,0.0169,0.0254
26.01.2022 08:06:51.957 GMT+0100,155.383,155.333,0.0169,0.0254
26.01.2022 08:06:52.058 GMT+0100,155.41299999999998,155.366,0.0169,0.0254
26.01.2022 08:07:43.844 GMT+0100,155.441,155.399,0.0169,0.0254
26.01.2022 08:07:54.735 GMT+0100,155.412,155.366,0.0169,0.0254
26.01.2022 08:08:04.247 GMT+0100,155.441,155.394,0.0169,0.0254
26.01.2022 08:12:07.084 GMT+0100,155.476,155.42600000000002,0.0169,0.0254
26.01.2022 08:12:24.912 GMT+0100,155.511,155.459,0.0169,0.0254
26.01.2022 08:12:25.056 GMT+0100,155.48,155.428,0.0169,0.0254
26.01.2022 08:12:46.108 GMT+0100,155.508,155.46,0.0169,0.0254
26.01.2022 08:12:51.647 GMT+0100,155.48,155.43,0.0169,0.0254
26.01.2022 08:13:09.199 GMT+0100,155.51,155.461,0.0169,0.0254
26.01.2022 08:13:16.452 GMT+0100,155.48,155.428,0.0169,0.0254
26.01.2022 08:13:39.090 GMT+0100,155.509,155.45700000000002,0.0169,0.0254
26.01.2022 08:13:42.173 GMT+0100,155.48,155.42700000000002,0.0169,0.0254
26.01.2022 08:16:54.077 GMT+0100,155.444,155.39700000000002,0.0169,0.0254
26.01.2022 08:16:57.232 GMT+0100,155.478,155.429,0.0169,0.0254
26.01.2022 08:17:07.182 GMT+0100,155.447,155.398,0.0169,0.0254
26.01.2022 08:17:14.934 GMT+0100,155.475,155.428,0.0169,0.0254
26.01.2022 08:17:40.650 GMT+0100,155.44299999999998,155.399,0.0169,0.0254
26.01.2022 08:17:42.655 GMT+0100,155.476,155.42600000000002,0.0169,0.0254
26.01.2022 08:20:33.662 GMT+0100,155.507,155.45700000000002,0.0169,0.0254
26.01.2022 08:21:03.356 GMT+0100,155.47299999999998,155.433,0.0169,0.0254
26.01.2022 08:21:06.853 GMT+0100,155.504,155.459,0.0169,0.0254
26.01.2022 08:21:31.148 GMT+0100,155.478,155.428,0.0169,0.0254
26.01.2022 08:21:31.345 GMT+0100,155.508,155.459,0.0169,0.0254
26.01.2022 08:23:10.560 GMT+0100,155.479,155.42600000000002,0.0169,0.0254
26.01.2022 08:23:10.733 GMT+0100,155.509,155.464,0.0169,0.0254
26.01.2022 08:23:27.893 GMT+0100,155.495,155.448,0.0169,0.0254
26.01.2022 08:23:28.947 GMT+0100,155.48,155.43,0.0169,0.0254
26.01.2022 08:25:09.522 GMT+0100,155.448,155.398,0.0169,0.0254
26.01.2022 08:25:14.244 GMT+0100,155.478,155.431,0.0169,0.0254
26.01.2022 08:25:40.710 GMT+0100,155.444,155.401,0.0169,0.0254
26.01.2022 08:25:41.142 GMT+0100,155.479,155.431,0.0169,0.0254
26.01.2022 08:26:32.123 GMT+0100,155.504,155.46200000000002,0.0169,0.0254
26.01.2022 08:30:50.527 GMT+0100,155.537,155.495,0.0169,0.0254
26.01.2022 08:33:54.151 GMT+0100,155.569,155.52200000000002,0.0169,0.0254
26.01.2022 08:33:54.467 GMT+0100,155.554,155.508,0.0169,0.0254
26.01.2022 08:33:57.173 GMT+0100,155.535,155.493,0.0169,0.0254
26.01.2022 08:34:09.046 GMT+0100,155.566,155.52100000000002,0.0169,0.0254
26.01.2022 08:34:09.228 GMT+0100,155.541,155.489,0.0169,0.0254
26.01.2022 08:34:11.590 GMT+0100,155.558,155.509,0.0169,0.0254
26.01.2022 08:34:12.092 GMT+0100,155.537,155.49,0.0169,0.0254
26.01.2022 08:34:16.569 GMT+0100,155.57,155.523,0.0169,0.0254
26.01.2022 08:34:23.862 GMT+0100,155.541,155.49200000000002,0.0169,0.0254
26.01.2022 08:34:48.909 GMT+0100,155.509,155.461,0.0169,0.0254
26.01.2022 08:34:49.032 GMT+0100,155.52200000000002,155.477,0.0169,0.0254
26.01.2022 08:34:51.116 GMT+0100,155.535,155.489,0.0169,0.0254
26.01.2022 08:35:09.639 GMT+0100,155.507,155.458,0.0169,0.0254
26.01.2022 08:35:10.810 GMT+0100,155.542,155.49200000000002,0.0169,0.0254
26.01.2022 08:37:01.206 GMT+0100,155.525,155.48,0.0169,0.0254
26.01.2022 08:37:01.311 GMT+0100,155.54,155.49200000000002,0.0169,0.0254
26.01.2022 08:37:59.864 GMT+0100,155.52,155.47299999999998,0.0169,0.0254
26.01.2022 08:37:59.981 GMT+0100,155.511,155.459,0.0169,0.0254
26.01.2022 08:38:08.539 GMT+0100,155.539,155.489,0.0169,0.0254
26.01.2022 08:39:12.874 GMT+0100,155.52700000000002,155.476,0.0169,0.0254
26.01.2022 08:39:15.325 GMT+0100,155.506,155.46,0.0169,0.0254
26.01.2022 08:39:19.670 GMT+0100,155.539,155.49200000000002,0.0169,0.0254
26.01.2022 08:39:31.693 GMT+0100,155.52700000000002,155.47299999999998,0.0169,0.0254
26.01.2022 08:39:32.700 GMT+0100,155.504,155.46200000000002,0.0169,0.0254
26.01.2022 08:41:19.156 GMT+0100,155.477,155.431,0.0169,0.0254
26.01.2022 08:44:16.359 GMT+0100,155.445,155.394,0.0169,0.0254
26.01.2022 08:44:16.469 GMT+0100,155.475,155.431,0.0169,0.0254
26.01.2022 08:44:43.268 GMT+0100,155.447,155.401,0.0169,0.0254
26.01.2022 08:44:43.523 GMT+0100,155.47299999999998,155.42700000000002,0.0169,0.0254
26.01.2022 08:45:13.728 GMT+0100,155.444,155.395,0.0169,0.0254
26.01.2022 08:45:15.623 GMT+0100,155.475,155.428,0.0169,0.0254
26.01.2022 08:45:16.658 GMT+0100,155.448,155.395,0.0169,0.0254
26.01.2022 08:45:19.189 GMT+0100,155.477,155.431,0.0169,0.0254
26.01.2022 08:45:30.896 GMT+0100,155.46200000000002,155.417,0.0169,0.0254
26.01.2022 08:45:31.414 GMT+0100,155.48,155.433,0.0169,0.0254
26.01.2022 08:45:45.407 GMT+0100,155.445,155.394,0.0169,0.0254
26.01.2022 08:45:56.103 GMT+0100,155.477,155.42700000000002,0.0169,0.0254
26.01.2022 08:45:58.270 GMT+0100,155.464,155.41299999999998,0.0169,0.0254
26.01.2022 08:46:00.934 GMT+0100,155.441,155.39600000000002,0.0169,0.0254
26.01.2022 08:46:02.117 GMT+0100,155.45700000000002,155.41,0.0169,0.0254
26.01.2022 08:46:02.611 GMT+0100,155.447,155.399,0.0169,0.0254
26.01.2022 08:46:17.209 GMT+0100,155.475,155.433,0.0169,0.0254
26.01.2022 08:49:32.549 GMT+0100,155.448,155.39600000000002,0.0169,0.0254
26.01.2022 08:49:45.815 GMT+0100,155.475,155.433,0.0169,0.0254
26.01.2022 08:49:53.404 GMT+0100,155.46200000000002,155.412,0.0169,0.0254
26.01.2022 08:49:57.596 GMT+0100,155.48,155.431,0.0169,0.0254
26.01.2022 08:50:00.221 GMT+0100,155.464,155.415,0.0169,0.0254
26.01.2022 08:50:00.402 GMT+0100,155.445,155.39700000000002,0.0169,0.0254
26.01.2022 08:50:20.408 GMT+0100,155.416,155.36700000000002,0.0169,0.0254
26.01.2022 08:51:32.173 GMT+0100,155.445,155.401,0.0169,0.0254
26.01.2022 08:51:54.194 GMT+0100,155.415,155.366,0.0169,0.0254
26.01.2022 08:51:57.961 GMT+0100,155.44299999999998,155.394,0.0169,0.0254
26.01.2022 08:51:58.083 GMT+0100,155.415,155.364,0.0169,0.0254
26.01.2022 08:52:38.192 GMT+0100,155.384,155.334,0.0169,0.0254
26.01.2022 08:52:38.312 GMT+0100,155.41,155.365,0.0169,0.0254
26.01.2022 08:53:53.560 GMT+0100,155.386,155.334,0.0169,0.0254
26.01.2022 08:55:18.756 GMT+0100,155.412,155.365,0.0169,0.0254
26.01.2022 08:56:42.774 GMT+0100,155.381,155.334,0.0169,0.0254
26.01.2022 08:56:44.095 GMT+0100,155.40200000000002,155.35,0.0169,0.0254
26.01.2022 08:56:45.948 GMT+0100,155.385,155.33700000000002,0.0169,0.0254
26.01.2022 08:56:46.966 GMT+0100,155.395,155.351,0.0169,0.0254
26.01.2022 08:56:47.297 GMT+0100,155.386,155.335,0.0169,0.0254
26.01.2022 09:00:02.335 GMT+0100,155.414,155.368,0.0169,0.0254
26.01.2022 09:00:02.534 GMT+0100,155.43,155.379,0.0169,0.0254
26.01.2022 09:00:02.701 GMT+0100,155.417,155.37,0.0169,0.0254
26.01.2022 09:01:36.049 GMT+0100,155.448,155.399,0.0169,0.0254
26.01.2022 09:01:37.083 GMT+0100,155.41299999999998,155.37,0.0169,0.0254
26.01.2022 09:01:39.035 GMT+0100,155.444,155.394,0.0169,0.0254
26.01.2022 09:01:39.763 GMT+0100,155.41,155.364,0.0169,0.0254
26.01.2022 09:01:43.993 GMT+0100,155.446,155.39700000000002,0.0169,0.0254
26.01.2022 09:01:44.494 GMT+0100,155.414,155.363,0.0169,0.0254
26.01.2022 09:02:42.043 GMT+0100,155.386,155.33200000000002,0.0169,0.0254
26.01.2022 09:02:50.560 GMT+0100,155.363,155.321,0.0169,0.0254
26.01.2022 09:02:50.667 GMT+0100,155.353,155.305,0.0169,0.0254
26.01.2022 09:03:16.601 GMT+0100,155.322,155.27200000000002,0.0169,0.0254
26.01.2022 09:03:18.786 GMT+0100,155.34799999999998,155.308,0.0169,0.0254
26.01.2022 09:03:29.842 GMT+0100,155.32,155.274,0.0169,0.0254
26.01.2022 09:04:26.401 GMT+0100,155.334,155.289,0.0169,0.0254
26.01.2022 09:04:26.509 GMT+0100,155.35,155.308,0.0169,0.0254
26.01.2022 09:04:28.935 GMT+0100,155.31799999999998,155.27100000000002,0.0169,0.0254
26.01.2022 09:04:32.222 GMT+0100,155.355,155.303,0.0169,0.0254
26.01.2022 09:04:33.526 GMT+0100,155.339,155.29,0.0169,0.0254
26.01.2022 09:04:34.931 GMT+0100,155.354,155.30200000000002,0.0169,0.0254
26.01.2022 09:06:09.523 GMT+0100,155.321,155.27,0.0169,0.0254
26.01.2022 09:08:27.544 GMT+0100,155.289,155.239,0.0169,0.0254
26.01.2022 09:08:40.438 GMT+0100,155.321,155.269,0.0169,0.0254
26.01.2022 09:08:47.231 GMT+0100,155.304,155.256,0.0169,0.0254
26.01.2022 09:08:47.350 GMT+0100,155.29,155.24200000000002,0.0169,0.0254
26.01.2022 09:08:49.153 GMT+0100,155.316,155.273,0.0169,0.0254
26.01.2022 09:09:21.219 GMT+0100,155.29,155.243,0.0169,0.0254
26.01.2022 09:09:27.225 GMT+0100,155.316,155.276,0.0169,0.0254
26.01.2022 09:09:30.109 GMT+0100,155.30100000000002,155.256,0.0169,0.0254
26.01.2022 09:09:30.923 GMT+0100,155.319,155.27200000000002,0.0169,0.0254
26.01.2022 09:09:47.439 GMT+0100,155.355,155.303,0.0169,0.0254
26.01.2022 09:10:01.271 GMT+0100,155.321,155.269,0.0169,0.0254
26.01.2022 09:10:16.719 GMT+0100,155.35,155.304,0.0169,0.0254
26.01.2022 09:11:05.387 GMT+0100,155.384,155.339,0.0169,0.0254
26.01.2022 09:11:11.434 GMT+0100,155.37,155.323,0.0169,0.0254
26.01.2022 09:11:13.310 GMT+0100,155.355,155.305,0.0169,0.0254
26.01.2022 09:11:30.672 GMT+0100,155.381,155.336,0.0169,0.0254
26.01.2022 09:11:46.773 GMT+0100,155.35,155.308,0.0169,0.0254
26.01.2022 09:11:56.771 GMT+0100,155.381,155.33200000000002,0.0169,0.0254
26.01.2022 09:11:59.913 GMT+0100,155.353,155.304,0.0169,0.0254
26.01.2022 09:14:31.829 GMT+0100,155.319,155.274,0.0169,0.0254
26.01.2022 09:14:33.345 GMT+0100,155.34799999999998,155.306,0.0169,0.0254
26.01.2022 09:14:35.307 GMT+0100,155.338,155.285,0.0169,0.0254
26.01.2022 09:14:35.545 GMT+0100,155.319,155.274,0.0169,0.0254
26.01.2022 09:14:35.740 GMT+0100,155.351,155.308,0.0169,0.0254
26.01.2022 09:14:36.026 GMT+0100,155.336,155.289,0.0169,0.0254
26.01.2022 09:14:36.226 GMT+0100,155.316,155.27,0.0169,0.0254
26.01.2022 09:17:15.246 GMT+0100,155.34799999999998,155.308,0.0169,0.0254
26.01.2022 09:17:53.238 GMT+0100,155.31799999999998,155.27100000000002,0.0169,0.0254
26.01.2022 09:17:54.265 GMT+0100,155.351,155.30100000000002,0.0169,0.0254
26.01.2022 09:17:54.545 GMT+0100,155.33200000000002,155.287,0.0169,0.0254
26.01.2022 09:17:56.132 GMT+0100,155.31799999999998,155.27,0.0169,0.0254
26.01.2022 09:17:58.126 GMT+0100,155.352,155.306,0.0169,0.0254
26.01.2022 09:18:03.179 GMT+0100,155.336,155.28799999999998,0.0169,0.0254
26.01.2022 09:18:03.325 GMT+0100,155.323,155.27,0.0169,0.0254
26.01.2022 09:18:17.288 GMT+0100,155.35,155.30100000000002,0.0169,0.0254
26.01.2022 09:18:18.160 GMT+0100,155.335,155.292,0.0169,0.0254
26.01.2022 09:18:18.487 GMT+0100,155.32,155.273,0.0169,0.0254
26.01.2022 09:18:19.173 GMT+0100,155.354,155.30200000000002,0.0169,0.0254
26.01.2022 09:18:21.369 GMT+0100,155.32,155.269,0.0169,0.0254
26.01.2022 09:18:22.673 GMT+0100,155.351,155.30100000000002,0.0169,0.0254
26.01.2022 09:18:23.598 GMT+0100,155.319,155.273,0.0169,0.0254
26.01.2022 09:18:58.661 GMT+0100,155.353,155.30200000000002,0.0169,0.0254
26.01.2022 09:19:01.781 GMT+0100,155.335,155.289,0.0169,0.0254
26.01.2022 09:19:05.113 GMT+0100,155.353,155.306,0.0169,0.0254
26.01.2022 09:19:06.583 GMT+0100,155.322,155.276,0.0169,0.0254
26.01.2022 09:19:08.308 GMT+0100,155.34799999999998,155.304,0.0169,0.0254
26.01.2022 09:19:20.585 GMT+0100,155.316,155.27,0.0169,0.0254
26.01.2022 09:19:20.728 GMT+0100,155.353,155.303,0.0169,0.0254
26.01.2022 09:19:21.057 GMT+0100,155.32,155.276,0.0169,0.0254
26.01.2022 09:19:25.069 GMT+0100,155.351,155.304,0.0169,0.0254
26.01.2022 09:20:57.730 GMT+0100,155.316,155.274,0.0169,0.0254
26.01.2022 09:20:57.831 GMT+0100,155.355,155.303,0.0169,0.0254
26.01.2022 09:21:11.051 GMT+0100,155.32,155.27,0.0169,0.0254
26.01.2022 09:21:21.971 GMT+0100,155.353,155.304,0.0169,0.0254
26.01.2022 09:21:26.644 GMT+0100,155.321,155.276,0.0169,0.0254
26.01.2022 09:22:10.294 GMT+0100,155.289,155.24200000000002,0.0169,0.0254
26.01.2022 09:22:45.155 GMT+0100,155.321,155.27200000000002,0.0169,0.0254
26.01.2022 09:22:49.492 GMT+0100,155.289,155.24200000000002,0.0169,0.0254
26.01.2022 09:22:50.148 GMT+0100,155.323,155.273,0.0169,0.0254
26.01.2022 09:22:51.031 GMT+0100,155.292,155.238,0.0169,0.0254
26.01.2022 09:22:55.060 GMT+0100,155.319,155.27200000000002,0.0169,0.0254
26.01.2022 09:22:55.209 GMT+0100,155.287,155.24,0.0169,0.0254
26.01.2022 09:22:56.468 GMT+0100,155.31799999999998,155.274,0.0169,0.0254
26.01.2022 09:22:56.710 GMT+0100,155.291,155.24200000000002,0.0169,0.0254
26.01.2022 09:22:57.090 GMT+0100,155.322,155.27200000000002,0.0169,0.0254
26.01.2022 09:23:04.085 GMT+0100,155.28799999999998,155.239,0.0169,0.0254
26.01.2022 09:23:04.867 GMT+0100,155.31799999999998,155.269,0.0169,0.0254
26.01.2022 09:23:09.437 GMT+0100,155.287,155.24,0.0169,0.0254
26.01.2022 09:23:10.710 GMT+0100,155.304,155.261,0.0169,0.0254
26.01.2022 09:23:15.206 GMT+0100,155.291,155.243,0.0169,0.0254
26.01.2022 09:23:18.678 GMT+0100,155.305,155.256,0.0169,0.0254
26.01.2022 09:23:26.103 GMT+0100,155.323,155.276,0.0169,0.0254
26.01.2022 09:23:33.861 GMT+0100,155.306,155.258,0.0169,0.0254
26.01.2022 09:23:34.181 GMT+0100,155.289,155.243,0.0169,0.0254
26.01.2022 09:23:35.484 GMT+0100,155.30100000000002,155.258,0.0169,0.0254
26.01.2022 09:23:35.674 GMT+0100,155.291,155.243,0.0169,0.0254
26.01.2022 09:23:38.040 GMT+0100,155.322,155.274,0.0169,0.0254
26.01.2022 09:24:22.293 GMT+0100,155.34799999999998,155.303,0.0169,0.0254
26.01.2022 09:25:52.476 GMT+0100,155.386,155.33700000000002,0.0169,0.0254
26.01.2022 09:25:53.417 GMT+0100,155.34799999999998,155.30200000000002,0.0169,0.0254
26.01.2022 09:25:55.397 GMT+0100,155.385,155.33200000000002,0.0169,0.0254
26.01.2022 09:26:00.083 GMT+0100,155.34799999999998,155.306,0.0169,0.0254
26.01.2022 09:26:33.096 GMT+0100,155.31799999999998,155.27200000000002,0.0169,0.0254
26.01.2022 09:26:42.392 GMT+0100,155.353,155.305,0.0169,0.0254
26.01.2022 09:26:44.928 GMT+0100,155.321,155.27200000000002,0.0169,0.0254
26.01.2022 09:26:47.674 GMT+0100,155.336,155.292,0.0169,0.0254
26.01.2022 09:26:48.152 GMT+0100,155.34799999999998,155.306,0.0169,0.0254
26.01.2022 09:26:51.538 GMT+0100,155.319,155.274,0.0169,0.0254
26.01.2022 09:27:12.800 GMT+0100,155.351,155.306,0.0169,0.0254
26.01.2022 09:27:12.948 GMT+0100,155.316,155.27200000000002,0.0169,0.0254
26.01.2022 09:27:13.469 GMT+0100,155.35,155.303,0.0169,0.0254
26.01.2022 09:27:13.733 GMT+0100,155.339,155.287,0.0169,0.0254
26.01.2022 09:27:13.849 GMT+0100,155.353,155.308,0.0169,0.0254
26.01.2022 09:27:15.135 GMT+0100,155.334,155.289,0.0169,0.0254
26.01.2022 09:27:15.308 GMT+0100,155.352,155.30100000000002,0.0169,0.0254
26.01.2022 09:27:18.171 GMT+0100,155.319,155.273,0.0169,0.0254
26.01.2022 09:27:53.077 GMT+0100,155.285,155.24200000000002,0.0169,0.0254
26.01.2022 09:29:28.231 GMT+0100,155.32,155.27200000000002,0.0169,0.0254
26.01.2022 09:30:11.304 GMT+0100,155.285,155.241,0.0169,0.0254
26.01.2022 09:30:27.715 GMT+0100,155.259,155.20700000000002,0.0169,0.0254
26.01.2022 09:30:28.629 GMT+0100,155.291,155.238,0.0169,0.0254
26.01.2022 09:30:29.147 GMT+0100,155.275,155.228,0.0169,0.0254
26.01.2022 09:30:30.473 GMT+0100,155.258,155.208,0.0169,0.0254
26.01.2022 09:30:38.388 GMT+0100,155.29,155.24,0.0169,0.0254
26.01.2022 09:30:45.228 GMT+0100,155.27700000000002,155.225,0.0169,0.0254
26.01.2022 09:30:45.712 GMT+0100,155.287,155.24200000000002,0.0169,0.0254
26.01.2022 09:32:26.307 GMT+0100,155.257,155.208,0.0169,0.0254
26.01.2022 09:32:26.408 GMT+0100,155.285,155.238,0.0169,0.0254
26.01.2022 09:32:26.730 GMT+0100,155.259,155.211,0.0169,0.0254
26.01.2022 09:32:26.856 GMT+0100,155.287,155.245,0.0169,0.0254
26.01.2022 09:32:34.864 GMT+0100,155.256,155.211,0.0169,0.0254
26.01.2022 09:32:44.633 GMT+0100,155.226,155.183,0.0169,0.0254
26.01.2022 09:33:15.403 GMT+0100,155.194,155.145,0.0169,0.0254
26.01.2022 09:33:50.799 GMT+0100,155.226,155.178,0.0169,0.0254
26.01.2022 09:34:37.977 GMT+0100,155.194,155.14600000000002,0.0169,0.0254
26.01.2022 09:34:38.213 GMT+0100,155.226,155.17700000000002,0.0169,0.0254
26.01.2022 09:34:38.493 GMT+0100,155.213,155.164,0.0169,0.0254
26.01.2022 09:34:45.058 GMT+0100,155.229,155.181,0.0169,0.0254
26.01.2022 09:34:47.677 GMT+0100,155.191,155.145,0.0169,0.0254
26.01.2022 09:35:02.066 GMT+0100,155.213,155.162,0.0169,0.0254
26.01.2022 09:35:03.324 GMT+0100,155.19299999999998,155.151,0.0169,0.0254
26.01.2022 09:35:07.163 GMT+0100,155.225,155.18,0.0169,0.0254
26.01.2022 09:35:11.340 GMT+0100,155.21200000000002,155.16,0.0169,0.0254
26.01.2022 09:35:13.109 GMT+0100,155.197,155.14600000000002,0.0169,0.0254
26.01.2022 09:36:41.636 GMT+0100,155.16299999999998,155.12,0.0169,0.0254
26.01.2022 09:36:41.737 GMT+0100,155.195,155.149,0.0169,0.0254
26.01.2022 09:36:41.958 GMT+0100,155.179,155.132,0.0169,0.0254
26.01.2022 09:36:43.121 GMT+0100,155.165,155.116,0.0169,0.0254
26.01.2022 09:36:43.314 GMT+0100,155.17600000000002,155.134,0.0169,0.0254
26.01.2022 09:36:44.160 GMT+0100,155.191,155.14600000000002,0.0169,0.0254
26.01.2022 09:37:11.240 GMT+0100,155.165,155.115,0.0169,0.0254
26.01.2022 09:38:33.107 GMT+0100,155.195,155.14600000000002,0.0169,0.0254
26.01.2022 09:38:33.331 GMT+0100,155.16299999999998,155.11700000000002,0.0169,0.0254
26.01.2022 09:39:32.813 GMT+0100,155.195,155.14600000000002,0.0169,0.0254
26.01.2022 09:39:35.123 GMT+0100,155.164,155.11700000000002,0.0169,0.0254
26.01.2022 09:39:36.220 GMT+0100,155.178,155.131,0.0169,0.0254
26.01.2022 09:39:36.331 GMT+0100,155.195,155.14700000000002,0.0169,0.0254
26.01.2022 09:39:38.146 GMT+0100,155.16,155.113,0.0169,0.0254
26.01.2022 09:39:46.823 GMT+0100,155.191,155.14700000000002,0.0169,0.0254
26.01.2022 09:39:47.335 GMT+0100,155.162,155.115,0.0169,0.0254
26.01.2022 09:40:06.281 GMT+0100,155.191,155.144,0.0169,0.0254
26.01.2022 09:40:12.503 GMT+0100,155.16,155.11700000000002,0.0169,0.0254
26.01.2022 09:40:23.122 GMT+0100,155.198,155.14600000000002,0.0169,0.0254
26.01.2022 09:40:23.316 GMT+0100,155.16,155.11700000000002,0.0169,0.0254
26.01.2022 09:40:31.859 GMT+0100,155.197,155.144,0.0169,0.0254
26.01.2022 09:40:35.781 GMT+0100,155.167,155.12,0.0169,0.0254
26.01.2022 09:40:36.825 GMT+0100,155.197,155.14600000000002,0.0169,0.0254
26.01.2022 09:40:47.847 GMT+0100,155.162,155.118,0.0169,0.0254
26.01.2022 09:40:59.500 GMT+0100,155.196,155.149,0.0169,0.0254
26.01.2022 09:41:53.836 GMT+0100,155.213,155.164,0.0169,0.0254
26.01.2022 09:41:54.116 GMT+0100,155.226,155.179,0.0169,0.0254
26.01.2022 09:41:55.533 GMT+0100,155.196,155.14600000000002,0.0169,0.0254
26.01.2022 09:41:55.818 GMT+0100,155.209,155.16299999999998,0.0169,0.0254
26.01.2022 09:41:57.887 GMT+0100,155.228,155.18,0.0169,0.0254
26.01.2022 09:41:58.395 GMT+0100,155.19299999999998,155.148,0.0169,0.0254
26.01.2022 09:41:59.965 GMT+0100,155.214,155.162,0.0169,0.0254
26.01.2022 09:42:00.180 GMT+0100,155.19299999999998,155.144,0.0169,0.0254
26.01.2022 09:42:18.019 GMT+0100,155.229,155.17600000000002,0.0169,0.0254
26.01.2022 09:42:22.360 GMT+0100,155.195,155.149,0.0169,0.0254
26.01.2022 09:42:28.593 GMT+0100,155.22299999999998,155.17600000000002,0.0169,0.0254
26.01.2022 09:42:45.519 GMT+0100,155.198,155.148,0.0169,0.0254
26.01.2022 09:43:35.787 GMT+0100,155.164,155.116,0.0169,0.0254
26.01.2022 09:43:35.888 GMT+0100,155.197,155.149,0.0169,0.0254
26.01.2022 09:43:44.693 GMT+0100,155.16299999999998,155.116,0.0169,0.0254
26.01.2022 09:43:44.794 GMT+0100,155.19299999999998,155.149,0.0169,0.0254
26.01.2022 09:44:28.314 GMT+0100,155.18,155.129,0.0169,0.0254
26.01.2022 09:44:29.481 GMT+0100,155.167,155.12,0.0169,0.0254
26.01.2022 09:44:31.170 GMT+0100,155.191,155.151,0.0169,0.0254
26.01.2022 09:44:31.323 GMT+0100,155.167,155.113,0.0169,0.0254
26.01.2022 09:44:32.931 GMT+0100,155.198,155.149,0.0169,0.0254
26.01.2022 09:44:38.638 GMT+0100,155.165,155.12,0.0169,0.0254
26.01.2022 09:44:52.926 GMT+0100,155.19299999999998,155.148,0.0169,0.0254
26.01.2022 09:44:53.164 GMT+0100,155.18200000000002,155.129,0.0169,0.0254
26.01.2022 09:44:54.913 GMT+0100,155.19299999999998,155.14700000000002,0.0169,0.0254
26.01.2022 09:44:56.563 GMT+0100,155.165,155.113,0.0169,0.0254
26.01.2022 09:45:11.084 GMT+0100,155.195,155.14600000000002,0.0169,0.0254
26.01.2022 09:45:48.949 GMT+0100,155.166,155.114,0.0169,0.0254
26.01.2022 09:46:54.679 GMT+0100,155.19299999999998,155.14600000000002,0.0169,0.0254
26.01.2022 09:46:57.204 GMT+0100,155.166,155.115,0.0169,0.0254
26.01.2022 09:47:10.853 GMT+0100,155.195,155.144,0.0169,0.0254
26.01.2022 09:47:12.493 GMT+0100,155.18200000000002,155.131,0.0169,0.0254
26.01.2022 09:47:12.683 GMT+0100,155.165,155.12,0.0169,0.0254
26.01.2022 09:47:18.665 GMT+0100,155.194,155.151,0.0169,0.0254
26.01.2022 09:47:20.031 GMT+0100,155.17600000000002,155.129,0.0169,0.0254
26.01.2022 09:47:20.161 GMT+0100,155.167,155.115,0.0169,0.0254
26.01.2022 09:47:24.639 GMT+0100,155.195,155.149,0.0169,0.0254
26.01.2022 09:47:48.015 GMT+0100,155.228,155.183,0.0169,0.0254
26.01.2022 09:48:08.088 GMT+0100,155.194,155.14600000000002,0.0169,0.0254
26.01.2022 09:48:08.737 GMT+0100,155.228,155.18,0.0169,0.0254
26.01.2022 09:48:08.849 GMT+0100,155.194,155.14700000000002,0.0169,0.0254
26.01.2022 09:48:12.986 GMT+0100,155.227,155.17600000000002,0.0169,0.0254
26.01.2022 09:51:48.622 GMT+0100,155.256,155.214,0.0169,0.0254
26.01.2022 09:51:48.856 GMT+0100,155.227,155.179,0.0169,0.0254
26.01.2022 09:52:05.881 GMT+0100,155.261,155.208,0.0169,0.0254
26.01.2022 09:53:01.219 GMT+0100,155.29,155.24,0.0169,0.0254
26.01.2022 09:53:05.561 GMT+0100,155.254,155.209,0.0169,0.0254
26.01.2022 09:53:55.047 GMT+0100,155.243,155.191,0.0169,0.0254
26.01.2022 09:53:55.222 GMT+0100,155.259,155.208,0.0169,0.0254
26.01.2022 09:54:05.635 GMT+0100,155.227,155.181,0.0169,0.0254
26.01.2022 09:54:06.672 GMT+0100,155.257,155.21200000000002,0.0169,0.0254
26.01.2022 09:54:39.090 GMT+0100,155.22299999999998,155.17600000000002,0.0169,0.0254
26.01.2022 09:54:42.288 GMT+0100,155.259,155.208,0.0169,0.0254
26.01.2022 09:54:43.699 GMT+0100,155.241,155.195,0.0169,0.0254
26.01.2022 09:54:49.291 GMT+0100,155.261,155.21200000000002,0.0169,0.0254
26.01.2022 09:55:27.108 GMT+0100,155.229,155.17700000000002,0.0169,0.0254
26.01.2022 09:55:29.933 GMT+0100,155.258,155.208,0.0169,0.0254
26.01.2022 09:55:30.298 GMT+0100,155.22299999999998,155.183,0.0169,0.0254
26.01.2022 09:55:39.349 GMT+0100,155.259,155.20700000000002,0.0169,0.0254
26.01.2022 09:56:21.406 GMT+0100,155.22299999999998,155.178,0.0169,0.0254
26.01.2022 09:56:21.578 GMT+0100,155.257,155.208,0.0169,0.0254
26.01.2022 09:56:22.719 GMT+0100,155.229,155.17600000000002,0.0169,0.0254
26.01.2022 09:56:25.781 GMT+0100,155.241,155.194,0.0169,0.0254
26.01.2022 09:56:26.967 GMT+0100,155.229,155.178,0.0169,0.0254
26.01.2022 09:56:29.823 GMT+0100,155.256,155.214,0.0169,0.0254
26.01.2022 09:57:13.529 GMT+0100,155.227,155.179,0.0169,0.0254
26.01.2022 09:57:13.919 GMT+0100,155.258,155.214,0.0169,0.0254
26.01.2022 09:57:16.700 GMT+0100,155.227,155.179,0.0169,0.0254
26.01.2022 09:57:19.267 GMT+0100,155.254,155.20700000000002,0.0169,0.0254
26.01.2022 09:57:21.035 GMT+0100,155.241,155.192,0.0169,0.0254
26.01.2022 09:57:21.851 GMT+0100,155.229,155.179,0.0169,0.0254
26.01.2022 09:57:31.066 GMT+0100,155.24200000000002,155.19299999999998,0.0169,0.0254
26.01.2022 09:57:31.245 GMT+0100,155.225,155.178,0.0169,0.0254
26.01.2022 09:58:00.960 GMT+0100,155.26,155.209,0.0169,0.0254
26.01.2022 09:58:01.226 GMT+0100,155.227,155.183,0.0169,0.0254
26.01.2022 09:58:39.547 GMT+0100,155.258,155.211,0.0169,0.0254
26.01.2022 09:58:49.528 GMT+0100,155.228,155.181,0.0169,0.0254
26.01.2022 09:58:55.487 GMT+0100,155.256,155.209,0.0169,0.0254
26.01.2022 09:58:55.588 GMT+0100,155.227,155.183,0.0169,0.0254
26.01.2022 09:58:55.840 GMT+0100,155.261,155.21,0.0169,0.0254
26.01.2022 09:58:58.929 GMT+0100,155.23,155.181,0.0169,0.0254
26.01.2022 09:58:59.090 GMT+0100,155.256,155.208,0.0169,0.0254
26.01.2022 10:00:14.983 GMT+0100,155.22299999999998,155.17600000000002,0.0169,0.0254
26.01.2022 10:00:15.109 GMT+0100,155.261,155.209,0.0169,0.0254
26.01.2022 10:00:50.956 GMT+0100,155.226,155.178,0.0169,0.0254
26.01.2022 10:01:10.158 GMT+0100,155.198,155.151,0.0169,0.0254
26.01.2022 10:01:10.277 GMT+0100,155.22299999999998,155.18,0.0169,0.0254
26.01.2022 10:02:06.976 GMT+0100,155.191,155.14600000000002,0.0169,0.0254
26.01.2022 10:02:07.077 GMT+0100,155.226,155.17700000000002,0.0169,0.0254
26.01.2022 10:02:07.310 GMT+0100,155.211,155.16,0.0169,0.0254
26.01.2022 10:02:12.190 GMT+0100,155.226,155.179,0.0169,0.0254
26.01.2022 10:02:17.523 GMT+0100,155.191,155.14600000000002,0.0169,0.0254
26.01.2022 10:02:18.523 GMT+0100,155.228,155.179,0.0169,0.0254
26.01.2022 10:02:18.669 GMT+0100,155.21,155.165,0.0169,0.0254
26.01.2022 10:02:20.485 GMT+0100,155.225,155.183,0.0169,0.0254
26.01.2022 10:03:31.517 GMT+0100,155.26,155.21,0.0169,0.0254
26.01.2022 10:03:39.764 GMT+0100,155.226,155.178,0.0169,0.0254
26.01.2022 10:03:47.798 GMT+0100,155.257,155.209,0.0169,0.0254
26.01.2022 10:03:48.335 GMT+0100,155.226,155.18,0.0169,0.0254
26.01.2022 10:04:46.302 GMT+0100,155.261,155.21,0.0169,0.0254
26.01.2022 10:07:12.291 GMT+0100,155.227,155.178,0.0169,0.0254
26.01.2022 10:07:12.412 GMT+0100,155.254,155.21,0.0169,0.0254
26.01.2022 10:07:12.535 GMT+0100,155.245,155.194,0.0169,0.0254
26.01.2022 10:07:13.489 GMT+0100,155.227,155.183,0.0169,0.0254
26.01.2022 10:07:13.737 GMT+0100,155.26,155.208,0.0169,0.0254
26.01.2022 10:07:29.475 GMT+0100,155.22299999999998,155.17700000000002,0.0169,0.0254
26.01.2022 10:07:30.836 GMT+0100,155.258,155.20700000000002,0.0169,0.0254
26.01.2022 10:07:40.372 GMT+0100,155.23,155.17700000000002,0.0169,0.0254
26.01.2022 10:07:40.783 GMT+0100,155.24,155.194,0.0169,0.0254
26.01.2022 10:07:43.094 GMT+0100,155.229,155.17700000000002,0.0169,0.0254
26.01.2022 10:09:00.913 GMT+0100,155.191,155.148,0.0169,0.0254
26.01.2022 10:09:01.070 GMT+0100,155.229,155.179,0.0169,0.0254
26.01.2022 10:09:10.322 GMT+0100,155.191,155.14600000000002,0.0169,0.0254
26.01.2022 10:09:10.566 GMT+0100,155.228,155.17700000000002,0.0169,0.0254
26.01.2022 10:09:36.795 GMT+0100,155.21,155.161,0.0169,0.0254
26.01.2022 10:09:37.080 GMT+0100,155.228,155.181,0.0169,0.0254
26.01.2022 10:09:43.351 GMT+0100,155.198,155.144,0.0169,0.0254
26.01.2022 10:09:43.707 GMT+0100,155.227,155.18,0.0169,0.0254
26.01.2022 10:09:46.818 GMT+0100,155.20700000000002,155.16,0.0169,0.0254
26.01.2022 10:09:47.385 GMT+0100,155.196,155.148,0.0169,0.0254
26.01.2022 10:09:47.818 GMT+0100,155.23,155.18,0.0169,0.0254
26.01.2022 10:10:38.240 GMT+0100,155.26,155.209,0.0169,0.0254
26.01.2022 10:10:56.780 GMT+0100,155.228,155.179,0.0169,0.0254
26.01.2022 10:11:00.058 GMT+0100,155.259,155.21200000000002,0.0169,0.0254
26.01.2022 10:12:26.271 GMT+0100,155.238,155.19299999999998,0.0169,0.0254
26.01.2022 10:12:26.372 GMT+0100,155.254,155.21,0.0169,0.0254
26.01.2022 10:12:42.018 GMT+0100,155.244,155.19299999999998,0.0169,0.0254
26.01.2022 10:12:42.125 GMT+0100,155.22299999999998,155.181,0.0169,0.0254
26.01.2022 10:12:46.785 GMT+0100,155.257,155.208,0.0169,0.0254
26.01.2022 10:13:06.432 GMT+0100,155.225,155.178,0.0169,0.0254
26.01.2022 10:13:06.671 GMT+0100,155.254,155.209,0.0169,0.0254
26.01.2022 10:13:19.180 GMT+0100,155.22299999999998,155.181,0.0169,0.0254
26.01.2022 10:13:49.819 GMT+0100,155.258,155.20700000000002,0.0169,0.0254
26.01.2022 10:15:36.078 GMT+0100,155.287,155.243,0.0169,0.0254
26.01.2022 10:15:36.342 GMT+0100,155.258,155.21,0.0169,0.0254
26.01.2022 10:15:38.712 GMT+0100,155.289,155.245,0.0169,0.0254
26.01.2022 10:15:43.338 GMT+0100,155.256,155.21,0.0169,0.0254
26.01.2022 10:15:58.378 GMT+0100,155.29,155.24200000000002,0.0169,0.0254
26.01.2022 10:15:58.479 GMT+0100,155.257,155.20700000000002,0.0169,0.0254
26.01.2022 10:20:31.750 GMT+0100,155.292,155.243,0.0169,0.0254
26.01.2022 10:20:59.248 GMT+0100,155.32,155.27200000000002,0.0169,0.0254
26.01.2022 10:22:01.312 GMT+0100,155.28799999999998,155.243,0.0169,0.0254
26.01.2022 10:22:02.772 GMT+0100,155.322,155.274,0.0169,0.0254
26.01.2022 10:22:20.809 GMT+0100,155.30100000000002,155.259,0.0169,0.0254
26.01.2022 10:22:21.305 GMT+0100,155.287,155.243,0.0169,0.0254
26.01.2022 10:30:45.787 GMT+0100,155.323,155.276,0.0169,0.0254
26.01.2022 10:30:46.125 GMT+0100,155.291,155.24200000000002,0.0169,0.0254
26.01.2022 10:30:46.422 GMT+0100,155.319,155.27200000000002,0.0169,0.0254
26.01.2022 10:30:52.215 GMT+0100,155.292,155.243,0.0169,0.0254
26.01.2022 10:30:52.635 GMT+0100,155.323,155.27100000000002,0.0169,0.0254
26.01.2022 10:30:59.979 GMT+0100,155.291,155.24200000000002,0.0169,0.0254
26.01.2022 10:31:30.282 GMT+0100,155.319,155.269,0.0169,0.0254
26.01.2022 10:31:37.150 GMT+0100,155.289,155.241,0.0169,0.0254
26.01.2022 10:31:38.080 GMT+0100,155.316,155.274,0.0169,0.0254
26.01.2022 10:31:44.683 GMT+0100,155.28799999999998,155.243,0.0169,0.0254
26.01.2022 10:31:48.340 GMT+0100,155.323,155.27200000000002,0.0169,0.0254
26.01.2022 10:32:26.300 GMT+0100,155.353,155.303,0.0169,0.0254
26.01.2022 10:33:01.365 GMT+0100,155.381,155.339,0.0169,0.0254
26.01.2022 10:33:01.587 GMT+0100,155.365,155.316,0.0169,0.0254
26.01.2022 10:33:01.741 GMT+0100,155.351,155.305,0.0169,0.0254
26.01.2022 10:33:27.814 GMT+0100,155.382,155.335,0.0169,0.0254
26.01.2022 10:33:29.117 GMT+0100,155.354,155.30100000000002,0.0169,0.0254
26.01.2022 10:34:08.496 GMT+0100,155.381,155.336,0.0169,0.0254
26.01.2022 10:34:13.090 GMT+0100,155.40200000000002,155.35,0.0169,0.0254
26.01.2022 10:34:13.223 GMT+0100,155.415,155.36700000000002,0.0169,0.0254
26.01.2022 10:34:16.962 GMT+0100,155.386,155.334,0.0169,0.0254
26.01.2022 10:34:43.329 GMT+0100,155.417,155.36700000000002,0.0169,0.0254
26.01.2022 10:34:43.560 GMT+0100,155.386,155.336,0.0169,0.0254
26.01.2022 10:34:44.303 GMT+0100,155.41299999999998,155.366,0.0169,0.0254
26.01.2022 10:34:45.706 GMT+0100,155.384,155.339,0.0169,0.0254
26.01.2022 10:38:38.919 GMT+0100,155.353,155.305,0.0169,0.0254
26.01.2022 10:38:40.712 GMT+0100,155.382,155.336,0.0169,0.0254
26.01.2022 10:38:40.981 GMT+0100,155.34799999999998,155.30200000000002,0.0169,0.0254
26.01.2022 10:38:59.211 GMT+0100,155.384,155.339,0.0169,0.0254
26.01.2022 10:39:00.888 GMT+0100,155.352,155.303,0.0169,0.0254
26.01.2022 10:39:01.075 GMT+0100,155.386,155.33200000000002,0.0169,0.0254
26.01.2022 10:39:06.612 GMT+0100,155.368,155.321,0.0169,0.0254
26.01.2022 10:39:07.457 GMT+0100,155.379,155.336,0.0169,0.0254
26.01.2022 10:41:01.060 GMT+0100,155.355,155.304,0.0169,0.0254
26.01.2022 10:42:08.254 GMT+0100,155.32,155.276,0.0169,0.0254
26.01.2022 10:42:12.125 GMT+0100,155.33700000000002,155.29,0.0169,0.0254
26.01.2022 10:42:12.537 GMT+0100,155.34799999999998,155.306,0.0169,0.0254
26.01.2022 10:46:20.011 GMT+0100,155.385,155.339,0.0169,0.0254
26.01.2022 10:46:32.724 GMT+0100,155.34799999999998,155.303,0.0169,0.0254
26.01.2022 10:46:41.428 GMT+0100,155.384,155.334,0.0169,0.0254
26.01.2022 10:46:41.585 GMT+0100,155.37,155.321,0.0169,0.0254
26.01.2022 10:46:41.802 GMT+0100,155.383,155.333,0.0169,0.0254
26.01.2022 10:46:42.876 GMT+0100,155.35,155.306,0.0169,0.0254
26.01.2022 10:46:44.573 GMT+0100,155.368,155.316,0.0169,0.0254
26.01.2022 10:46:44.695 GMT+0100,155.354,155.30100000000002,0.0169,0.0254
26.01.2022 10:47:04.078 GMT+0100,155.384,155.334,0.0169,0.0254
26.01.2022 10:47:15.953 GMT+0100,155.352,155.308,0.0169,0.0254
26.01.2022 10:47:16.172 GMT+0100,155.383,155.333,0.0169,0.0254
26.01.2022 10:47:18.434 GMT+0100,155.36700000000002,155.316,0.0169,0.0254
26.01.2022 10:47:18.879 GMT+0100,155.353,155.305,0.0169,0.0254
26.01.2022 10:47:19.782 GMT+0100,155.383,155.33700000000002,0.0169,0.0254
26.01.2022 10:47:20.782 GMT+0100,155.351,155.30100000000002,0.0169,0.0254
26.01.2022 10:47:22.218 GMT+0100,155.379,155.33200000000002,0.0169,0.0254
26.01.2022 10:47:29.929 GMT+0100,155.35,155.305,0.0169,0.0254
26.01.2022 10:47:30.038 GMT+0100,155.365,155.323,0.0169,0.0254
26.01.2022 10:47:38.208 GMT+0100,155.379,155.333,0.0169,0.0254
26.01.2022 10:47:38.342 GMT+0100,155.352,155.303,0.0169,0.0254
26.01.2022 10:48:31.878 GMT+0100,155.379,155.339,0.0169,0.0254
26.01.2022 10:49:34.163 GMT+0100,155.415,155.363,0.0169,0.0254
26.01.2022 10:49:34.587 GMT+0100,155.379,155.333,0.0169,0.0254
26.01.2022 10:52:11.447 GMT+0100,155.34799999999998,155.306,0.0169,0.0254
26.01.2022 10:53:11.795 GMT+0100,155.316,155.273,0.0169,0.0254
26.01.2022 10:53:30.541 GMT+0100,155.352,155.306,0.0169,0.0254
26.01.2022 10:53:32.452 GMT+0100,155.32,155.27,0.0169,0.0254
26.01.2022 10:53:48.099 GMT+0100,155.34799999999998,155.308,0.0169,0.0254
26.01.2022 10:53:51.944 GMT+0100,155.319,155.276,0.0169,0.0254
26.01.2022 10:54:57.708 GMT+0100,155.292,155.239,0.0169,0.0254
26.01.2022 10:54:57.843 GMT+0100,155.305,155.257,0.0169,0.0254
26.01.2022 10:54:59.815 GMT+0100,155.322,155.274,0.0169,0.0254
26.01.2022 10:59:52.232 GMT+0100,155.289,155.238,0.0169,0.0254
26.01.2022 11:00:02.924 GMT+0100,155.321,155.273,0.0169,0.0254
26.01.2022 11:00:03.975 GMT+0100,155.289,155.241,0.0169,0.0254
26.01.2022 11:00:29.420 GMT+0100,155.26,155.208,0.0169,0.0254
26.01.2022 11:00:30.891 GMT+0100,155.274,155.22299999999998,0.0169,0.0254
26.01.2022 11:00:31.043 GMT+0100,155.287,155.245,0.0169,0.0254
26.01.2022 11:00:32.363 GMT+0100,155.258,155.211,0.0169,0.0254
26.01.2022 11:00:33.359 GMT+0100,155.29,155.24,0.0169,0.0254
26.01.2022 11:00:33.683 GMT+0100,155.27200000000002,155.227,0.0169,0.0254
26.01.2022 11:00:33.962 GMT+0100,155.254,155.20700000000002,0.0169,0.0254
26.01.2022 11:01:08.342 GMT+0100,155.287,155.239,0.0169,0.0254
26.01.2022 11:01:08.623 GMT+0100,155.26,155.214,0.0169,0.0254
26.01.2022 11:01:09.164 GMT+0100,155.287,155.238,0.0169,0.0254
26.01.2022 11:01:09.351 GMT+0100,155.274,155.226,0.0169,0.0254
26.01.2022 11:01:10.233 GMT+0100,155.292,155.241,0.0169,0.0254
26.01.2022 11:04:39.092 GMT+0100,155.259,155.214,0.0169,0.0254
26.01.2022 11:04:55.641 GMT+0100,155.229,155.183,0.0169,0.0254
26.01.2022 11:04:55.811 GMT+0100,155.26,155.211,0.0169,0.0254
26.01.2022 11:05:03.845 GMT+0100,155.22299999999998,155.18,0.0169,0.0254
26.01.2022 11:05:04.348 GMT+0100,155.257,155.208,0.0169,0.0254
26.01.2022 11:05:38.918 GMT+0100,155.22299999999998,155.183,0.0169,0.0254
26.01.2022 11:05:47.041 GMT+0100,155.257,155.208,0.0169,0.0254
26.01.2022 11:05:49.602 GMT+0100,155.225,155.17700000000002,0.0169,0.0254
26.01.2022 11:05:55.762 GMT+0100,155.259,155.209,0.0169,0.0254
26.01.2022 11:07:08.585 GMT+0100,155.285,155.243,0.0169,0.0254
26.01.2022 11:07:10.420 GMT+0100,155.259,155.214,0.0169,0.0254
26.01.2022 11:08:40.599 GMT+0100,155.285,155.245,0.0169,0.0254
26.01.2022 11:08:40.760 GMT+0100,155.256,155.21,0.0169,0.0254
26.01.2022 11:08:41.783 GMT+0100,155.275,155.226,0.0169,0.0254
26.01.2022 11:08:46.453 GMT+0100,155.291,155.24200000000002,0.0169,0.0254
26.01.2022 11:09:21.303 GMT+0100,155.256,155.208,0.0169,0.0254
26.01.2022 11:10:09.133 GMT+0100,155.228,155.17700000000002,0.0169,0.0254
26.01.2022 11:10:09.234 GMT+0100,155.261,155.21200000000002,0.0169,0.0254
26.01.2022 11:12:12.774 GMT+0100,155.291,155.238,0.0169,0.0254
26.01.2022 11:12:14.095 GMT+0100,155.258,155.214,0.0169,0.0254
26.01.2022 11:12:14.461 GMT+0100,155.28799999999998,155.239,0.0169,0.0254
26.01.2022 11:15:13.859 GMT+0100,155.261,155.21,0.0169,0.0254
26.01.2022 11:15:17.274 GMT+0100,155.285,155.24,0.0169,0.0254
26.01.2022 11:15:17.377 GMT+0100,155.257,155.21,0.0169,0.0254
26.01.2022 11:15:19.431 GMT+0100,155.291,155.245,0.0169,0.0254
26.01.2022 11:15:19.637 GMT+0100,155.26,155.20700000000002,0.0169,0.0254
26.01.2022 11:16:41.662 GMT+0100,155.28799999999998,155.241,0.0169,0.0254
26.01.2022 11:16:43.502 GMT+0100,155.261,155.21,0.0169,0.0254
26.01.2022 11:16:45.207 GMT+0100,155.285,155.241,0.0169,0.0254
26.01.2022 11:16:45.447 GMT+0100,155.254,155.211,0.0169,0.0254
26.01.2022 11:16:46.197 GMT+0100,155.27,155.23,0.0169,0.0254
26.01.2022 11:16:49.758 GMT+0100,155.258,155.21200000000002,0.0169,0.0254
26.01.2022 11:16:53.721 GMT+0100,155.276,155.22299999999998,0.0169,0.0254
26.01.2022 11:16:58.085 GMT+0100,155.259,155.211,0.0169,0.0254
26.01.2022 11:16:58.459 GMT+0100,155.28799999999998,155.239,0.0169,0.0254
26.01.2022 11:16:59.011 GMT+0100,155.256,155.21,0.0169,0.0254
26.01.2022 11:17:00.800 GMT+0100,155.273,155.227,0.0169,0.0254
26.01.2022 11:17:01.661 GMT+0100,155.28799999999998,155.239,0.0169,0.0254
26.01.2022 11:17:16.782 GMT+0100,155.275,155.228,0.0169,0.0254
26.01.2022 11:17:17.263 GMT+0100,155.291,155.24200000000002,0.0169,0.0254
26.01.2022 11:19:54.925 GMT+0100,155.26,155.208,0.0169,0.0254
26.01.2022 11:19:55.854 GMT+0100,155.285,155.239,0.0169,0.0254
26.01.2022 11:20:00.138 GMT+0100,155.254,155.214,0.0169,0.0254
26.01.2022 11:20:00.284 GMT+0100,155.29,155.245,0.0169,0.0254
26.01.2022 11:20:10.607 GMT+0100,155.26,155.21200000000002,0.0169,0.0254
26.01.2022 11:20:11.103 GMT+0100,155.273,155.228,0.0169,0.0254
26.01.2022 11:20:12.036 GMT+0100,155.291,155.241,0.0169,0.0254
26.01.2022 11:20:35.031 GMT+0100,155.26,155.208,0.0169,0.0254
26.01.2022 11:20:48.567 GMT+0100,155.285,155.238,0.0169,0.0254
26.01.2022 11:20:50.218 GMT+0100,155.26,155.209,0.0169,0.0254
26.01.2022 11:21:21.766 GMT+0100,155.22299999999998,155.183,0.0169,0.0254
26.01.2022 11:21:22.764 GMT+0100,155.258,155.21,0.0169,0.0254
26.01.2022 11:21:23.748 GMT+0100,155.23,155.18,0.0169,0.0254
26.01.2022 11:23:30.269 GMT+0100,155.19299999999998,155.144,0.0169,0.0254
26.01.2022 11:24:31.470 GMT+0100,155.165,155.118,0.0169,0.0254
26.01.2022 11:24:47.336 GMT+0100,155.198,155.144,0.0169,0.0254
26.01.2022 11:24:48.198 GMT+0100,155.167,155.12,0.0169,0.0254
26.01.2022 11:25:37.289 GMT+0100,155.17600000000002,155.129,0.0169,0.0254
26.01.2022 11:25:37.688 GMT+0100,155.16299999999998,155.115,0.0169,0.0254
26.01.2022 11:25:41.784 GMT+0100,155.197,155.14700000000002,0.0169,0.0254
26.01.2022 11:25:42.654 GMT+0100,155.16299999999998,155.116,0.0169,0.0254
26.01.2022 11:25:49.398 GMT+0100,155.198,155.149,0.0169,0.0254
26.01.2022 11:25:50.582 GMT+0100,155.16,155.114,0.0169,0.0254
26.01.2022 11:25:50.702 GMT+0100,155.179,155.133,0.0169,0.0254
26.01.2022 11:25:53.014 GMT+0100,155.16,155.114,0.0169,0.0254
26.01.2022 11:25:54.363 GMT+0100,155.196,155.14700000000002,0.0169,0.0254
26.01.2022 11:28:22.140 GMT+0100,155.16299999999998,155.116,0.0169,0.0254
26.01.2022 11:29:08.560 GMT+0100,155.197,155.14600000000002,0.0169,0.0254
26.01.2022 11:29:52.966 GMT+0100,155.228,155.17700000000002,0.0169,0.0254
26.01.2022 11:30:01.309 GMT+0100,155.238,155.191,0.0169,0.0254
26.01.2022 11:30:01.508 GMT+0100,155.23,155.181,0.0169,0.0254
26.01.2022 11:32:36.338 GMT+0100,155.26,155.214,0.0169,0.0254
26.01.2022 11:32:44.693 GMT+0100,155.226,155.178,0.0169,0.0254
26.01.2022 11:33:18.009 GMT+0100,155.26,155.21,0.0169,0.0254
26.01.2022 11:33:19.548 GMT+0100,155.243,155.198,0.0169,0.0254
26.01.2022 11:33:22.206 GMT+0100,155.261,155.211,0.0169,0.0254
26.01.2022 11:33:43.895 GMT+0100,155.22299999999998,155.179,0.0169,0.0254
26.01.2022 11:38:24.786 GMT+0100,155.191,155.151,0.0169,0.0254
26.01.2022 11:42:09.366 GMT+0100,155.16299999999998,155.118,0.0169,0.0254
26.01.2022 11:44:38.872 GMT+0100,155.149,155.101,0.0169,0.0254
26.01.2022 11:44:38.987 GMT+0100,155.162,155.118,0.0169,0.0254
26.01.2022 11:44:40.316 GMT+0100,155.132,155.084,0.0169,0.0254
26.01.2022 11:44:40.691 GMT+0100,155.16299999999998,155.113,0.0169,0.0254
26.01.2022 11:44:49.746 GMT+0100,155.135,155.083,0.0169,0.0254
26.01.2022 11:44:49.847 GMT+0100,155.164,155.115,0.0169,0.0254
26.01.2022 11:44:51.630 GMT+0100,155.131,155.083,0.0169,0.0254
26.01.2022 11:44:53.251 GMT+0100,155.165,155.113,0.0169,0.0254
26.01.2022 11:44:59.454 GMT+0100,155.133,155.086,0.0169,0.0254
26.01.2022 11:45:01.003 GMT+0100,155.166,155.116,0.0169,0.0254
26.01.2022 11:45:06.110 GMT+0100,155.131,155.086,0.0169,0.0254
26.01.2022 11:45:08.806 GMT+0100,155.16299999999998,155.11700000000002,0.0169,0.0254
26.01.2022 11:45:26.036 GMT+0100,155.131,155.089,0.0169,0.0254
26.01.2022 11:45:26.147 GMT+0100,155.164,155.115,0.0169,0.0254
26.01.2022 11:45:29.239 GMT+0100,155.145,155.1,0.0169,0.0254
26.01.2022 11:45:29.561 GMT+0100,155.135,155.08700000000002,0.0169,0.0254
26.01.2022 11:45:37.901 GMT+0100,155.166,155.12,0.0169,0.0254
26.01.2022 11:45:43.689 GMT+0100,155.136,155.08200000000002,0.0169,0.0254
26.01.2022 11:48:21.100 GMT+0100,155.09799999999998,155.05200000000002,0.0169,0.0254
26.01.2022 11:48:23.239 GMT+0100,155.113,155.071,0.0169,0.0254
26.01.2022 11:48:23.362 GMT+0100,155.134,155.084,0.0169,0.0254
26.01.2022 11:48:23.506 GMT+0100,155.09799999999998,155.053,0.0169,0.0254
26.01.2022 11:48:25.944 GMT+0100,155.119,155.07,0.0169,0.0254
26.01.2022 11:48:26.687 GMT+0100,155.129,155.084,0.0169,0.0254
26.01.2022 11:50:24.454 GMT+0100,155.16299999999998,155.118,0.0169,0.0254
26.01.2022 11:50:31.695 GMT+0100,155.134,155.086,0.0169,0.0254
26.01.2022 11:51:19.481 GMT+0100,155.16299999999998,155.113,0.0169,0.0254
26.01.2022 11:52:15.214 GMT+0100,155.133,155.083,0.0169,0.0254
26.01.2022 11:52:18.688 GMT+0100,155.164,155.115,0.0169,0.0254
26.01.2022 11:52:19.781 GMT+0100,155.148,155.103,0.0169,0.0254
26.01.2022 11:52:20.844 GMT+0100,155.167,155.11700000000002,0.0169,0.0254
26.01.2022 11:52:32.259 GMT+0100,155.129,155.08700000000002,0.0169,0.0254
26.01.2022 11:52:37.673 GMT+0100,155.145,155.101,0.0169,0.0254
26.01.2022 11:52:39.734 GMT+0100,155.16299999999998,155.12,0.0169,0.0254
26.01.2022 11:53:30.006 GMT+0100,155.131,155.083,0.0169,0.0254
26.01.2022 11:53:44.678 GMT+0100,155.118,155.06799999999998,0.0169,0.0254
26.01.2022 11:53:44.898 GMT+0100,155.129,155.086,0.0169,0.0254
26.01.2022 11:54:09.842 GMT+0100,155.101,155.054,0.0169,0.0254
26.01.2022 11:54:14.104 GMT+0100,155.115,155.069,0.0169,0.0254
26.01.2022 11:54:15.109 GMT+0100,155.132,155.085,0.0169,0.0254
26.01.2022 11:54:19.875 GMT+0100,155.09799999999998,155.056,0.0169,0.0254
26.01.2022 11:54:22.190 GMT+0100,155.136,155.08700000000002,0.0169,0.0254
26.01.2022 11:55:01.338 GMT+0100,155.09799999999998,155.05100000000002,0.0169,0.0254
26.01.2022 11:55:03.750 GMT+0100,155.136,155.085,0.0169,0.0254
26.01.2022 11:55:19.309 GMT+0100,155.102,155.054,0.0169,0.0254
26.01.2022 11:55:24.086 GMT+0100,155.115,155.07,0.0169,0.0254
26.01.2022 11:55:24.324 GMT+0100,155.134,155.084,0.0169,0.0254
26.01.2022 11:55:27.195 GMT+0100,155.11700000000002,155.07,0.0169,0.0254
26.01.2022 11:55:29.261 GMT+0100,155.132,155.086,0.0169,0.0254
26.01.2022 11:55:29.393 GMT+0100,155.103,155.05200000000002,0.0169,0.0254
26.01.2022 11:55:40.773 GMT+0100,155.133,155.083,0.0169,0.0254
26.01.2022 11:55:40.941 GMT+0100,155.09799999999998,155.05100000000002,0.0169,0.0254
26.01.2022 11:56:14.002 GMT+0100,155.133,155.084,0.0169,0.0254
26.01.2022 11:57:28.751 GMT+0100,155.166,155.118,0.0169,0.0254
26.01.2022 11:59:01.788 GMT+0100,155.198,155.14700000000002,0.0169,0.0254
26.01.2022 11:59:03.151 GMT+0100,155.167,155.118,0.0169,0.0254
26.01.2022 11:59:03.483 GMT+0100,155.17600000000002,155.131,0.0169,0.0254
26.01.2022 11:59:07.090 GMT+0100,155.16,155.113,0.0169,0.0254
26.01.2022 11:59:11.748 GMT+0100,155.191,155.145,0.0169,0.0254
26.01.2022 11:59:15.693 GMT+0100,155.167,155.12,0.0169,0.0254
26.01.2022 12:00:28.830 GMT+0100,155.198,155.144,0.0169,0.0254
26.01.2022 12:03:01.376 GMT+0100,155.16,155.116,0.0169,0.0254
26.01.2022 12:03:01.743 GMT+0100,155.197,155.14600000000002,0.0169,0.0254
26.01.2022 12:03:41.416 GMT+0100,155.164,155.116,0.0169,0.0254
26.01.2022 12:03:43.271 GMT+0100,155.191,155.14600000000002,0.0169,0.0254
26.01.2022 12:03:43.396 GMT+0100,155.16299999999998,155.113,0.0169,0.0254
26.01.2022 12:03:44.859 GMT+0100,155.198,155.144,0.0169,0.0254
26.01.2022 12:03:51.979 GMT+0100,155.165,155.114,0.0169,0.0254
26.01.2022 12:04:04.857 GMT+0100,155.179,155.136,0.0169,0.0254
26.01.2022 12:04:06.525 GMT+0100,155.197,155.151,0.0169,0.0254
26.01.2022 12:04:06.790 GMT+0100,155.166,155.114,0.0169,0.0254
26.01.2022 12:04:57.511 GMT+0100,155.134,155.08700000000002,0.0169,0.0254
26.01.2022 12:04:57.751 GMT+0100,155.14700000000002,155.105,0.0169,0.0254
26.01.2022 12:04:59.195 GMT+0100,155.131,155.08200000000002,0.0169,0.0254
26.01.2022 12:04:59.296 GMT+0100,155.167,155.116,0.0169,0.0254
26.01.2022 12:08:50.294 GMT+0100,155.195,155.145,0.0169,0.0254
26.01.2022 12:08:54.488 GMT+0100,155.162,155.11700000000002,0.0169,0.0254
26.01.2022 12:08:56.582 GMT+0100,155.179,155.136,0.0169,0.0254
26.01.2022 12:08:57.503 GMT+0100,155.191,155.151,0.0169,0.0254
26.01.2022 12:08:57.635 GMT+0100,155.18200000000002,155.131,0.0169,0.0254
26.01.2022 12:08:57.816 GMT+0100,155.162,155.115,0.0169,0.0254
26.01.2022 12:09:02.098 GMT+0100,155.18200000000002,155.136,0.0169,0.0254
26.01.2022 12:09:02.217 GMT+0100,155.196,155.151,0.0169,0.0254
26.01.2022 12:09:07.098 GMT+0100,155.162,155.118,0.0169,0.0254
26.01.2022 12:09:11.877 GMT+0100,155.178,155.134,0.0169,0.0254
26.01.2022 12:09:11.998 GMT+0100,155.191,155.14700000000002,0.0169,0.0254
26.01.2022 12:09:35.060 GMT+0100,155.167,155.116,0.0169,0.0254
26.01.2022 12:09:35.340 GMT+0100,155.197,155.14600000000002,0.0169,0.0254
26.01.2022 12:10:01.138 GMT+0100,155.16299999999998,155.115,0.0169,0.0254
26.01.2022 12:10:01.331 GMT+0100,155.197,155.14600000000002,0.0169,0.0254
26.01.2022 12:10:56.059 GMT+0100,155.23,155.183,0.0169,0.0254
26.01.2022 12:10:56.197 GMT+0100,155.195,155.144,0.0169,0.0254
26.01.2022 12:10:58.594 GMT+0100,155.22299999999998,155.17700000000002,0.0169,0.0254
26.01.2022 12:10:58.855 GMT+0100,155.196,155.144,0.0169,0.0254
26.01.2022 12:11:01.142 GMT+0100,155.22299999999998,155.179,0.0169,0.0254
26.01.2022 12:11:01.390 GMT+0100,155.194,155.149,0.0169,0.0254
26.01.2022 12:11:04.627 GMT+0100,155.227,155.178,0.0169,0.0254
26.01.2022 12:11:19.271 GMT+0100,155.254,155.211,0.0169,0.0254
26.01.2022 12:11:20.365 GMT+0100,155.226,155.17600000000002,0.0169,0.0254
26.01.2022 12:12:31.181 GMT+0100,155.195,155.148,0.0169,0.0254
26.01.2022 12:12:31.331 GMT+0100,155.228,155.18,0.0169,0.0254
26.01.2022 12:12:31.661 GMT+0100,155.195,155.148,0.0169,0.0254
26.01.2022 12:12:34.086 GMT+0100,155.228,155.17700000000002,0.0169,0.0254
26.01.2022 12:12:59.924 GMT+0100,155.198,155.148,0.0169,0.0254
26.01.2022 12:13:00.052 GMT+0100,155.227,155.17600000000002,0.0169,0.0254
26.01.2022 12:14:26.824 GMT+0100,155.198,155.14600000000002,0.0169,0.0254
26.01.2022 12:14:26.925 GMT+0100,155.228,155.178,0.0169,0.0254
26.01.2022 12:14:27.626 GMT+0100,155.20700000000002,155.16299999999998,0.0169,0.0254
26.01.2022 12:14:27.731 GMT+0100,155.19299999999998,155.14600000000002,0.0169,0.0254
26.01.2022 12:14:44.112 GMT+0100,155.23,155.181,0.0169,0.0254
26.01.2022 12:15:59.129 GMT+0100,155.259,155.214,0.0169,0.0254
26.01.2022 12:16:11.933 GMT+0100,155.225,155.179,0.0169,0.0254
26.01.2022 12:16:14.053 GMT+0100,155.254,155.20700000000002,0.0169,0.0254
26.01.2022 12:16:14.185 GMT+0100,155.228,155.17700000000002,0.0169,0.0254
26.01.2022 12:16:17.211 GMT+0100,155.243,155.192,0.0169,0.0254
26.01.2022 12:16:18.531 GMT+0100,155.22299999999998,155.179,0.0169,0.0254
26.01.2022 12:17:41.992 GMT+0100,155.196,155.148,0.0169,0.0254
26.01.2022 12:17:42.102 GMT+0100,155.23,155.178,0.0169,0.0254
26.01.2022 12:17:42.471 GMT+0100,155.21,155.162,0.0169,0.0254
26.01.2022 12:17:42.629 GMT+0100,155.19299999999998,155.144,0.0169,0.0254
26.01.2022 12:17:42.865 GMT+0100,155.225,155.18,0.0169,0.0254
26.01.2022 12:17:43.302 GMT+0100,155.214,155.161,0.0169,0.0254
26.01.2022 12:17:43.780 GMT+0100,155.227,155.183,0.0169,0.0254
26.01.2022 12:18:05.192 GMT+0100,155.196,155.144,0.0169,0.0254
26.01.2022 12:18:05.444 GMT+0100,155.226,155.183,0.0169,0.0254
26.01.2022 12:18:06.816 GMT+0100,155.195,155.14700000000002,0.0169,0.0254
26.01.2022 12:18:51.532 GMT+0100,155.226,155.18,0.0169,0.0254
26.01.2022 12:18:51.654 GMT+0100,155.196,155.14700000000002,0.0169,0.0254
26.01.2022 12:18:53.373 GMT+0100,155.23,155.181,0.0169,0.0254
26.01.2022 12:18:55.376 GMT+0100,155.194,155.145,0.0169,0.0254
26.01.2022 12:18:55.615 GMT+0100,155.23,155.179,0.0169,0.0254
26.01.2022 12:19:37.109 GMT+0100,155.196,155.148,0.0169,0.0254
26.01.2022 12:19:38.063 GMT+0100,155.20700000000002,155.164,0.0169,0.0254
26.01.2022 12:19:38.173 GMT+0100,155.23,155.18,0.0169,0.0254
26.01.2022 12:22:41.373 GMT+0100,155.197,155.14600000000002,0.0169,0.0254
26.01.2022 12:23:24.749 GMT+0100,155.225,155.18,0.0169,0.0254
26.01.2022 12:23:24.985 GMT+0100,155.213,155.162,0.0169,0.0254
26.01.2022 12:23:25.092 GMT+0100,155.227,155.179,0.0169,0.0254
26.01.2022 12:25:36.640 GMT+0100,155.26,155.208,0.0169,0.0254
26.01.2022 12:28:00.488 GMT+0100,155.227,155.17600000000002,0.0169,0.0254
26.01.2022 12:28:11.884 GMT+0100,155.26,155.21,0.0169,0.0254
26.01.2022 12:29:26.489 GMT+0100,155.226,155.183,0.0169,0.0254
26.01.2022 12:31:15.504 GMT+0100,155.254,155.21200000000002,0.0169,0.0254
26.01.2022 12:31:15.841 GMT+0100,155.23,155.179,0.0169,0.0254
26.01.2022 12:31:17.321 GMT+0100,155.259,155.214,0.0169,0.0254
26.01.2022 12:31:17.577 GMT+0100,155.229,155.181,0.0169,0.0254
26.01.2022 12:31:25.056 GMT+0100,155.261,155.208,0.0169,0.0254
26.01.2022 12:31:28.841 GMT+0100,155.225,155.17600000000002,0.0169,0.0254
26.01.2022 12:31:35.542 GMT+0100,155.259,155.214,0.0169,0.0254
26.01.2022 12:31:38.737 GMT+0100,155.238,155.19299999999998,0.0169,0.0254
26.01.2022 12:31:40.189 GMT+0100,155.229,155.18,0.0169,0.0254
26.01.2022 12:31:47.093 GMT+0100,155.261,155.21,0.0169,0.0254
26.01.2022 12:33:13.041 GMT+0100,155.22299999999998,155.18,0.0169,0.0254
26.01.2022 12:33:13.192 GMT+0100,155.26,155.21,0.0169,0.0254
26.01.2022 12:33:18.003 GMT+0100,155.226,155.183,0.0169,0.0254
26.01.2022 12:33:38.218 GMT+0100,155.256,155.21,0.0169,0.0254
26.01.2022 12:35:51.781 GMT+0100,155.245,155.195,0.0169,0.0254
26.01.2022 12:35:51.891 GMT+0100,155.257,155.21,0.0169,0.0254
26.01.2022 12:38:22.055 GMT+0100,155.226,155.181,0.0169,0.0254
26.01.2022 12:38:23.015 GMT+0100,155.259,155.211,0.0169,0.0254
26.01.2022 12:38:38.434 GMT+0100,155.226,155.179,0.0169,0.0254
26.01.2022 12:39:06.872 GMT+0100,155.257,155.211,0.0169,0.0254
26.01.2022 12:39:11.221 GMT+0100,155.23,155.17700000000002,0.0169,0.0254
26.01.2022 12:39:14.551 GMT+0100,155.256,155.208,0.0169,0.0254
26.01.2022 12:39:28.434 GMT+0100,155.228,155.18,0.0169,0.0254
26.01.2022 12:39:35.471 GMT+0100,155.254,155.208,0.0169,0.0254
26.01.2022 12:39:40.936 GMT+0100,155.228,155.18,0.0169,0.0254
26.01.2022 12:40:05.123 GMT+0100,155.254,155.211,0.0169,0.0254
26.01.2022 12:40:11.723 GMT+0100,155.227,155.179,0.0169,0.0254
26.01.2022 12:42:10.819 GMT+0100,155.257,155.208,0.0169,0.0254
26.01.2022 12:42:18.849 GMT+0100,155.285,155.241,0.0169,0.0254
26.01.2022 12:42:19.179 GMT+0100,155.259,155.214,0.0169,0.0254
26.01.2022 12:43:22.239 GMT+0100,155.292,155.243,0.0169,0.0254
26.01.2022 12:43:22.454 GMT+0100,155.256,155.211,0.0169,0.0254
26.01.2022 12:43:38.137 GMT+0100,155.29,155.241,0.0169,0.0254
26.01.2022 12:43:38.858 GMT+0100,155.273,155.23,0.0169,0.0254
26.01.2022 12:43:38.970 GMT+0100,155.256,155.208,0.0169,0.0254
26.01.2022 12:43:47.870 GMT+0100,155.292,155.243,0.0169,0.0254
26.01.2022 12:43:52.025 GMT+0100,155.275,155.225,0.0169,0.0254
26.01.2022 12:43:52.142 GMT+0100,155.259,155.21,0.0169,0.0254
26.01.2022 12:46:43.889 GMT+0100,155.23,155.178,0.0169,0.0254
26.01.2022 12:47:46.085 GMT+0100,155.198,155.151,0.0169,0.0254
26.01.2022 12:50:11.214 GMT+0100,155.226,155.17600000000002,0.0169,0.0254
26.01.2022 12:50:12.417 GMT+0100,155.19299999999998,155.145,0.0169,0.0254
26.01.2022 12:50:15.205 GMT+0100,155.229,155.17700000000002,0.0169,0.0254
26.01.2022 12:50:15.584 GMT+0100,155.197,155.148,0.0169,0.0254
26.01.2022 12:50:17.677 GMT+0100,155.225,155.179,0.0169,0.0254
26.01.2022 12:50:25.394 GMT+0100,155.198,155.148,0.0169,0.0254
26.01.2022 12:50:27.763 GMT+0100,155.228,155.179,0.0169,0.0254
26.01.2022 12:50:27.870 GMT+0100,155.198,155.144,0.0169,0.0254
26.01.2022 12:50:55.828 GMT+0100,155.214,155.16299999999998,0.0169,0.0254
26.01.2022 12:50:55.935 GMT+0100,155.196,155.148,0.0169,0.0254
26.01.2022 12:51:28.253 GMT+0100,155.16,155.114,0.0169,0.0254
26.01.2022 12:54:57.109 GMT+0100,155.136,155.086,0.0169,0.0254
26.01.2022 12:54:57.252 GMT+0100,155.162,155.115,0.0169,0.0254
26.01.2022 12:55:59.627 GMT+0100,155.135,155.089,0.0169,0.0254
26.01.2022 12:56:08.062 GMT+0100,155.165,155.114,0.0169,0.0254
26.01.2022 12:58:00.525 GMT+0100,155.136,155.086,0.0169,0.0254
26.01.2022 12:58:03.198 GMT+0100,155.162,155.11700000000002,0.0169,0.0254
26.01.2022 12:58:11.983 GMT+0100,155.131,155.086,0.0169,0.0254
26.01.2022 12:58:12.367 GMT+0100,155.166,155.11700000000002,0.0169,0.0254
26.01.2022 12:58:12.820 GMT+0100,155.133,155.089,0.0169,0.0254
26.01.2022 12:59:25.912 GMT+0100,155.162,155.11700000000002,0.0169,0.0254
26.01.2022 12:59:26.849 GMT+0100,155.134,155.084,0.0169,0.0254
26.01.2022 13:00:28.845 GMT+0100,155.166,155.12,0.0169,0.0254
26.01.2022 13:00:52.409 GMT+0100,155.191,155.144,0.0169,0.0254
26.01.2022 13:01:49.216 GMT+0100,155.227,155.181,0.0169,0.0254
26.01.2022 13:01:49.981 GMT+0100,155.211,155.161,0.0169,0.0254
26.01.2022 13:01:50.273 GMT+0100,155.227,155.181,0.0169,0.0254
26.01.2022 13:01:53.403 GMT+0100,155.197,155.14600000000002,0.0169,0.0254
26.01.2022 13:02:03.670 GMT+0100,155.225,155.17700000000002,0.0169,0.0254
26.01.2022 13:02:16.630 GMT+0100,155.197,155.14600000000002,0.0169,0.0254
26.01.2022 13:02:16.949 GMT+0100,155.225,155.181,0.0169,0.0254
26.01.2022 13:02:40.437 GMT+0100,155.196,155.151,0.0169,0.0254
26.01.2022 13:03:43.176 GMT+0100,155.229,155.179,0.0169,0.0254
26.01.2022 13:04:46.228 GMT+0100,155.19299999999998,155.14700000000002,0.0169,0.0254
26.01.2022 13:04:57.833 GMT+0100,155.167,155.116,0.0169,0.0254
26.01.2022 13:04:59.810 GMT+0100,155.183,155.132,0.0169,0.0254
26.01.2022 13:05:01.082 GMT+0100,155.195,155.14700000000002,0.0169,0.0254
26.01.2022 13:05:24.601 GMT+0100,155.16299999999998,155.114,0.0169,0.0254
26.01.2022 13:05:52.556 GMT+0100,155.197,155.149,0.0169,0.0254
26.01.2022 13:05:52.835 GMT+0100,155.166,155.114,0.0169,0.0254
26.01.2022 13:07:51.975 GMT+0100,155.131,155.083,0.0169,0.0254
26.01.2022 13:07:54.109 GMT+0100,155.162,155.12,0.0169,0.0254
26.01.2022 13:08:26.213 GMT+0100,155.134,155.083,0.0169,0.0254
26.01.2022 13:08:26.337 GMT+0100,155.165,155.114,0.0169,0.0254
26.01.2022 13:09:52.044 GMT+0100,155.194,155.151,0.0169,0.0254
26.01.2022 13:10:11.132 GMT+0100,155.16,155.116,0.0169,0.0254
26.01.2022 13:10:59.602 GMT+0100,155.197,155.14700000000002,0.0169,0.0254
26.01.2022 13:11:00.156 GMT+0100,155.16299999999998,155.113,0.0169,0.0254
26.01.2022 13:13:00.675 GMT+0100,155.19299999999998,155.14700000000002,0.0169,0.0254
26.01.2022 13:13:01.024 GMT+0100,155.164,155.11700000000002,0.0169,0.0254
26.01.2022 13:13:01.298 GMT+0100,155.191,155.149,0.0169,0.0254
26.01.2022 13:13:05.174 GMT+0100,155.165,155.113,0.0169,0.0254
26.01.2022 13:13:05.915 GMT+0100,155.198,155.145,0.0169,0.0254
26.01.2022 13:13:17.801 GMT+0100,155.167,155.113,0.0169,0.0254
26.01.2022 13:14:38.272 GMT+0100,155.197,155.149,0.0169,0.0254
26.01.2022 13:14:39.710 GMT+0100,155.164,155.116,0.0169,0.0254
26.01.2022 13:14:43.219 GMT+0100,155.178,155.131,0.0169,0.0254
26.01.2022 13:14:43.435 GMT+0100,155.198,155.144,0.0169,0.0254
26.01.2022 13:14:51.008 GMT+0100,155.16299999999998,155.12,0.0169,0.0254
26.01.2022 13:15:22.284 GMT+0100,155.195,155.148,0.0169,0.0254
26.01.2022 13:15:35.281 GMT+0100,155.167,155.114,0.0169,0.0254
26.01.2022 13:15:38.158 GMT+0100,155.195,155.14600000000002,0.0169,0.0254
26.01.2022 13:15:41.222 GMT+0100,155.166,155.114,0.0169,0.0254
26.01.2022 13:18:30.080 GMT+0100,155.194,155.144,0.0169,0.0254
26.01.2022 13:18:30.263 GMT+0100,155.16,155.116,0.0169,0.0254
26.01.2022 13:18:50.311 GMT+0100,155.194,155.14600000000002,0.0169,0.0254
26.01.2022 13:21:41.408 GMT+0100,155.16,155.12,0.0169,0.0254
26.01.2022 13:22:58.312 GMT+0100,155.133,155.08200000000002,0.0169,0.0254
26.01.2022 13:23:41.383 GMT+0100,155.16299999999998,155.113,0.0169,0.0254
26.01.2022 13:23:41.595 GMT+0100,155.133,155.083,0.0169,0.0254
26.01.2022 13:23:45.472 GMT+0100,155.148,155.101,0.0169,0.0254
26.01.2022 13:23:46.196 GMT+0100,155.136,155.08700000000002,0.0169,0.0254
26.01.2022 13:29:07.779 GMT+0100,155.1,155.05100000000002,0.0169,0.0254
26.01.2022 13:29:32.020 GMT+0100,155.069,155.019,0.0169,0.0254
26.01.2022 13:29:32.824 GMT+0100,155.09799999999998,155.05100000000002,0.0169,0.0254
26.01.2022 13:29:40.382 GMT+0100,155.06799999999998,155.02,0.0169,0.0254
26.01.2022 13:29:40.625 GMT+0100,155.104,155.058,0.0169,0.0254
26.01.2022 13:30:25.935 GMT+0100,155.134,155.084,0.0169,0.0254
26.01.2022 13:32:25.259 GMT+0100,155.09799999999998,155.05100000000002,0.0169,0.0254
26.01.2022 13:32:25.419 GMT+0100,155.136,155.08700000000002,0.0169,0.0254
26.01.2022 13:32:25.798 GMT+0100,155.104,155.058,0.0169,0.0254
26.01.2022 13:32:26.068 GMT+0100,155.136,155.08200000000002,0.0169,0.0254
26.01.2022 13:33:04.444 GMT+0100,155.16,155.12,0.0169,0.0254
26.01.2022 13:34:52.446 GMT+0100,155.191,155.145,0.0169,0.0254
26.01.2022 13:34:55.787 GMT+0100,155.162,155.118,0.0169,0.0254
26.01.2022 13:35:05.183 GMT+0100,155.178,155.131,0.0169,0.0254
26.01.2022 13:35:05.319 GMT+0100,155.198,155.149,0.0169,0.0254
26.01.2022 13:35:09.234 GMT+0100,155.166,155.11700000000002,0.0169,0.0254
26.01.2022 13:35:41.555 GMT+0100,155.129,155.089,0.0169,0.0254
26.01.2022 13:37:59.565 GMT+0100,155.166,155.115,0.0169,0.0254
26.01.2022 13:38:03.290 GMT+0100,155.136,155.084,0.0169,0.0254
26.01.2022 13:38:04.093 GMT+0100,155.166,155.11700000000002,0.0169,0.0254
26.01.2022 13:38:28.147 GMT+0100,155.134,155.086,0.0169,0.0254
26.01.2022 13:40:42.817 GMT+0100,155.164,155.116,0.0169,0.0254
26.01.2022 13:40:49.766 GMT+0100,155.129,155.08700000000002,0.0169,0.0254
26.01.2022 13:40:58.141 GMT+0100,155.164,155.116,0.0169,0.0254
26.01.2022 13:41:06.941 GMT+0100,155.134,155.083,0.0169,0.0254
26.01.2022 13:41:17.984 GMT+0100,155.151,155.1,0.0169,0.0254
26.01.2022 13:41:18.187 GMT+0100,155.167,155.115,0.0169,0.0254
26.01.2022 13:41:58.315 GMT+0100,155.197,155.14700000000002,0.0169,0.0254
26.01.2022 13:44:37.945 GMT+0100,155.228,155.178,0.0169,0.0254
26.01.2022 13:44:41.328 GMT+0100,155.196,155.148,0.0169,0.0254
26.01.2022 13:44:44.220 GMT+0100,155.21200000000002,155.161,0.0169,0.0254
26.01.2022 13:44:44.474 GMT+0100,155.226,155.183,0.0169,0.0254
26.01.2022 13:44:50.343 GMT+0100,155.196,155.151,0.0169,0.0254
26.01.2022 13:46:20.775 GMT+0100,155.167,155.118,0.0169,0.0254
26.01.2022 13:48:15.223 GMT+0100,155.131,155.083,0.0169,0.0254
26.01.2022 13:48:15.451 GMT+0100,155.167,155.11700000000002,0.0169,0.0254
26.01.2022 13:48:15.729 GMT+0100,155.145,155.1,0.0169,0.0254
26.01.2022 13:48:16.344 GMT+0100,155.129,155.089,0.0169,0.0254
26.01.2022 13:48:16.482 GMT+0100,155.167,155.113,0.0169,0.0254
26.01.2022 13:48:16.902 GMT+0100,155.15200000000002,155.1,0.0169,0.0254
26.01.2022 13:48:17.718 GMT+0100,155.133,155.089,0.0169,0.0254
26.01.2022 13:48:32.079 GMT+0100,155.09799999999998,155.055,0.0169,0.0254
26.01.2022 13:48:42.257 GMT+0100,155.131,155.086,0.0169,0.0254
26.01.2022 13:48:42.396 GMT+0100,155.102,155.058,0.0169,0.0254
26.01.2022 13:48:44.158 GMT+0100,155.131,155.08700000000002,0.0169,0.0254
26.01.2022 13:51:26.394 GMT+0100,155.164,155.11700000000002,0.0169,0.0254
26.01.2022 13:51:31.003 GMT+0100,155.196,155.14700000000002,0.0169,0.0254
26.01.2022 13:51:31.154 GMT+0100,155.166,155.113,0.0169,0.0254
26.01.2022 13:52:33.861 GMT+0100,155.198,155.14700000000002,0.0169,0.0254
26.01.2022 13:52:34.202 GMT+0100,155.165,155.116,0.0169,0.0254
26.01.2022 13:52:35.070 GMT+0100,155.197,155.14600000000002,0.0169,0.0254
26.01.2022 13:52:35.350 GMT+0100,155.165,155.11700000000002,0.0169,0.0254
26.01.2022 13:52:41.814 GMT+0100,155.196,155.145,0.0169,0.0254
26.01.2022 13:52:53.871 GMT+0100,155.167,155.113,0.0169,0.0254
26.01.2022 13:52:54.305 GMT+0100,155.198,155.145,0.0169,0.0254
26.01.2022 13:52:55.222 GMT+0100,155.18200000000002,155.136,0.0169,0.0254
26.01.2022 13:52:56.010 GMT+0100,155.162,155.11700000000002,0.0169,0.0254
26.01.2022 13:52:56.161 GMT+0100,155.194,155.145,0.0169,0.0254
26.01.2022 13:53:52.195 GMT+0100,155.229,155.178,0.0169,0.0254
26.01.2022 13:54:03.602 GMT+0100,155.197,155.145,0.0169,0.0254
26.01.2022 13:54:03.804 GMT+0100,155.225,155.178,0.0169,0.0254
26.01.2022 13:54:38.563 GMT+0100,155.244,155.195,0.0169,0.0254
26.01.2022 13:54:38.842 GMT+0100,155.256,155.214,0.0169,0.0254
26.01.2022 13:54:39.059 GMT+0100,155.227,155.179,0.0169,0.0254
26.01.2022 13:54:41.640 GMT+0100,155.258,155.208,0.0169,0.0254
26.01.2022 13:54:41.813 GMT+0100,155.229,155.181,0.0169,0.0254
26.01.2022 13:54:43.077 GMT+0100,155.243,155.195,0.0169,0.0254
26.01.2022 13:54:43.514 GMT+0100,155.261,155.21,0.0169,0.0254
26.01.2022 13:55:06.437 GMT+0100,155.228,155.17700000000002,0.0169,0.0254
26.01.2022 13:55:09.748 GMT+0100,155.257,155.208,0.0169,0.0254
26.01.2022 13:55:10.022 GMT+0100,155.24,155.19299999999998,0.0169,0.0254
26.01.2022 13:55:10.582 GMT+0100,155.22299999999998,155.178,0.0169,0.0254
26.01.2022 13:55:58.359 GMT+0100,155.191,155.14600000000002,0.0169,0.0254
26.01.2022 13:55:58.629 GMT+0100,155.227,155.183,0.0169,0.0254
26.01.2022 13:55:59.942 GMT+0100,155.194,155.145,0.0169,0.0254
26.01.2022 13:56:01.967 GMT+0100,155.229,155.178,0.0169,0.0254
26.01.2022 13:56:16.738 GMT+0100,155.195,155.151,0.0169,0.0254
26.01.2022 13:56:16.841 GMT+0100,155.23,155.17600000000002,0.0169,0.0254
26.01.2022 13:56:16.989 GMT+0100,155.195,155.145,0.0169,0.0254
26.01.2022 13:56:17.647 GMT+0100,155.209,155.16299999999998,0.0169,0.0254
26.01.2022 13:56:17.887 GMT+0100,155.22299999999998,155.17700000000002,0.0169,0.0254
26.01.2022 13:56:18.097 GMT+0100,155.191,155.145,0.0169,0.0254
26.01.2022 13:56:18.204 GMT+0100,155.213,155.16299999999998,0.0169,0.0254
26.01.2022 13:56:18.762 GMT+0100,155.19299999999998,155.145,0.0169,0.0254
26.01.2022 13:56:20.681 GMT+0100,155.22299999999998,155.181,0.0169,0.0254
26.01.2022 13:57:52.859 GMT+0100,155.191,155.149,0.0169,0.0254
26.01.2022 13:57:53.041 GMT+0100,155.228,155.18,0.0169,0.0254
26.01.2022 13:59:14.166 GMT+0100,155.195,155.148,0.0169,0.0254
26.01.2022 13:59:14.325 GMT+0100,155.225,155.178,0.0169,0.0254
26.01.2022 14:00:01.356 GMT+0100,155.254,155.209,0.0169,0.0254
26.01.2022 14:00:02.901 GMT+0100,155.226,155.17700000000002,0.0169,0.0254
26.01.2022 14:00:05.629 GMT+0100,155.194,155.14600000000002,0.0169,0.0254
26.01.2022 14:00:08.133 GMT+0100,155.226,155.181,0.0169,0.0254
26.01.2022 14:00:13.498 GMT+0100,155.196,155.148,0.0169,0.0254
26.01.2022 14:00:26.156 GMT+0100,155.23,155.18,0.0169,0.0254
26.01.2022 14:00:26.376 GMT+0100,155.194,155.151,0.0169,0.0254
26.01.2022 14:00:28.379 GMT+0100,155.228,155.183,0.0169,0.0254
26.01.2022 14:00:30.061 GMT+0100,155.20700000000002,155.162,0.0169,0.0254
26.01.2022 14:00:30.362 GMT+0100,155.198,155.14700000000002,0.0169,0.0254
26.01.2022 14:00:32.242 GMT+0100,155.225,155.181,0.0169,0.0254
26.01.2022 14:00:33.575 GMT+0100,155.20700000000002,155.165,0.0169,0.0254
26.01.2022 14:00:33.702 GMT+0100,155.226,155.179,0.0169,0.0254
26.01.2022 14:00:33.906 GMT+0100,155.213,155.16299999999998,0.0169,0.0254
26.01.2022 14:00:35.874 GMT+0100,155.226,155.179,0.0169,0.0254
26.01.2022 14:00:40.088 GMT+0100,155.213,155.16299999999998,0.0169,0.0254
26.01.2022 14:00:45.815 GMT+0100,155.226,155.183,0.0169,0.0254
26.01.2022 14:00:52.720 GMT+0100,155.19299999999998,155.14700000000002,0.0169,0.0254
26.01.2022 14:00:54.918 GMT+0100,155.21200000000002,155.162,0.0169,0.0254
26.01.2022 14:00:55.025 GMT+0100,155.19299999999998,155.149,0.0169,0.0254
26.01.2022 14:00:57.031 GMT+0100,155.229,155.181,0.0169,0.0254
26.01.2022 14:00:57.341 GMT+0100,155.195,155.14600000000002,0.0169,0.0254
26.01.2022 14:01:32.119 GMT+0100,155.162,155.114,0.0169,0.0254
26.01.2022 14:02:03.900 GMT+0100,155.191,155.144,0.0169,0.0254
26.01.2022 14:03:16.487 GMT+0100,155.23,155.181,0.0169,0.0254
26.01.2022 14:03:16.626 GMT+0100,155.19299999999998,155.149,0.0169,0.0254
26.01.2022 14:03:23.309 GMT+0100,155.225,155.181,0.0169,0.0254
26.01.2022 14:04:15.611 GMT+0100,155.196,155.14600000000002,0.0169,0.0254
