Local time,Ask,Bid,AskVolume,BidVolume
15.12.2021 00:00:00.077 GMT+0100,162.167,162.115,0.0137,0.0163
15.12.2021 00:00:08.732 GMT+0100,162.198,162.148,0.0137,0.0163
15.12.2021 00:00:19.015 GMT+0100,162.22299999999998,162.179,0.0137,0.0163
15.12.2021 00:01:23.909 GMT+0100,162.194,162.145,0.0137,0.0163
15.12.2021 00:04:04.371 GMT+0100,162.194,162.144,0.0137,0.0163
15.12.2021 00:05:28.710 GMT+0100,162.195,162.151,0.0137,0.0163
15.12.2021 00:07:31.956 GMT+0100,162.198,162.144,0.0137,0.0163
15.12.2021 00:08:25.640 GMT+0100,162.214,162.165,0.0137,0.0163
15.12.2021 00:08:26.788 GMT+0100,162.194,162.14700000000002,0.0137,0.0163
15.12.2021 00:09:48.031 GMT+0100,162.214,162.162,0.0137,0.0163
15.12.2021 00:09:50.035 GMT+0100,162.228,162.17700000000002,0.0137,0.0163
15.12.2021 00:10:00.241 GMT+0100,162.21,162.167,0.0137,0.0163
15.12.2021 00:10:03.830 GMT+0100,162.195,162.148,0.0137,0.0163
15.12.2021 00:12:46.541 GMT+0100,162.191,162.144,0.0137,0.0163
15.12.2021 00:12:50.767 GMT+0100,162.225,162.18,0.0137,0.0163
15.12.2021 00:19:22.920 GMT+0100,162.227,162.181,0.0137,0.0163
15.12.2021 00:20:33.284 GMT+0100,162.229,162.179,0.0137,0.0163
15.12.2021 00:22:15.876 GMT+0100,162.229,162.18,0.0137,0.0163
15.12.2021 00:23:43.409 GMT+0100,162.20700000000002,162.165,0.0137,0.0163
15.12.2021 00:23:43.514 GMT+0100,162.228,162.181,0.0137,0.0163
15.12.2021 00:24:00.003 GMT+0100,162.24,162.191,0.0137,0.0163
15.12.2021 00:24:00.263 GMT+0100,162.254,162.21,0.0137,0.0163
15.12.2021 00:26:32.793 GMT+0100,162.29,162.24200000000002,0.0137,0.0163
15.12.2021 00:27:30.194 GMT+0100,162.256,162.214,0.0137,0.0163
15.12.2021 00:30:15.240 GMT+0100,162.285,162.238,0.0137,0.0163
15.12.2021 00:30:26.230 GMT+0100,162.256,162.21,0.0137,0.0163
15.12.2021 00:31:36.296 GMT+0100,162.227,162.181,0.0137,0.0163
15.12.2021 00:31:43.318 GMT+0100,162.213,162.162,0.0137,0.0163
15.12.2021 00:31:43.852 GMT+0100,162.194,162.14600000000002,0.0137,0.0163
15.12.2021 00:34:16.747 GMT+0100,162.196,162.148,0.0137,0.0163
15.12.2021 00:35:20.281 GMT+0100,162.16,162.113,0.0137,0.0163
15.12.2021 00:35:59.933 GMT+0100,162.198,162.14600000000002,0.0137,0.0163
15.12.2021 00:37:58.630 GMT+0100,162.225,162.183,0.0137,0.0163
15.12.2021 00:37:58.986 GMT+0100,162.196,162.14600000000002,0.0137,0.0163
15.12.2021 00:38:02.667 GMT+0100,162.211,162.165,0.0137,0.0163
15.12.2021 00:38:30.586 GMT+0100,162.197,162.14600000000002,0.0137,0.0163
15.12.2021 00:38:36.517 GMT+0100,162.211,162.16,0.0137,0.0163
15.12.2021 00:38:41.417 GMT+0100,162.227,162.17600000000002,0.0137,0.0163
15.12.2021 00:39:13.634 GMT+0100,162.195,162.14700000000002,0.0137,0.0163
15.12.2021 00:40:04.230 GMT+0100,162.227,162.17700000000002,0.0137,0.0163
15.12.2021 00:40:40.974 GMT+0100,162.191,162.144,0.0137,0.0163
15.12.2021 00:41:59.745 GMT+0100,162.195,162.144,0.0137,0.0163
15.12.2021 00:43:10.219 GMT+0100,162.179,162.136,0.0137,0.0163
15.12.2021 00:43:21.564 GMT+0100,162.167,162.12,0.0137,0.0163
15.12.2021 00:44:02.610 GMT+0100,162.181,162.129,0.0137,0.0163
15.12.2021 00:44:22.367 GMT+0100,162.167,162.116,0.0137,0.0163
15.12.2021 00:45:36.491 GMT+0100,162.195,162.145,0.0137,0.0163
15.12.2021 00:45:45.308 GMT+0100,162.178,162.136,0.0137,0.0163
15.12.2021 00:45:50.645 GMT+0100,162.194,162.14600000000002,0.0137,0.0163
15.12.2021 00:45:50.782 GMT+0100,162.165,162.114,0.0137,0.0163
15.12.2021 00:45:53.684 GMT+0100,162.17600000000002,162.131,0.0137,0.0163
15.12.2021 00:46:03.365 GMT+0100,162.198,162.151,0.0137,0.0163
15.12.2021 00:46:18.389 GMT+0100,162.16,162.116,0.0137,0.0163
15.12.2021 00:46:26.486 GMT+0100,162.196,162.14700000000002,0.0137,0.0163
15.12.2021 00:48:59.630 GMT+0100,162.195,162.145,0.0137,0.0163
15.12.2021 00:50:37.517 GMT+0100,162.196,162.14600000000002,0.0137,0.0163
15.12.2021 00:51:17.792 GMT+0100,162.16,162.12,0.0137,0.0163
15.12.2021 00:51:22.793 GMT+0100,162.15,162.105,0.0137,0.0163
15.12.2021 00:51:23.972 GMT+0100,162.134,162.084,0.0137,0.0163
15.12.2021 00:51:24.927 GMT+0100,162.149,162.105,0.0137,0.0163
15.12.2021 00:51:36.257 GMT+0100,162.132,162.086,0.0137,0.0163
15.12.2021 00:51:37.594 GMT+0100,162.166,162.115,0.0137,0.0163
15.12.2021 00:55:32.564 GMT+0100,162.133,162.08700000000002,0.0137,0.0163
15.12.2021 00:56:09.487 GMT+0100,162.15200000000002,162.105,0.0137,0.0163
15.12.2021 00:56:13.353 GMT+0100,162.129,162.089,0.0137,0.0163
15.12.2021 00:59:02.726 GMT+0100,162.134,162.089,0.0137,0.0163
15.12.2021 00:59:04.410 GMT+0100,162.165,162.114,0.0137,0.0163
15.12.2021 00:59:14.828 GMT+0100,162.134,162.085,0.0137,0.0163
15.12.2021 00:59:30.011 GMT+0100,162.14700000000002,162.102,0.0137,0.0163
15.12.2021 00:59:36.716 GMT+0100,162.129,162.08700000000002,0.0137,0.0163
15.12.2021 00:59:37.101 GMT+0100,162.16,162.114,0.0137,0.0163
15.12.2021 01:03:42.321 GMT+0100,162.181,162.136,0.0137,0.0163
15.12.2021 01:03:50.996 GMT+0100,162.197,162.145,0.0137,0.0163
15.12.2021 01:04:54.475 GMT+0100,162.17600000000002,162.129,0.0137,0.0163
15.12.2021 01:04:58.750 GMT+0100,162.165,162.115,0.0137,0.0163
15.12.2021 01:05:00.038 GMT+0100,162.179,162.132,0.0137,0.0163
15.12.2021 01:05:05.232 GMT+0100,162.166,162.116,0.0137,0.0163
15.12.2021 01:05:05.903 GMT+0100,162.197,162.144,0.0137,0.0163
15.12.2021 01:05:07.370 GMT+0100,162.179,162.133,0.0137,0.0163
15.12.2021 01:05:09.001 GMT+0100,162.195,162.151,0.0137,0.0163
15.12.2021 01:06:11.007 GMT+0100,162.195,162.151,0.0137,0.0163
15.12.2021 01:08:57.506 GMT+0100,162.181,162.129,0.0137,0.0163
15.12.2021 01:08:58.230 GMT+0100,162.197,162.149,0.0137,0.0163
15.12.2021 01:08:59.053 GMT+0100,162.183,162.131,0.0137,0.0163
15.12.2021 01:08:59.157 GMT+0100,162.16299999999998,162.11700000000002,0.0137,0.0163
15.12.2021 01:11:02.456 GMT+0100,162.16,162.12,0.0137,0.0163
15.12.2021 01:13:13.783 GMT+0100,162.196,162.14600000000002,0.0137,0.0163
15.12.2021 01:13:41.974 GMT+0100,162.183,162.134,0.0137,0.0163
15.12.2021 01:13:44.339 GMT+0100,162.164,162.114,0.0137,0.0163
15.12.2021 01:13:49.491 GMT+0100,162.17600000000002,162.136,0.0137,0.0163
15.12.2021 01:13:51.379 GMT+0100,162.16,162.114,0.0137,0.0163
15.12.2021 01:13:56.242 GMT+0100,162.195,162.149,0.0137,0.0163
15.12.2021 01:13:57.092 GMT+0100,162.178,162.134,0.0137,0.0163
15.12.2021 01:13:59.151 GMT+0100,162.166,162.116,0.0137,0.0163
15.12.2021 01:14:06.600 GMT+0100,162.197,162.144,0.0137,0.0163
15.12.2021 01:16:13.211 GMT+0100,162.178,162.131,0.0137,0.0163
15.12.2021 01:16:13.320 GMT+0100,162.167,162.12,0.0137,0.0163
15.12.2021 01:16:13.600 GMT+0100,162.197,162.145,0.0137,0.0163
15.12.2021 01:17:57.319 GMT+0100,162.19299999999998,162.14600000000002,0.0137,0.0163
15.12.2021 01:20:39.078 GMT+0100,162.191,162.148,0.0137,0.0163
15.12.2021 01:22:43.445 GMT+0100,162.198,162.148,0.0137,0.0163
15.12.2021 01:28:09.710 GMT+0100,162.19299999999998,162.149,0.0137,0.0163
15.12.2021 01:32:47.075 GMT+0100,162.228,162.18,0.0137,0.0163
15.12.2021 01:33:12.949 GMT+0100,162.21200000000002,162.165,0.0137,0.0163
15.12.2021 01:33:13.186 GMT+0100,162.229,162.18,0.0137,0.0163
15.12.2021 01:36:51.765 GMT+0100,162.194,162.144,0.0137,0.0163
15.12.2021 01:37:24.159 GMT+0100,162.23,162.183,0.0137,0.0163
15.12.2021 01:38:49.064 GMT+0100,162.195,162.144,0.0137,0.0163
15.12.2021 01:39:07.289 GMT+0100,162.226,162.183,0.0137,0.0163
15.12.2021 01:39:18.209 GMT+0100,162.191,162.148,0.0137,0.0163
15.12.2021 01:39:18.460 GMT+0100,162.225,162.178,0.0137,0.0163
15.12.2021 01:39:19.446 GMT+0100,162.191,162.145,0.0137,0.0163
15.12.2021 01:39:20.161 GMT+0100,162.21,162.16,0.0137,0.0163
15.12.2021 01:39:24.926 GMT+0100,162.198,162.14700000000002,0.0137,0.0163
15.12.2021 01:39:26.644 GMT+0100,162.226,162.179,0.0137,0.0163
15.12.2021 01:39:31.181 GMT+0100,162.209,162.16,0.0137,0.0163
15.12.2021 01:39:39.092 GMT+0100,162.228,162.18,0.0137,0.0163
15.12.2021 01:40:21.231 GMT+0100,162.21,162.165,0.0137,0.0163
15.12.2021 01:40:21.386 GMT+0100,162.196,162.14700000000002,0.0137,0.0163
15.12.2021 01:40:33.186 GMT+0100,162.209,162.162,0.0137,0.0163
15.12.2021 01:40:33.288 GMT+0100,162.228,162.18,0.0137,0.0163
15.12.2021 01:40:42.458 GMT+0100,162.211,162.164,0.0137,0.0163
15.12.2021 01:40:46.684 GMT+0100,162.19299999999998,162.14700000000002,0.0137,0.0163
15.12.2021 01:42:19.984 GMT+0100,162.195,162.144,0.0137,0.0163
15.12.2021 01:42:45.345 GMT+0100,162.227,162.179,0.0137,0.0163
15.12.2021 01:47:49.001 GMT+0100,162.254,162.214,0.0137,0.0163
15.12.2021 01:47:53.911 GMT+0100,162.244,162.19299999999998,0.0137,0.0163
15.12.2021 01:47:59.649 GMT+0100,162.227,162.18,0.0137,0.0163
15.12.2021 01:47:59.889 GMT+0100,162.24,162.191,0.0137,0.0163
15.12.2021 01:48:02.305 GMT+0100,162.258,162.21200000000002,0.0137,0.0163
15.12.2021 01:48:02.696 GMT+0100,162.228,162.17600000000002,0.0137,0.0163
15.12.2021 01:52:15.983 GMT+0100,162.196,162.145,0.0137,0.0163
15.12.2021 01:52:16.231 GMT+0100,162.227,162.181,0.0137,0.0163
15.12.2021 01:52:20.981 GMT+0100,162.191,162.151,0.0137,0.0163
15.12.2021 01:58:52.074 GMT+0100,162.229,162.18,0.0137,0.0163
15.12.2021 01:58:52.268 GMT+0100,162.191,162.148,0.0137,0.0163
15.12.2021 02:00:28.503 GMT+0100,162.225,162.18,0.0137,0.0163
15.12.2021 02:00:28.630 GMT+0100,162.213,162.16299999999998,0.0137,0.0163
15.12.2021 02:00:29.541 GMT+0100,162.196,162.149,0.0137,0.0163
15.12.2021 02:01:03.517 GMT+0100,162.226,162.179,0.0137,0.0163
15.12.2021 02:02:51.113 GMT+0100,162.23,162.18,0.0137,0.0163
15.12.2021 02:03:13.876 GMT+0100,162.256,162.21,0.0137,0.0163
15.12.2021 02:03:37.540 GMT+0100,162.229,162.17700000000002,0.0137,0.0163
15.12.2021 02:05:15.855 GMT+0100,162.198,162.149,0.0137,0.0163
15.12.2021 02:05:15.981 GMT+0100,162.23,162.181,0.0137,0.0163
15.12.2021 02:12:02.637 GMT+0100,162.257,162.214,0.0137,0.0163
15.12.2021 02:15:04.960 GMT+0100,162.256,162.211,0.0137,0.0163
15.12.2021 02:18:04.889 GMT+0100,162.274,162.23,0.0137,0.0163
15.12.2021 02:18:07.187 GMT+0100,162.26,162.21200000000002,0.0137,0.0163
15.12.2021 02:18:20.056 GMT+0100,162.27200000000002,162.22299999999998,0.0137,0.0163
15.12.2021 02:18:24.197 GMT+0100,162.29,162.239,0.0137,0.0163
15.12.2021 02:18:47.834 GMT+0100,162.261,162.20700000000002,0.0137,0.0163
15.12.2021 02:20:59.727 GMT+0100,162.23,162.179,0.0137,0.0163
15.12.2021 02:20:59.936 GMT+0100,162.243,162.195,0.0137,0.0163
15.12.2021 02:21:01.247 GMT+0100,162.227,162.181,0.0137,0.0163
15.12.2021 02:22:13.447 GMT+0100,162.26,162.214,0.0137,0.0163
15.12.2021 02:23:02.402 GMT+0100,162.23,162.183,0.0137,0.0163
15.12.2021 02:23:02.582 GMT+0100,162.259,162.208,0.0137,0.0163
15.12.2021 02:24:00.470 GMT+0100,162.291,162.241,0.0137,0.0163
15.12.2021 02:26:16.469 GMT+0100,162.316,162.273,0.0137,0.0163
15.12.2021 02:28:07.978 GMT+0100,162.292,162.24200000000002,0.0137,0.0163
15.12.2021 02:29:34.677 GMT+0100,162.323,162.274,0.0137,0.0163
15.12.2021 02:29:41.000 GMT+0100,162.28799999999998,162.24200000000002,0.0137,0.0163
15.12.2021 02:34:55.646 GMT+0100,162.32,162.276,0.0137,0.0163
15.12.2021 02:34:57.732 GMT+0100,162.287,162.238,0.0137,0.0163
15.12.2021 02:34:58.630 GMT+0100,162.321,162.276,0.0137,0.0163
15.12.2021 02:34:59.002 GMT+0100,162.287,162.245,0.0137,0.0163
15.12.2021 02:35:21.585 GMT+0100,162.316,162.27,0.0137,0.0163
15.12.2021 02:36:33.315 GMT+0100,162.287,162.24200000000002,0.0137,0.0163
15.12.2021 02:36:33.486 GMT+0100,162.304,162.259,0.0137,0.0163
15.12.2021 02:36:39.429 GMT+0100,162.29,162.245,0.0137,0.0163
15.12.2021 02:36:53.114 GMT+0100,162.30700000000002,162.256,0.0137,0.0163
15.12.2021 02:36:54.705 GMT+0100,162.289,162.241,0.0137,0.0163
15.12.2021 02:38:58.400 GMT+0100,162.322,162.27200000000002,0.0137,0.0163
15.12.2021 02:42:12.264 GMT+0100,162.28799999999998,162.24,0.0137,0.0163
15.12.2021 02:43:26.174 GMT+0100,162.322,162.269,0.0137,0.0163
15.12.2021 02:43:39.733 GMT+0100,162.289,162.24,0.0137,0.0163
15.12.2021 02:44:32.964 GMT+0100,162.306,162.256,0.0137,0.0163
15.12.2021 02:44:37.814 GMT+0100,162.323,162.27100000000002,0.0137,0.0163
15.12.2021 02:45:21.815 GMT+0100,162.303,162.259,0.0137,0.0163
15.12.2021 02:45:36.221 GMT+0100,162.287,162.24200000000002,0.0137,0.0163
15.12.2021 02:45:45.832 GMT+0100,162.31799999999998,162.269,0.0137,0.0163
15.12.2021 02:46:05.328 GMT+0100,162.285,162.24,0.0137,0.0163
15.12.2021 02:47:45.722 GMT+0100,162.319,162.27,0.0137,0.0163
15.12.2021 02:47:46.065 GMT+0100,162.285,162.245,0.0137,0.0163
15.12.2021 02:49:46.585 GMT+0100,162.31799999999998,162.276,0.0137,0.0163
15.12.2021 02:49:46.689 GMT+0100,162.289,162.24200000000002,0.0137,0.0163
15.12.2021 02:55:33.171 GMT+0100,162.257,162.21,0.0137,0.0163
15.12.2021 02:57:10.344 GMT+0100,162.23,162.18,0.0137,0.0163
15.12.2021 02:57:10.470 GMT+0100,162.241,162.194,0.0137,0.0163
15.12.2021 02:57:11.186 GMT+0100,162.228,162.18,0.0137,0.0163
15.12.2021 02:57:11.590 GMT+0100,162.238,162.191,0.0137,0.0163
15.12.2021 02:57:13.353 GMT+0100,162.227,162.18,0.0137,0.0163
15.12.2021 02:59:28.563 GMT+0100,162.26,162.209,0.0137,0.0163
15.12.2021 02:59:28.936 GMT+0100,162.24,162.198,0.0137,0.0163
15.12.2021 02:59:30.338 GMT+0100,162.225,162.17600000000002,0.0137,0.0163
15.12.2021 02:59:30.810 GMT+0100,162.243,162.194,0.0137,0.0163
15.12.2021 02:59:31.026 GMT+0100,162.229,162.181,0.0137,0.0163
15.12.2021 02:59:59.533 GMT+0100,162.257,162.21,0.0137,0.0163
15.12.2021 03:03:18.582 GMT+0100,162.227,162.178,0.0137,0.0163
15.12.2021 03:04:33.353 GMT+0100,162.214,162.162,0.0137,0.0163
15.12.2021 03:04:34.066 GMT+0100,162.225,162.181,0.0137,0.0163
15.12.2021 03:04:35.096 GMT+0100,162.20700000000002,162.161,0.0137,0.0163
15.12.2021 03:04:38.512 GMT+0100,162.229,162.181,0.0137,0.0163
15.12.2021 03:04:43.180 GMT+0100,162.213,162.165,0.0137,0.0163
15.12.2021 03:04:43.664 GMT+0100,162.23,162.179,0.0137,0.0163
15.12.2021 03:05:00.158 GMT+0100,162.194,162.144,0.0137,0.0163
15.12.2021 03:05:01.279 GMT+0100,162.214,162.165,0.0137,0.0163
15.12.2021 03:05:01.436 GMT+0100,162.225,162.181,0.0137,0.0163
15.12.2021 03:11:07.440 GMT+0100,162.197,162.144,0.0137,0.0163
15.12.2021 03:11:40.131 GMT+0100,162.229,162.183,0.0137,0.0163
15.12.2021 03:11:40.880 GMT+0100,162.209,162.16,0.0137,0.0163
15.12.2021 03:11:41.293 GMT+0100,162.23,162.178,0.0137,0.0163
15.12.2021 03:11:50.283 GMT+0100,162.191,162.149,0.0137,0.0163
15.12.2021 03:12:04.147 GMT+0100,162.23,162.178,0.0137,0.0163
15.12.2021 03:12:06.788 GMT+0100,162.19299999999998,162.14600000000002,0.0137,0.0163
15.12.2021 03:13:35.448 GMT+0100,162.197,162.14600000000002,0.0137,0.0163
15.12.2021 03:14:11.151 GMT+0100,162.21200000000002,162.164,0.0137,0.0163
15.12.2021 03:14:12.556 GMT+0100,162.22299999999998,162.181,0.0137,0.0163
15.12.2021 03:16:10.729 GMT+0100,162.191,162.145,0.0137,0.0163
15.12.2021 03:17:01.250 GMT+0100,162.229,162.179,0.0137,0.0163
15.12.2021 03:18:20.711 GMT+0100,162.259,162.21,0.0137,0.0163
15.12.2021 03:18:21.075 GMT+0100,162.23,162.181,0.0137,0.0163
15.12.2021 03:18:41.926 GMT+0100,162.256,162.21200000000002,0.0137,0.0163
15.12.2021 03:18:48.936 GMT+0100,162.227,162.181,0.0137,0.0163
15.12.2021 03:18:49.642 GMT+0100,162.254,162.214,0.0137,0.0163
15.12.2021 03:19:02.165 GMT+0100,162.241,162.196,0.0137,0.0163
15.12.2021 03:19:15.380 GMT+0100,162.226,162.17700000000002,0.0137,0.0163
15.12.2021 03:19:16.587 GMT+0100,162.257,162.211,0.0137,0.0163
15.12.2021 03:20:25.159 GMT+0100,162.258,162.208,0.0137,0.0163
15.12.2021 03:21:44.927 GMT+0100,162.238,162.191,0.0137,0.0163
15.12.2021 03:21:45.146 GMT+0100,162.225,162.178,0.0137,0.0163
15.12.2021 03:25:42.096 GMT+0100,162.257,162.21200000000002,0.0137,0.0163
15.12.2021 03:26:04.443 GMT+0100,162.292,162.24200000000002,0.0137,0.0163
15.12.2021 03:26:52.724 GMT+0100,162.257,162.209,0.0137,0.0163
15.12.2021 03:28:38.127 GMT+0100,162.287,162.239,0.0137,0.0163
15.12.2021 03:28:55.966 GMT+0100,162.27200000000002,162.23,0.0137,0.0163
15.12.2021 03:28:56.068 GMT+0100,162.259,162.21200000000002,0.0137,0.0163
15.12.2021 03:29:37.315 GMT+0100,162.287,162.243,0.0137,0.0163
15.12.2021 03:30:00.916 GMT+0100,162.261,162.21,0.0137,0.0163
15.12.2021 03:30:32.382 GMT+0100,162.289,162.245,0.0137,0.0163
15.12.2021 03:34:17.745 GMT+0100,162.256,162.21200000000002,0.0137,0.0163
15.12.2021 03:36:54.690 GMT+0100,162.285,162.245,0.0137,0.0163
15.12.2021 03:36:54.893 GMT+0100,162.27,162.225,0.0137,0.0163
15.12.2021 03:36:57.213 GMT+0100,162.261,162.209,0.0137,0.0163
15.12.2021 03:37:02.638 GMT+0100,162.27,162.224,0.0137,0.0163
15.12.2021 03:37:03.447 GMT+0100,162.261,162.209,0.0137,0.0163
15.12.2021 03:37:03.610 GMT+0100,162.27200000000002,162.228,0.0137,0.0163
15.12.2021 03:37:30.233 GMT+0100,162.261,162.214,0.0137,0.0163
15.12.2021 03:38:32.252 GMT+0100,162.27700000000002,162.224,0.0137,0.0163
15.12.2021 03:38:42.094 GMT+0100,162.259,162.208,0.0137,0.0163
15.12.2021 03:39:12.438 GMT+0100,162.28799999999998,162.24,0.0137,0.0163
15.12.2021 03:39:31.098 GMT+0100,162.27,162.23,0.0137,0.0163
15.12.2021 03:39:32.648 GMT+0100,162.254,162.208,0.0137,0.0163
15.12.2021 03:40:01.867 GMT+0100,162.285,162.239,0.0137,0.0163
15.12.2021 03:40:02.301 GMT+0100,162.27700000000002,162.226,0.0137,0.0163
15.12.2021 03:40:02.622 GMT+0100,162.259,162.209,0.0137,0.0163
15.12.2021 03:40:02.733 GMT+0100,162.27,162.226,0.0137,0.0163
15.12.2021 03:40:04.117 GMT+0100,162.261,162.21,0.0137,0.0163
15.12.2021 03:40:07.077 GMT+0100,162.29,162.241,0.0137,0.0163
15.12.2021 03:40:21.324 GMT+0100,162.256,162.214,0.0137,0.0163
15.12.2021 03:40:37.252 GMT+0100,162.27,162.226,0.0137,0.0163
15.12.2021 03:40:38.203 GMT+0100,162.259,162.214,0.0137,0.0163
15.12.2021 03:40:55.545 GMT+0100,162.275,162.226,0.0137,0.0163
15.12.2021 03:41:03.871 GMT+0100,162.254,162.20700000000002,0.0137,0.0163
15.12.2021 03:41:04.582 GMT+0100,162.29,162.243,0.0137,0.0163
15.12.2021 03:41:57.271 GMT+0100,162.258,162.214,0.0137,0.0163
15.12.2021 03:42:18.159 GMT+0100,162.289,162.241,0.0137,0.0163
15.12.2021 03:58:52.443 GMT+0100,162.256,162.214,0.0137,0.0163
15.12.2021 03:59:41.472 GMT+0100,162.291,162.238,0.0137,0.0163
15.12.2021 03:59:55.396 GMT+0100,162.254,162.21,0.0137,0.0163
15.12.2021 03:59:55.599 GMT+0100,162.28799999999998,162.238,0.0137,0.0163
15.12.2021 03:59:59.320 GMT+0100,162.254,162.209,0.0137,0.0163
15.12.2021 04:07:39.688 GMT+0100,162.259,162.20700000000002,0.0137,0.0163
15.12.2021 04:10:45.413 GMT+0100,162.229,162.18,0.0137,0.0163
15.12.2021 04:13:14.165 GMT+0100,162.258,162.20700000000002,0.0137,0.0163
15.12.2021 04:16:59.888 GMT+0100,162.257,162.208,0.0137,0.0163
15.12.2021 04:17:15.123 GMT+0100,162.289,162.24,0.0137,0.0163
15.12.2021 04:19:00.860 GMT+0100,162.257,162.21200000000002,0.0137,0.0163
15.12.2021 04:19:12.390 GMT+0100,162.292,162.24,0.0137,0.0163
15.12.2021 04:19:14.389 GMT+0100,162.275,162.23,0.0137,0.0163
15.12.2021 04:19:14.501 GMT+0100,162.259,162.211,0.0137,0.0163
15.12.2021 04:19:53.040 GMT+0100,162.273,162.226,0.0137,0.0163
15.12.2021 04:19:57.188 GMT+0100,162.258,162.211,0.0137,0.0163
15.12.2021 04:28:23.926 GMT+0100,162.229,162.181,0.0137,0.0163
15.12.2021 04:28:31.388 GMT+0100,162.254,162.21,0.0137,0.0163
15.12.2021 04:35:34.951 GMT+0100,162.225,162.18,0.0137,0.0163
15.12.2021 04:37:00.386 GMT+0100,162.226,162.17700000000002,0.0137,0.0163
15.12.2021 04:38:50.806 GMT+0100,162.229,162.17700000000002,0.0137,0.0163
15.12.2021 04:41:09.188 GMT+0100,162.229,162.178,0.0137,0.0163
15.12.2021 04:41:35.702 GMT+0100,162.238,162.194,0.0137,0.0163
15.12.2021 04:41:36.159 GMT+0100,162.225,162.17700000000002,0.0137,0.0163
15.12.2021 04:43:50.952 GMT+0100,162.228,162.17600000000002,0.0137,0.0163
15.12.2021 04:49:03.559 GMT+0100,162.196,162.148,0.0137,0.0163
15.12.2021 04:51:19.719 GMT+0100,162.166,162.114,0.0137,0.0163
15.12.2021 04:51:27.156 GMT+0100,162.194,162.14600000000002,0.0137,0.0163
15.12.2021 04:52:19.929 GMT+0100,162.166,162.116,0.0137,0.0163
15.12.2021 04:57:33.594 GMT+0100,162.16,162.11700000000002,0.0137,0.0163
15.12.2021 05:01:31.005 GMT+0100,162.167,162.11700000000002,0.0137,0.0163
15.12.2021 05:05:32.715 GMT+0100,162.164,162.118,0.0137,0.0163
15.12.2021 05:09:27.927 GMT+0100,162.164,162.118,0.0137,0.0163
15.12.2021 05:10:29.859 GMT+0100,162.16,162.114,0.0137,0.0163
15.12.2021 05:14:07.958 GMT+0100,162.164,162.11700000000002,0.0137,0.0163
15.12.2021 05:15:02.965 GMT+0100,162.197,162.149,0.0137,0.0163
15.12.2021 05:18:34.032 GMT+0100,162.23,162.183,0.0137,0.0163
15.12.2021 05:25:02.501 GMT+0100,162.23,162.17700000000002,0.0137,0.0163
15.12.2021 05:29:08.091 GMT+0100,162.228,162.17600000000002,0.0137,0.0163
15.12.2021 05:30:14.873 GMT+0100,162.225,162.183,0.0137,0.0163
15.12.2021 05:31:36.363 GMT+0100,162.259,162.214,0.0137,0.0163
15.12.2021 05:32:52.995 GMT+0100,162.227,162.178,0.0137,0.0163
15.12.2021 05:34:57.756 GMT+0100,162.229,162.181,0.0137,0.0163
15.12.2021 05:35:32.255 GMT+0100,162.256,162.20700000000002,0.0137,0.0163
15.12.2021 05:42:32.277 GMT+0100,162.26,162.214,0.0137,0.0163
15.12.2021 05:44:43.906 GMT+0100,162.26,162.214,0.0137,0.0163
15.12.2021 05:45:59.275 GMT+0100,162.258,162.209,0.0137,0.0163
15.12.2021 05:48:56.665 GMT+0100,162.256,162.209,0.0137,0.0163
15.12.2021 05:49:02.826 GMT+0100,162.228,162.18,0.0137,0.0163
15.12.2021 05:49:03.100 GMT+0100,162.256,162.209,0.0137,0.0163
15.12.2021 05:49:27.246 GMT+0100,162.226,162.181,0.0137,0.0163
15.12.2021 05:49:27.526 GMT+0100,162.26,162.211,0.0137,0.0163
15.12.2021 05:59:39.819 GMT+0100,162.22299999999998,162.17700000000002,0.0137,0.0163
15.12.2021 05:59:39.920 GMT+0100,162.26,162.209,0.0137,0.0163
15.12.2021 05:59:40.836 GMT+0100,162.243,162.196,0.0137,0.0163
15.12.2021 05:59:41.902 GMT+0100,162.225,162.178,0.0137,0.0163
15.12.2021 05:59:42.016 GMT+0100,162.245,162.19299999999998,0.0137,0.0163
15.12.2021 05:59:43.830 GMT+0100,162.227,162.18,0.0137,0.0163
15.12.2021 06:00:03.249 GMT+0100,162.261,162.20700000000002,0.0137,0.0163
15.12.2021 06:03:20.907 GMT+0100,162.257,162.211,0.0137,0.0163
15.12.2021 06:05:50.772 GMT+0100,162.257,162.208,0.0137,0.0163
15.12.2021 06:09:05.488 GMT+0100,162.26,162.21,0.0137,0.0163
15.12.2021 06:09:55.361 GMT+0100,162.287,162.24,0.0137,0.0163
15.12.2021 06:10:59.633 GMT+0100,162.256,162.209,0.0137,0.0163
15.12.2021 06:11:14.059 GMT+0100,162.291,162.245,0.0137,0.0163
15.12.2021 06:15:10.118 GMT+0100,162.285,162.243,0.0137,0.0163
15.12.2021 06:16:16.196 GMT+0100,162.308,162.257,0.0137,0.0163
15.12.2021 06:16:16.476 GMT+0100,162.32,162.27200000000002,0.0137,0.0163
15.12.2021 06:19:07.557 GMT+0100,162.316,162.27,0.0137,0.0163
15.12.2021 06:24:00.258 GMT+0100,162.316,162.27,0.0137,0.0163
15.12.2021 06:26:47.965 GMT+0100,162.29,162.239,0.0137,0.0163
15.12.2021 06:27:37.220 GMT+0100,162.321,162.27,0.0137,0.0163
15.12.2021 06:27:38.918 GMT+0100,162.30100000000002,162.256,0.0137,0.0163
15.12.2021 06:27:40.753 GMT+0100,162.322,162.273,0.0137,0.0163
15.12.2021 06:27:58.769 GMT+0100,162.305,162.259,0.0137,0.0163
15.12.2021 06:27:59.170 GMT+0100,162.29,162.24,0.0137,0.0163
15.12.2021 06:28:29.079 GMT+0100,162.319,162.269,0.0137,0.0163
15.12.2021 06:28:31.767 GMT+0100,162.291,162.243,0.0137,0.0163
15.12.2021 06:29:08.853 GMT+0100,162.31799999999998,162.27200000000002,0.0137,0.0163
15.12.2021 06:30:26.815 GMT+0100,162.354,162.308,0.0137,0.0163
15.12.2021 06:31:01.985 GMT+0100,162.31799999999998,162.273,0.0137,0.0163
15.12.2021 06:32:20.527 GMT+0100,162.319,162.276,0.0137,0.0163
15.12.2021 06:35:02.258 GMT+0100,162.322,162.27200000000002,0.0137,0.0163
15.12.2021 06:39:34.493 GMT+0100,162.285,162.24200000000002,0.0137,0.0163
15.12.2021 06:39:34.632 GMT+0100,162.321,162.273,0.0137,0.0163
15.12.2021 06:40:17.178 GMT+0100,162.292,162.243,0.0137,0.0163
15.12.2021 06:43:02.634 GMT+0100,162.323,162.274,0.0137,0.0163
15.12.2021 06:47:32.753 GMT+0100,162.34799999999998,162.30200000000002,0.0137,0.0163
15.12.2021 06:47:32.866 GMT+0100,162.316,162.273,0.0137,0.0163
15.12.2021 06:47:40.868 GMT+0100,162.336,162.28799999999998,0.0137,0.0163
15.12.2021 06:47:47.830 GMT+0100,162.323,162.27100000000002,0.0137,0.0163
15.12.2021 06:49:22.275 GMT+0100,162.338,162.292,0.0137,0.0163
15.12.2021 06:49:29.589 GMT+0100,162.323,162.269,0.0137,0.0163
15.12.2021 06:50:41.809 GMT+0100,162.351,162.303,0.0137,0.0163
15.12.2021 06:50:58.818 GMT+0100,162.319,162.276,0.0137,0.0163
15.12.2021 06:51:29.805 GMT+0100,162.354,162.306,0.0137,0.0163
15.12.2021 06:52:14.895 GMT+0100,162.321,162.274,0.0137,0.0163
15.12.2021 06:52:56.093 GMT+0100,162.351,162.308,0.0137,0.0163
15.12.2021 06:53:25.549 GMT+0100,162.339,162.28799999999998,0.0137,0.0163
15.12.2021 06:53:25.755 GMT+0100,162.321,162.27,0.0137,0.0163
15.12.2021 06:53:31.601 GMT+0100,162.336,162.28799999999998,0.0137,0.0163
15.12.2021 06:53:47.229 GMT+0100,162.355,162.30100000000002,0.0137,0.0163
15.12.2021 06:53:58.935 GMT+0100,162.33700000000002,162.285,0.0137,0.0163
15.12.2021 06:54:45.404 GMT+0100,162.31799999999998,162.273,0.0137,0.0163
15.12.2021 06:54:45.608 GMT+0100,162.34799999999998,162.303,0.0137,0.0163
15.12.2021 06:54:57.246 GMT+0100,162.316,162.27,0.0137,0.0163
15.12.2021 06:54:57.478 GMT+0100,162.336,162.29,0.0137,0.0163
15.12.2021 06:54:57.585 GMT+0100,162.322,162.27,0.0137,0.0163
15.12.2021 06:54:58.643 GMT+0100,162.35,162.308,0.0137,0.0163
15.12.2021 06:54:58.917 GMT+0100,162.33200000000002,162.28799999999998,0.0137,0.0163
15.12.2021 06:55:17.470 GMT+0100,162.354,162.30100000000002,0.0137,0.0163
15.12.2021 06:57:43.595 GMT+0100,162.355,162.30100000000002,0.0137,0.0163
15.12.2021 06:59:49.837 GMT+0100,162.319,162.27,0.0137,0.0163
15.12.2021 06:59:51.047 GMT+0100,162.353,162.306,0.0137,0.0163
15.12.2021 07:01:20.606 GMT+0100,162.316,162.27100000000002,0.0137,0.0163
15.12.2021 07:02:21.639 GMT+0100,162.29,162.241,0.0137,0.0163
15.12.2021 07:04:27.376 GMT+0100,162.308,162.255,0.0137,0.0163
15.12.2021 07:04:28.476 GMT+0100,162.321,162.27100000000002,0.0137,0.0163
15.12.2021 07:06:31.578 GMT+0100,162.316,162.273,0.0137,0.0163
15.12.2021 07:14:17.867 GMT+0100,162.316,162.27200000000002,0.0137,0.0163
15.12.2021 07:16:01.477 GMT+0100,162.323,162.27100000000002,0.0137,0.0163
15.12.2021 07:19:47.968 GMT+0100,162.323,162.273,0.0137,0.0163
15.12.2021 07:22:01.530 GMT+0100,162.32,162.269,0.0137,0.0163
15.12.2021 07:31:54.528 GMT+0100,162.316,162.274,0.0137,0.0163
15.12.2021 07:34:59.234 GMT+0100,162.354,162.303,0.0137,0.0163
15.12.2021 07:35:07.521 GMT+0100,162.32,162.27,0.0137,0.0163
15.12.2021 07:40:45.762 GMT+0100,162.292,162.238,0.0137,0.0163
15.12.2021 07:42:15.867 GMT+0100,162.291,162.245,0.0137,0.0163
15.12.2021 07:44:23.810 GMT+0100,162.287,162.24,0.0137,0.0163
15.12.2021 07:44:39.842 GMT+0100,162.32,162.27200000000002,0.0137,0.0163
15.12.2021 07:44:55.794 GMT+0100,162.285,162.243,0.0137,0.0163
15.12.2021 07:44:56.074 GMT+0100,162.304,162.257,0.0137,0.0163
15.12.2021 07:44:56.238 GMT+0100,162.323,162.269,0.0137,0.0163
15.12.2021 07:44:56.379 GMT+0100,162.30700000000002,162.258,0.0137,0.0163
15.12.2021 07:45:05.159 GMT+0100,162.29,162.24200000000002,0.0137,0.0163
15.12.2021 07:45:05.270 GMT+0100,162.316,162.273,0.0137,0.0163
15.12.2021 07:45:21.540 GMT+0100,162.30100000000002,162.261,0.0137,0.0163
15.12.2021 07:45:37.816 GMT+0100,162.32,162.273,0.0137,0.0163
15.12.2021 07:46:39.714 GMT+0100,162.30100000000002,162.257,0.0137,0.0163
15.12.2021 07:47:00.578 GMT+0100,162.29,162.245,0.0137,0.0163
15.12.2021 07:47:37.883 GMT+0100,162.323,162.27,0.0137,0.0163
15.12.2021 07:52:19.036 GMT+0100,162.32,162.273,0.0137,0.0163
15.12.2021 07:53:02.131 GMT+0100,162.34799999999998,162.303,0.0137,0.0163
15.12.2021 07:57:04.600 GMT+0100,162.385,162.335,0.0137,0.0163
15.12.2021 07:57:07.693 GMT+0100,162.365,162.316,0.0137,0.0163
15.12.2021 07:57:16.599 GMT+0100,162.386,162.33200000000002,0.0137,0.0163
15.12.2021 07:57:29.281 GMT+0100,162.37,162.316,0.0137,0.0163
15.12.2021 07:57:30.898 GMT+0100,162.384,162.336,0.0137,0.0163
15.12.2021 07:58:13.717 GMT+0100,162.354,162.303,0.0137,0.0163
15.12.2021 07:58:14.186 GMT+0100,162.369,162.316,0.0137,0.0163
15.12.2021 07:58:14.439 GMT+0100,162.352,162.308,0.0137,0.0163
15.12.2021 08:00:05.475 GMT+0100,162.321,162.276,0.0137,0.0163
15.12.2021 08:00:05.608 GMT+0100,162.352,162.306,0.0137,0.0163
15.12.2021 08:00:13.027 GMT+0100,162.322,162.269,0.0137,0.0163
15.12.2021 08:00:15.555 GMT+0100,162.354,162.306,0.0137,0.0163
15.12.2021 08:01:01.557 GMT+0100,162.386,162.33200000000002,0.0137,0.0163
15.12.2021 08:01:12.955 GMT+0100,162.412,162.363,0.0137,0.0163
15.12.2021 08:01:14.083 GMT+0100,162.383,162.33200000000002,0.0137,0.0163
15.12.2021 08:01:31.268 GMT+0100,162.41,162.36700000000002,0.0137,0.0163
15.12.2021 08:01:40.236 GMT+0100,162.379,162.333,0.0137,0.0163
15.12.2021 08:02:02.504 GMT+0100,162.412,162.364,0.0137,0.0163
15.12.2021 08:02:13.600 GMT+0100,162.386,162.333,0.0137,0.0163
15.12.2021 08:02:22.958 GMT+0100,162.412,162.366,0.0137,0.0163
15.12.2021 08:02:26.574 GMT+0100,162.382,162.336,0.0137,0.0163
15.12.2021 08:03:09.537 GMT+0100,162.412,162.37,0.0137,0.0163
15.12.2021 08:04:04.033 GMT+0100,162.445,162.394,0.0137,0.0163
15.12.2021 08:04:42.118 GMT+0100,162.42600000000002,162.379,0.0137,0.0163
15.12.2021 08:04:43.136 GMT+0100,162.447,162.399,0.0137,0.0163
15.12.2021 08:04:45.777 GMT+0100,162.41,162.365,0.0137,0.0163
15.12.2021 08:04:45.880 GMT+0100,162.448,162.398,0.0137,0.0163
15.12.2021 08:04:48.850 GMT+0100,162.43200000000002,162.381,0.0137,0.0163
15.12.2021 08:04:48.953 GMT+0100,162.417,162.365,0.0137,0.0163
15.12.2021 08:04:49.682 GMT+0100,162.441,162.39700000000002,0.0137,0.0163
15.12.2021 08:05:06.726 GMT+0100,162.471,162.429,0,0.0163
15.12.2021 08:05:11.176 GMT+0100,162.444,162.39600000000002,0.0137,0.0163
15.12.2021 08:07:22.800 GMT+0100,162.416,162.368,0.0137,0.0163
15.12.2021 08:07:28.780 GMT+0100,162.446,162.399,0.0137,0.0163
15.12.2021 08:07:29.509 GMT+0100,162.431,162.38,0.0137,0.0163
15.12.2021 08:07:32.205 GMT+0100,162.416,162.366,0.0137,0.0163
15.12.2021 08:07:32.966 GMT+0100,162.448,162.398,0.0137,0.0163
15.12.2021 08:07:33.324 GMT+0100,162.43200000000002,162.379,0.0137,0.0163
15.12.2021 08:07:33.487 GMT+0100,162.447,162.398,0.0137,0.0163
15.12.2021 08:08:37.129 GMT+0100,162.471,162.433,0,0.0163
15.12.2021 08:08:37.180 GMT+0100,162.448,162.401,0.0137,0.0163
15.12.2021 08:08:37.673 GMT+0100,162.471,162.429,0,0.0163
15.12.2021 08:08:38.525 GMT+0100,162.441,162.394,0.0137,0.0163
15.12.2021 08:08:38.869 GMT+0100,162.461,162.41,0.0137,0.0163
15.12.2021 08:08:38.999 GMT+0100,162.441,162.394,0.0137,0.0163
15.12.2021 08:12:43.678 GMT+0100,162.416,162.366,0.0137,0.0163
15.12.2021 08:13:19.408 GMT+0100,162.448,162.398,0.0137,0.0163
15.12.2021 08:13:19.610 GMT+0100,162.41299999999998,162.36700000000002,0.0137,0.0163
15.12.2021 08:14:33.105 GMT+0100,162.446,162.39600000000002,0.0137,0.0163
15.12.2021 08:14:36.186 GMT+0100,162.416,162.363,0.0137,0.0163
15.12.2021 08:14:40.310 GMT+0100,162.445,162.401,0.0137,0.0163
15.12.2021 08:14:40.427 GMT+0100,162.415,162.365,0.0137,0.0163
15.12.2021 08:14:58.057 GMT+0100,162.441,162.398,0.0137,0.0163
15.12.2021 08:15:16.233 GMT+0100,162.414,162.366,0.0137,0.0163
15.12.2021 08:15:39.310 GMT+0100,162.448,162.39700000000002,0.0137,0.0163
15.12.2021 08:17:47.481 GMT+0100,162.471,162.431,0,0.0163
15.12.2021 08:17:47.567 GMT+0100,162.445,162.401,0.0137,0.0163
15.12.2021 08:19:37.927 GMT+0100,162.415,162.365,0.0137,0.0163
15.12.2021 08:19:38.112 GMT+0100,162.44299999999998,162.39600000000002,0.0137,0.0163
15.12.2021 08:21:27.680 GMT+0100,162.415,162.368,0.0137,0.0163
15.12.2021 08:21:30.220 GMT+0100,162.441,162.39700000000002,0.0137,0.0163
15.12.2021 08:21:34.731 GMT+0100,162.415,162.364,0.0137,0.0163
15.12.2021 08:22:33.217 GMT+0100,162.445,162.39700000000002,0.0137,0.0163
15.12.2021 08:23:42.440 GMT+0100,162.41,162.366,0.0137,0.0163
15.12.2021 08:23:42.686 GMT+0100,162.428,162.386,0.0137,0.0163
15.12.2021 08:23:42.938 GMT+0100,162.446,162.395,0.0137,0.0163
15.12.2021 08:24:31.900 GMT+0100,162.416,162.365,0.0137,0.0163
15.12.2021 08:27:08.655 GMT+0100,162.44299999999998,162.398,0.0137,0.0163
15.12.2021 08:27:55.040 GMT+0100,162.417,162.36700000000002,0.0137,0.0163
15.12.2021 08:27:58.078 GMT+0100,162.448,162.398,0.0137,0.0163
15.12.2021 08:30:53.868 GMT+0100,162.417,162.364,0.0137,0.0163
15.12.2021 08:30:53.991 GMT+0100,162.44299999999998,162.398,0.0137,0.0163
15.12.2021 08:36:44.338 GMT+0100,162.415,162.36700000000002,0.0137,0.0163
15.12.2021 08:38:07.113 GMT+0100,162.384,162.33700000000002,0.0137,0.0163
15.12.2021 08:38:08.220 GMT+0100,162.415,162.363,0.0137,0.0163
15.12.2021 08:38:08.462 GMT+0100,162.382,162.336,0.0137,0.0163
15.12.2021 08:38:51.230 GMT+0100,162.41299999999998,162.368,0.0137,0.0163
15.12.2021 08:38:52.383 GMT+0100,162.383,162.339,0.0137,0.0163
15.12.2021 08:39:18.320 GMT+0100,162.41299999999998,162.366,0.0137,0.0163
15.12.2021 08:39:18.449 GMT+0100,162.379,162.339,0.0137,0.0163
15.12.2021 08:39:36.736 GMT+0100,162.412,162.364,0.0137,0.0163
15.12.2021 08:39:37.028 GMT+0100,162.384,162.33700000000002,0.0137,0.0163
15.12.2021 08:39:37.300 GMT+0100,162.415,162.365,0.0137,0.0163
15.12.2021 08:41:58.685 GMT+0100,162.385,162.336,0.0137,0.0163
15.12.2021 08:42:49.359 GMT+0100,162.412,162.365,0.0137,0.0163
15.12.2021 08:42:49.462 GMT+0100,162.379,162.33700000000002,0.0137,0.0163
15.12.2021 08:45:31.751 GMT+0100,162.416,162.37,0.0137,0.0163
15.12.2021 08:46:06.810 GMT+0100,162.382,162.33200000000002,0.0137,0.0163
15.12.2021 08:46:53.050 GMT+0100,162.401,162.349,0.0137,0.0163
15.12.2021 08:46:55.348 GMT+0100,162.412,162.37,0.0137,0.0163
15.12.2021 08:46:55.990 GMT+0100,162.386,162.334,0.0137,0.0163
15.12.2021 08:46:56.231 GMT+0100,162.41,162.368,0.0137,0.0163
15.12.2021 08:46:56.702 GMT+0100,162.384,162.334,0.0137,0.0163
15.12.2021 08:49:36.143 GMT+0100,162.352,162.306,0.0137,0.0163
15.12.2021 08:49:51.079 GMT+0100,162.339,162.292,0.0137,0.0163
15.12.2021 08:49:51.410 GMT+0100,162.34799999999998,162.30200000000002,0.0137,0.0163
15.12.2021 08:50:10.592 GMT+0100,162.319,162.27,0.0137,0.0163
15.12.2021 08:50:10.829 GMT+0100,162.34799999999998,162.303,0.0137,0.0163
15.12.2021 08:50:26.858 GMT+0100,162.322,162.273,0.0137,0.0163
15.12.2021 08:50:29.911 GMT+0100,162.354,162.308,0.0137,0.0163
15.12.2021 08:53:06.862 GMT+0100,162.382,162.33700000000002,0.0137,0.0163
15.12.2021 08:53:17.051 GMT+0100,162.355,162.30200000000002,0.0137,0.0163
15.12.2021 08:54:30.519 GMT+0100,162.386,162.33200000000002,0.0137,0.0163
15.12.2021 08:54:50.612 GMT+0100,162.355,162.306,0.0137,0.0163
15.12.2021 08:54:59.116 GMT+0100,162.385,162.33200000000002,0.0137,0.0163
15.12.2021 08:55:00.198 GMT+0100,162.34799999999998,162.308,0.0137,0.0163
15.12.2021 08:55:01.210 GMT+0100,162.386,162.339,0.0137,0.0163
15.12.2021 08:55:04.742 GMT+0100,162.34799999999998,162.308,0.0137,0.0163
15.12.2021 08:55:07.063 GMT+0100,162.385,162.336,0.0138,0.0162
15.12.2021 08:55:10.984 GMT+0100,162.34799999999998,162.308,0.0138,0.0162
15.12.2021 08:55:12.456 GMT+0100,162.385,162.33200000000002,0.0138,0.0162
15.12.2021 08:55:14.936 GMT+0100,162.369,162.319,0.0138,0.0162
15.12.2021 08:55:15.216 GMT+0100,162.352,162.30100000000002,0.0138,0.0162
15.12.2021 08:55:30.290 GMT+0100,162.384,162.312,0.0138,0.0162
15.12.2021 08:55:35.248 GMT+0100,162.351,162.305,0.0138,0.0162
15.12.2021 08:56:12.932 GMT+0100,162.384,162.335,0.0138,0.0162
15.12.2021 08:56:13.033 GMT+0100,162.351,162.305,0.0138,0.0162
15.12.2021 08:58:21.946 GMT+0100,162.386,162.336,0.0138,0.0162
15.12.2021 08:58:22.107 GMT+0100,162.355,162.303,0.0138,0.0162
15.12.2021 08:58:22.382 GMT+0100,162.386,162.333,0.0138,0.0162
15.12.2021 08:59:02.507 GMT+0100,162.351,162.305,0.0138,0.0162
15.12.2021 08:59:19.553 GMT+0100,162.382,162.334,0.0138,0.0162
15.12.2021 08:59:40.109 GMT+0100,162.355,162.308,0.0138,0.0162
15.12.2021 09:00:00.962 GMT+0100,162.322,162.276,0.0138,0.0162
15.12.2021 09:00:01.087 GMT+0100,162.351,162.308,0.0138,0.0162
15.12.2021 09:00:01.270 GMT+0100,162.323,162.27200000000002,0.0138,0.0162
15.12.2021 09:00:10.383 GMT+0100,162.29,162.241,0.0138,0.0162
15.12.2021 09:00:10.569 GMT+0100,162.32,162.276,0.0138,0.0162
15.12.2021 09:00:12.863 GMT+0100,162.291,162.238,0.0138,0.0162
15.12.2021 09:00:15.230 GMT+0100,162.323,162.274,0.0138,0.0162
15.12.2021 09:00:22.052 GMT+0100,162.285,162.239,0.0138,0.0162
15.12.2021 09:00:22.216 GMT+0100,162.323,162.27,0.0138,0.0162
15.12.2021 09:00:38.448 GMT+0100,162.351,162.305,0.0138,0.0162
15.12.2021 09:00:43.317 GMT+0100,162.316,162.269,0.0138,0.0162
15.12.2021 09:00:46.889 GMT+0100,162.352,162.304,0.0138,0.0162
15.12.2021 09:00:46.990 GMT+0100,162.321,162.269,0.0138,0.0162
15.12.2021 09:00:53.644 GMT+0100,162.352,162.30100000000002,0.0138,0.0162
15.12.2021 09:00:54.171 GMT+0100,162.323,162.269,0.0138,0.0162
15.12.2021 09:00:55.043 GMT+0100,162.35,162.308,0.0138,0.0162
15.12.2021 09:00:55.601 GMT+0100,162.321,162.269,0.0138,0.0162
15.12.2021 09:00:55.767 GMT+0100,162.351,162.308,0.0138,0.0162
15.12.2021 09:01:00.033 GMT+0100,162.316,162.27,0.0138,0.0162
15.12.2021 09:01:00.175 GMT+0100,162.351,162.303,0.0138,0.0162
15.12.2021 09:01:00.943 GMT+0100,162.31799999999998,162.269,0.0138,0.0162
15.12.2021 09:01:01.817 GMT+0100,162.34799999999998,162.30100000000002,0.0138,0.0162
15.12.2021 09:01:02.433 GMT+0100,162.322,162.27100000000002,0.0138,0.0162
15.12.2021 09:01:02.534 GMT+0100,162.353,162.303,0.0138,0.0162
15.12.2021 09:01:02.732 GMT+0100,162.335,162.29,0.0138,0.0162
15.12.2021 09:01:03.047 GMT+0100,162.323,162.27,0.0138,0.0162
15.12.2021 09:01:03.169 GMT+0100,162.34799999999998,162.304,0.0138,0.0162
15.12.2021 09:01:03.443 GMT+0100,162.322,162.276,0.0138,0.0162
15.12.2021 09:01:04.828 GMT+0100,162.353,162.305,0.0138,0.0162
15.12.2021 09:01:05.795 GMT+0100,162.31799999999998,162.274,0.0138,0.0162
15.12.2021 09:01:57.081 GMT+0100,162.35,162.308,0.0138,0.0162
15.12.2021 09:02:02.075 GMT+0100,162.316,162.274,0.0138,0.0162
15.12.2021 09:02:08.584 GMT+0100,162.352,162.303,0.0138,0.0162
15.12.2021 09:02:17.977 GMT+0100,162.323,162.273,0.0138,0.0162
15.12.2021 09:02:20.232 GMT+0100,162.34799999999998,162.30100000000002,0.0138,0.0162
15.12.2021 09:02:20.418 GMT+0100,162.321,162.273,0.0138,0.0162
15.12.2021 09:02:40.933 GMT+0100,162.29,162.245,0.0138,0.0162
15.12.2021 09:02:45.375 GMT+0100,162.321,162.274,0.0138,0.0162
15.12.2021 09:03:19.884 GMT+0100,162.292,162.243,0.0138,0.0162
15.12.2021 09:03:20.081 GMT+0100,162.323,162.27200000000002,0.0138,0.0162
15.12.2021 09:03:21.655 GMT+0100,162.289,162.238,0.0138,0.0162
15.12.2021 09:03:24.504 GMT+0100,162.322,162.27100000000002,0.0138,0.0162
15.12.2021 09:03:25.429 GMT+0100,162.285,162.239,0.0138,0.0162
15.12.2021 09:03:25.712 GMT+0100,162.321,162.27,0.0138,0.0162
15.12.2021 09:03:27.042 GMT+0100,162.285,162.239,0.0138,0.0162
15.12.2021 09:03:33.314 GMT+0100,162.31799999999998,162.274,0.0138,0.0162
15.12.2021 09:03:33.747 GMT+0100,162.29,162.24,0.0138,0.0162
15.12.2021 09:03:34.027 GMT+0100,162.319,162.27200000000002,0.0138,0.0162
15.12.2021 09:03:40.214 GMT+0100,162.285,162.24200000000002,0.0138,0.0162
15.12.2021 09:03:40.806 GMT+0100,162.319,162.27200000000002,0.0138,0.0162
15.12.2021 09:03:44.788 GMT+0100,162.287,162.241,0.0138,0.0162
15.12.2021 09:04:05.305 GMT+0100,162.259,162.209,0.0138,0.0162
15.12.2021 09:04:05.437 GMT+0100,162.274,162.23,0.0138,0.0162
15.12.2021 09:04:05.714 GMT+0100,162.259,162.21200000000002,0.0138,0.0162
15.12.2021 09:04:12.721 GMT+0100,162.287,162.24,0.0138,0.0162
15.12.2021 09:05:42.614 GMT+0100,162.316,162.274,0.0138,0.0162
15.12.2021 09:06:00.496 GMT+0100,162.291,162.243,0.0138,0.0162
15.12.2021 09:06:59.824 GMT+0100,162.258,162.214,0.0138,0.0162
15.12.2021 09:07:10.684 GMT+0100,162.22299999999998,162.17700000000002,0.0138,0.0162
15.12.2021 09:07:19.931 GMT+0100,162.259,162.209,0.0138,0.0162
15.12.2021 09:08:13.785 GMT+0100,162.28799999999998,162.24200000000002,0.0138,0.0162
15.12.2021 09:08:34.411 GMT+0100,162.322,162.27200000000002,0.0138,0.0162
15.12.2021 09:10:39.721 GMT+0100,162.351,162.306,0.0138,0.0162
15.12.2021 09:10:42.917 GMT+0100,162.323,162.274,0.0138,0.0162
15.12.2021 09:11:21.732 GMT+0100,162.34799999999998,162.304,0.0138,0.0162
15.12.2021 09:12:22.231 GMT+0100,162.321,162.274,0.0138,0.0162
15.12.2021 09:12:22.615 GMT+0100,162.353,162.308,0.0138,0.0162
15.12.2021 09:12:24.514 GMT+0100,162.319,162.276,0.0138,0.0162
15.12.2021 09:12:28.631 GMT+0100,162.354,162.306,0.0138,0.0162
15.12.2021 09:12:36.876 GMT+0100,162.32,162.274,0.0138,0.0162
15.12.2021 09:13:20.492 GMT+0100,162.285,162.24200000000002,0.0138,0.0162
15.12.2021 09:13:43.602 GMT+0100,162.26,162.20700000000002,0.0138,0.0162
15.12.2021 09:13:52.599 GMT+0100,162.285,162.24,0.0138,0.0162
15.12.2021 09:13:52.736 GMT+0100,162.257,162.21200000000002,0.0138,0.0162
15.12.2021 09:13:53.855 GMT+0100,162.29,162.245,0.0138,0.0162
15.12.2021 09:13:55.599 GMT+0100,162.274,162.228,0.0138,0.0162
15.12.2021 09:13:55.769 GMT+0100,162.285,162.239,0.0138,0.0162
15.12.2021 09:14:02.941 GMT+0100,162.259,162.208,0.0138,0.0162
15.12.2021 09:16:11.867 GMT+0100,162.28799999999998,162.238,0.0138,0.0162
15.12.2021 09:17:41.748 GMT+0100,162.259,162.208,0.0138,0.0162
15.12.2021 09:17:45.393 GMT+0100,162.291,162.245,0.0138,0.0162
15.12.2021 09:17:45.531 GMT+0100,162.256,162.208,0.0138,0.0162
15.12.2021 09:18:54.449 GMT+0100,162.226,162.183,0.0138,0.0162
15.12.2021 09:18:54.550 GMT+0100,162.256,162.209,0.0138,0.0162
15.12.2021 09:20:52.510 GMT+0100,162.228,162.178,0.0138,0.0162
15.12.2021 09:20:54.102 GMT+0100,162.259,162.20700000000002,0.0138,0.0162
15.12.2021 09:21:57.784 GMT+0100,162.228,162.183,0.0138,0.0162
15.12.2021 09:23:45.411 GMT+0100,162.26,162.214,0.0138,0.0162
15.12.2021 09:23:45.639 GMT+0100,162.228,162.178,0.0138,0.0162
15.12.2021 09:23:45.814 GMT+0100,162.256,162.20700000000002,0.0138,0.0162
15.12.2021 09:23:48.416 GMT+0100,162.228,162.17700000000002,0.0138,0.0162
15.12.2021 09:23:54.453 GMT+0100,162.26,162.214,0.0138,0.0162
15.12.2021 09:25:41.185 GMT+0100,162.287,162.241,0.0138,0.0162
15.12.2021 09:25:49.708 GMT+0100,162.256,162.21200000000002,0.0138,0.0162
15.12.2021 09:27:14.846 GMT+0100,162.292,162.241,0.0138,0.0162
15.12.2021 09:30:32.353 GMT+0100,162.316,162.27,0.0138,0.0162
15.12.2021 09:31:18.385 GMT+0100,162.354,162.306,0.0138,0.0162
15.12.2021 09:31:27.382 GMT+0100,162.31799999999998,162.273,0.0138,0.0162
15.12.2021 09:32:28.160 GMT+0100,162.289,162.241,0.0138,0.0162
15.12.2021 09:32:30.146 GMT+0100,162.319,162.269,0.0138,0.0162
15.12.2021 09:32:30.247 GMT+0100,162.289,162.24200000000002,0.0138,0.0162
15.12.2021 09:32:32.744 GMT+0100,162.32,162.274,0.0138,0.0162
15.12.2021 09:33:34.247 GMT+0100,162.292,162.24200000000002,0.0138,0.0162
15.12.2021 09:35:36.423 GMT+0100,162.26,162.209,0.0138,0.0162
15.12.2021 09:35:43.796 GMT+0100,162.285,162.243,0.0138,0.0162
15.12.2021 09:35:51.814 GMT+0100,162.261,162.211,0.0138,0.0162
15.12.2021 09:36:24.623 GMT+0100,162.287,162.245,0.0138,0.0162
15.12.2021 09:36:46.847 GMT+0100,162.254,162.21200000000002,0.0138,0.0162
15.12.2021 09:36:51.514 GMT+0100,162.28799999999998,162.243,0.0138,0.0162
15.12.2021 09:37:17.934 GMT+0100,162.258,162.214,0.0138,0.0162
15.12.2021 09:37:52.430 GMT+0100,162.292,162.243,0.0138,0.0162
15.12.2021 09:38:08.384 GMT+0100,162.261,162.209,0.0138,0.0162
15.12.2021 09:38:38.804 GMT+0100,162.29,162.243,0.0138,0.0162
15.12.2021 09:40:39.955 GMT+0100,162.27200000000002,162.224,0.0138,0.0162
15.12.2021 09:40:40.074 GMT+0100,162.26,162.21200000000002,0.0138,0.0162
15.12.2021 09:40:40.440 GMT+0100,162.291,162.24200000000002,0.0138,0.0162
15.12.2021 09:41:11.079 GMT+0100,162.256,162.208,0.0138,0.0162
15.12.2021 09:41:16.058 GMT+0100,162.28799999999998,162.243,0.0138,0.0162
15.12.2021 09:41:19.554 GMT+0100,162.259,162.208,0.0138,0.0162
15.12.2021 09:41:22.391 GMT+0100,162.229,162.17600000000002,0.0138,0.0162
15.12.2021 09:41:47.590 GMT+0100,162.198,162.148,0.0138,0.0162
15.12.2021 09:41:47.768 GMT+0100,162.227,162.179,0.0138,0.0162
15.12.2021 09:41:48.580 GMT+0100,162.191,162.151,0.0138,0.0162
15.12.2021 09:41:48.910 GMT+0100,162.228,162.17600000000002,0.0138,0.0162
15.12.2021 09:41:49.719 GMT+0100,162.195,162.148,0.0138,0.0162
15.12.2021 09:42:35.202 GMT+0100,162.228,162.179,0.0138,0.0162
15.12.2021 09:42:35.713 GMT+0100,162.191,162.149,0.0138,0.0162
15.12.2021 09:42:47.941 GMT+0100,162.225,162.18,0.0138,0.0162
15.12.2021 09:42:56.950 GMT+0100,162.196,162.149,0.0138,0.0162
15.12.2021 09:42:57.450 GMT+0100,162.225,162.18,0.0138,0.0162
15.12.2021 09:43:11.275 GMT+0100,162.196,162.149,0.0138,0.0162
15.12.2021 09:44:39.562 GMT+0100,162.164,162.11700000000002,0.0138,0.0162
15.12.2021 09:45:17.895 GMT+0100,162.194,162.14600000000002,0.0138,0.0162
15.12.2021 09:47:00.524 GMT+0100,162.16299999999998,162.113,0.0138,0.0162
15.12.2021 09:47:53.364 GMT+0100,162.134,162.089,0.0138,0.0162
15.12.2021 09:47:56.861 GMT+0100,162.16,162.11700000000002,0.0138,0.0162
15.12.2021 09:47:58.893 GMT+0100,162.129,162.086,0.0138,0.0162
15.12.2021 09:48:01.097 GMT+0100,162.164,162.118,0.0138,0.0162
15.12.2021 09:48:01.393 GMT+0100,162.145,162.09799999999998,0.0138,0.0162
15.12.2021 09:48:01.502 GMT+0100,162.131,162.084,0.0138,0.0162
15.12.2021 09:48:02.029 GMT+0100,162.145,162.105,0.0138,0.0162
15.12.2021 09:48:03.353 GMT+0100,162.162,162.113,0.0138,0.0162
15.12.2021 09:48:03.613 GMT+0100,162.132,162.084,0.0138,0.0162
15.12.2021 09:48:03.993 GMT+0100,162.164,162.113,0.0138,0.0162
15.12.2021 09:48:04.243 GMT+0100,162.151,162.102,0.0138,0.0162
15.12.2021 09:48:06.698 GMT+0100,162.135,162.08700000000002,0.0138,0.0162
15.12.2021 09:48:13.241 GMT+0100,162.164,162.113,0.0138,0.0162
15.12.2021 09:48:22.321 GMT+0100,162.133,162.089,0.0138,0.0162
15.12.2021 09:48:39.724 GMT+0100,162.167,162.113,0.0138,0.0162
15.12.2021 09:48:45.048 GMT+0100,162.134,162.08700000000002,0.0138,0.0162
15.12.2021 09:48:53.114 GMT+0100,162.164,162.12,0.0138,0.0162
15.12.2021 09:49:00.863 GMT+0100,162.136,162.089,0.0138,0.0162
15.12.2021 09:49:02.802 GMT+0100,162.16,162.114,0.0138,0.0162
15.12.2021 09:49:02.910 GMT+0100,162.135,162.085,0.0138,0.0162
15.12.2021 09:49:03.022 GMT+0100,162.151,162.1,0.0138,0.0162
15.12.2021 09:49:03.582 GMT+0100,162.133,162.083,0.0138,0.0162
15.12.2021 09:49:03.684 GMT+0100,162.151,162.105,0.0138,0.0162
15.12.2021 09:49:05.063 GMT+0100,162.134,162.084,0.0138,0.0162
15.12.2021 09:49:08.150 GMT+0100,162.16,162.116,0.0138,0.0162
15.12.2021 09:49:10.246 GMT+0100,162.131,162.083,0.0138,0.0162
15.12.2021 09:51:39.307 GMT+0100,162.103,162.058,0.0138,0.0162
15.12.2021 09:51:46.977 GMT+0100,162.135,162.086,0.0138,0.0162
15.12.2021 09:51:47.658 GMT+0100,162.105,162.05100000000002,0.0138,0.0162
15.12.2021 09:53:00.685 GMT+0100,162.135,162.08200000000002,0.0138,0.0162
15.12.2021 09:53:00.817 GMT+0100,162.09799999999998,162.055,0.0138,0.0162
15.12.2021 09:53:04.066 GMT+0100,162.129,162.085,0.0138,0.0162
15.12.2021 09:53:09.732 GMT+0100,162.1,162.055,0.0138,0.0162
15.12.2021 09:53:10.072 GMT+0100,162.115,162.069,0.0138,0.0162
15.12.2021 09:53:12.685 GMT+0100,162.1,162.058,0.0138,0.0162
15.12.2021 09:54:18.448 GMT+0100,162.072,162.02100000000002,0.0138,0.0162
15.12.2021 09:54:21.749 GMT+0100,162.09799999999998,162.055,0.0138,0.0162
15.12.2021 09:54:37.182 GMT+0100,162.071,162.024,0.0138,0.0162
15.12.2021 09:54:40.818 GMT+0100,162.103,162.05100000000002,0.0138,0.0162
15.12.2021 09:54:41.073 GMT+0100,162.073,162.02200000000002,0.0138,0.0162
15.12.2021 09:54:59.813 GMT+0100,162.102,162.05100000000002,0.0138,0.0162
15.12.2021 09:55:02.131 GMT+0100,162.073,162.026,0.0138,0.0162
15.12.2021 09:55:38.903 GMT+0100,162.042,161.989,0.0138,0.0162
15.12.2021 09:55:39.101 GMT+0100,162.056,162.008,0.0138,0.0162
15.12.2021 09:55:40.287 GMT+0100,162.071,162.019,0.0138,0.0162
15.12.2021 09:55:48.033 GMT+0100,162.039,161.995,0.0138,0.0162
15.12.2021 09:55:48.480 GMT+0100,162.06799999999998,162.019,0.0138,0.0162
15.12.2021 09:56:31.396 GMT+0100,162.101,162.054,0.0138,0.0162
15.12.2021 09:56:34.490 GMT+0100,162.071,162.023,0.0138,0.0162
15.12.2021 09:56:45.676 GMT+0100,162.105,162.05200000000002,0.0138,0.0162
15.12.2021 09:59:50.471 GMT+0100,162.133,162.085,0.0138,0.0162
15.12.2021 10:00:17.843 GMT+0100,162.105,162.056,0.0138,0.0162
15.12.2021 10:01:24.228 GMT+0100,162.07,162.02,0.0138,0.0162
15.12.2021 10:01:34.722 GMT+0100,162.103,162.054,0.0138,0.0162
15.12.2021 10:04:07.120 GMT+0100,162.133,162.08700000000002,0.0138,0.0162
15.12.2021 10:04:07.544 GMT+0100,162.101,162.053,0.0138,0.0162
15.12.2021 10:04:09.477 GMT+0100,162.11700000000002,162.067,0.0138,0.0162
15.12.2021 10:04:10.301 GMT+0100,162.101,162.05100000000002,0.0138,0.0162
15.12.2021 10:04:31.759 GMT+0100,162.129,162.089,0.0138,0.0162
15.12.2021 10:06:25.749 GMT+0100,162.166,162.116,0.0138,0.0162
15.12.2021 10:08:46.756 GMT+0100,162.195,162.144,0.0138,0.0162
15.12.2021 10:11:25.588 GMT+0100,162.23,162.181,0.0138,0.0162
15.12.2021 10:11:25.717 GMT+0100,162.194,162.149,0.0138,0.0162
15.12.2021 10:12:51.163 GMT+0100,162.228,162.181,0.0138,0.0162
15.12.2021 10:14:12.478 GMT+0100,162.195,162.14600000000002,0.0138,0.0162
15.12.2021 10:14:12.978 GMT+0100,162.229,162.17700000000002,0.0138,0.0162
15.12.2021 10:14:44.281 GMT+0100,162.19299999999998,162.151,0.0138,0.0162
15.12.2021 10:14:46.823 GMT+0100,162.226,162.17700000000002,0.0138,0.0162
15.12.2021 10:15:58.070 GMT+0100,162.256,162.214,0.0138,0.0162
15.12.2021 10:19:04.436 GMT+0100,162.226,162.17600000000002,0.0138,0.0162
15.12.2021 10:19:06.749 GMT+0100,162.261,162.208,0.0138,0.0162
15.12.2021 10:19:06.882 GMT+0100,162.228,162.183,0.0138,0.0162
15.12.2021 10:19:11.590 GMT+0100,162.261,162.21,0.0138,0.0162
15.12.2021 10:19:13.650 GMT+0100,162.22299999999998,162.181,0.0138,0.0162
15.12.2021 10:22:19.387 GMT+0100,162.256,162.209,0.0138,0.0162
15.12.2021 10:22:31.375 GMT+0100,162.285,162.239,0.0138,0.0162
15.12.2021 10:24:36.837 GMT+0100,162.31799999999998,162.274,0.0138,0.0162
15.12.2021 10:24:38.099 GMT+0100,162.285,162.243,0.0138,0.0162
15.12.2021 10:24:38.536 GMT+0100,162.31799999999998,162.27,0.0138,0.0162
15.12.2021 10:24:38.637 GMT+0100,162.29,162.24,0.0138,0.0162
15.12.2021 10:24:39.007 GMT+0100,162.323,162.27,0.0138,0.0162
15.12.2021 10:24:48.087 GMT+0100,162.291,162.24,0.0138,0.0162
15.12.2021 10:26:12.548 GMT+0100,162.31799999999998,162.274,0.0138,0.0162
15.12.2021 10:26:24.140 GMT+0100,162.34799999999998,162.306,0.0138,0.0162
15.12.2021 10:28:08.419 GMT+0100,162.383,162.333,0.0138,0.0162
15.12.2021 10:28:08.572 GMT+0100,162.354,162.303,0.0138,0.0162
15.12.2021 10:28:09.838 GMT+0100,162.386,162.339,0.0138,0.0162
15.12.2021 10:28:39.170 GMT+0100,162.355,162.308,0.0138,0.0162
15.12.2021 10:28:40.253 GMT+0100,162.385,162.335,0.0138,0.0162
15.12.2021 10:28:44.600 GMT+0100,162.34799999999998,162.30100000000002,0.0138,0.0162
15.12.2021 10:28:45.260 GMT+0100,162.363,162.316,0.0138,0.0162
15.12.2021 10:28:48.109 GMT+0100,162.34799999999998,162.30100000000002,0.0138,0.0162
15.12.2021 10:29:06.971 GMT+0100,162.384,162.33200000000002,0.0138,0.0162
15.12.2021 10:29:10.057 GMT+0100,162.351,162.308,0.0138,0.0162
15.12.2021 10:29:54.735 GMT+0100,162.386,162.334,0.0138,0.0162
15.12.2021 10:30:13.894 GMT+0100,162.41,162.364,0.0138,0.0162
15.12.2021 10:31:14.338 GMT+0100,162.379,162.336,0.0138,0.0162
15.12.2021 10:34:02.336 GMT+0100,162.417,162.364,0.0138,0.0162
15.12.2021 10:35:01.986 GMT+0100,162.385,162.336,0.0138,0.0162
15.12.2021 10:35:05.880 GMT+0100,162.415,162.365,0.0138,0.0162
15.12.2021 10:35:07.498 GMT+0100,162.383,162.33700000000002,0.0138,0.0162
15.12.2021 10:35:07.599 GMT+0100,162.412,162.365,0.0138,0.0162
15.12.2021 10:35:09.012 GMT+0100,162.382,162.336,0.0138,0.0162
15.12.2021 10:35:11.147 GMT+0100,162.414,162.364,0.0138,0.0162
15.12.2021 10:35:11.446 GMT+0100,162.379,162.336,0.0138,0.0162
15.12.2021 10:36:01.220 GMT+0100,162.416,162.368,0.0138,0.0162
15.12.2021 10:36:01.359 GMT+0100,162.385,162.339,0.0138,0.0162
15.12.2021 10:37:21.628 GMT+0100,162.354,162.304,0.0138,0.0162
15.12.2021 10:37:26.580 GMT+0100,162.366,162.316,0.0138,0.0162
15.12.2021 10:37:28.232 GMT+0100,162.384,162.333,0.0138,0.0162
15.12.2021 10:37:28.680 GMT+0100,162.34799999999998,162.30100000000002,0.0138,0.0162
15.12.2021 10:37:35.302 GMT+0100,162.383,162.33200000000002,0.0138,0.0162
15.12.2021 10:37:38.548 GMT+0100,162.353,162.306,0.0138,0.0162
15.12.2021 10:39:26.451 GMT+0100,162.383,162.334,0.0138,0.0162
15.12.2021 10:39:55.305 GMT+0100,162.353,162.30200000000002,0.0138,0.0162
15.12.2021 10:39:55.450 GMT+0100,162.384,162.333,0.0138,0.0162
15.12.2021 10:42:32.793 GMT+0100,162.352,162.306,0.0138,0.0162
15.12.2021 10:42:41.460 GMT+0100,162.381,162.333,0.0138,0.0162
15.12.2021 10:42:43.484 GMT+0100,162.355,162.305,0.0138,0.0162
15.12.2021 10:42:51.966 GMT+0100,162.379,162.333,0.0138,0.0162
15.12.2021 10:43:03.734 GMT+0100,162.353,162.303,0.0138,0.0162
15.12.2021 10:43:04.338 GMT+0100,162.379,162.336,0.0138,0.0162
15.12.2021 10:43:06.648 GMT+0100,162.353,162.305,0.0138,0.0162
15.12.2021 10:43:38.940 GMT+0100,162.379,162.33200000000002,0.0138,0.0162
15.12.2021 10:43:41.470 GMT+0100,162.354,162.306,0.0138,0.0162
15.12.2021 10:45:46.813 GMT+0100,162.321,162.274,0.0138,0.0162
15.12.2021 10:45:47.021 GMT+0100,162.353,162.305,0.0138,0.0162
15.12.2021 10:47:45.352 GMT+0100,162.321,162.274,0.0138,0.0162
15.12.2021 10:47:48.794 GMT+0100,162.352,162.304,0.0138,0.0162
15.12.2021 10:47:59.956 GMT+0100,162.323,162.27200000000002,0.0138,0.0162
15.12.2021 10:48:23.871 GMT+0100,162.354,162.303,0.0138,0.0162
15.12.2021 10:48:25.628 GMT+0100,162.321,162.27200000000002,0.0138,0.0162
15.12.2021 10:48:27.066 GMT+0100,162.351,162.305,0.0138,0.0162
15.12.2021 10:48:30.668 GMT+0100,162.321,162.27,0.0138,0.0162
15.12.2021 10:48:42.017 GMT+0100,162.354,162.303,0.0138,0.0162
15.12.2021 10:55:40.826 GMT+0100,162.323,162.269,0.0138,0.0162
15.12.2021 10:56:05.599 GMT+0100,162.355,162.303,0.0138,0.0162
15.12.2021 10:56:09.582 GMT+0100,162.322,162.27100000000002,0.0138,0.0162
15.12.2021 10:56:09.746 GMT+0100,162.351,162.306,0.0138,0.0162
15.12.2021 10:56:13.292 GMT+0100,162.323,162.274,0.0138,0.0162
15.12.2021 10:56:13.981 GMT+0100,162.351,162.305,0.0138,0.0162
15.12.2021 10:56:15.926 GMT+0100,162.319,162.274,0.0138,0.0162
15.12.2021 10:57:46.095 GMT+0100,162.34799999999998,162.305,0.0138,0.0162
15.12.2021 10:57:46.319 GMT+0100,162.323,162.273,0.0138,0.0162
15.12.2021 10:57:57.083 GMT+0100,162.355,162.30200000000002,0.0138,0.0162
15.12.2021 10:59:01.017 GMT+0100,162.32,162.274,0.0138,0.0162
15.12.2021 10:59:09.036 GMT+0100,162.353,162.306,0.0138,0.0162
15.12.2021 11:00:03.777 GMT+0100,162.384,162.339,0.0138,0.0162
15.12.2021 11:00:04.507 GMT+0100,162.352,162.30100000000002,0.0138,0.0162
15.12.2021 11:00:04.674 GMT+0100,162.381,162.339,0.0138,0.0162
15.12.2021 11:00:07.762 GMT+0100,162.353,162.303,0.0138,0.0162
15.12.2021 11:01:07.856 GMT+0100,162.382,162.339,0.0138,0.0162
15.12.2021 11:01:08.064 GMT+0100,162.353,162.306,0.0138,0.0162
15.12.2021 11:01:15.423 GMT+0100,162.385,162.336,0.0138,0.0162
15.12.2021 11:01:30.734 GMT+0100,162.355,162.30100000000002,0.0138,0.0162
15.12.2021 11:03:29.688 GMT+0100,162.339,162.28799999999998,0.0138,0.0162
15.12.2021 11:03:29.793 GMT+0100,162.316,162.27,0.0138,0.0162
15.12.2021 11:04:19.154 GMT+0100,162.353,162.306,0.0138,0.0162
15.12.2021 11:04:20.486 GMT+0100,162.32,162.276,0.0138,0.0162
15.12.2021 11:10:46.172 GMT+0100,162.285,162.24,0.0138,0.0162
15.12.2021 11:10:46.387 GMT+0100,162.305,162.256,0.0138,0.0162
15.12.2021 11:10:48.221 GMT+0100,162.287,162.243,0.0138,0.0162
15.12.2021 11:10:49.951 GMT+0100,162.31799999999998,162.27100000000002,0.0138,0.0162
15.12.2021 11:10:53.549 GMT+0100,162.291,162.24200000000002,0.0138,0.0162
15.12.2021 11:11:18.195 GMT+0100,162.321,162.273,0.0138,0.0162
15.12.2021 11:11:49.553 GMT+0100,162.292,162.245,0.0138,0.0162
15.12.2021 11:11:49.701 GMT+0100,162.32,162.276,0.0138,0.0162
15.12.2021 11:11:50.217 GMT+0100,162.292,162.239,0.0138,0.0162
15.12.2021 11:12:00.445 GMT+0100,162.322,162.27200000000002,0.0138,0.0162
15.12.2021 11:12:01.105 GMT+0100,162.28799999999998,162.24200000000002,0.0138,0.0162
15.12.2021 11:12:03.445 GMT+0100,162.323,162.273,0.0138,0.0162
15.12.2021 11:12:03.696 GMT+0100,162.285,162.241,0.0138,0.0162
15.12.2021 11:12:04.543 GMT+0100,162.319,162.274,0.0138,0.0162
15.12.2021 11:13:25.849 GMT+0100,162.287,162.239,0.0138,0.0162
15.12.2021 11:31:56.572 GMT+0100,162.256,162.20700000000002,0.0138,0.0162
15.12.2021 11:31:58.320 GMT+0100,162.22299999999998,162.183,0.0138,0.0162
15.12.2021 11:32:00.518 GMT+0100,162.257,162.209,0.0138,0.0162
15.12.2021 11:35:00.369 GMT+0100,162.291,162.239,0.0138,0.0162
15.12.2021 11:35:06.954 GMT+0100,162.259,162.21200000000002,0.0138,0.0162
15.12.2021 11:35:13.756 GMT+0100,162.291,162.238,0.0138,0.0162
15.12.2021 11:35:20.160 GMT+0100,162.261,162.21,0.0138,0.0162
15.12.2021 11:35:20.658 GMT+0100,162.291,162.24,0.0138,0.0162
15.12.2021 11:35:25.781 GMT+0100,162.259,162.214,0.0138,0.0162
15.12.2021 11:35:31.476 GMT+0100,162.291,162.24200000000002,0.0138,0.0162
15.12.2021 11:35:33.076 GMT+0100,162.256,162.214,0.0138,0.0162
15.12.2021 11:35:56.575 GMT+0100,162.287,162.24,0.0138,0.0162
15.12.2021 11:35:56.847 GMT+0100,162.257,162.208,0.0138,0.0162
15.12.2021 11:38:07.205 GMT+0100,162.285,162.239,0.0138,0.0162
15.12.2021 11:39:31.236 GMT+0100,162.321,162.27100000000002,0.0138,0.0162
15.12.2021 11:39:31.436 GMT+0100,162.291,162.239,0.0138,0.0162
15.12.2021 11:40:45.531 GMT+0100,162.259,162.211,0.0138,0.0162
15.12.2021 11:40:45.707 GMT+0100,162.287,162.238,0.0138,0.0162
15.12.2021 11:41:55.212 GMT+0100,162.254,162.208,0.0138,0.0162
15.12.2021 11:41:56.471 GMT+0100,162.285,162.24200000000002,0.0138,0.0162
15.12.2021 11:41:56.694 GMT+0100,162.258,162.20700000000002,0.0138,0.0162
15.12.2021 11:42:28.319 GMT+0100,162.22299999999998,162.181,0.0138,0.0162
15.12.2021 11:42:28.436 GMT+0100,162.254,162.208,0.0138,0.0162
15.12.2021 11:44:29.529 GMT+0100,162.225,162.178,0.0138,0.0162
15.12.2021 11:46:24.679 GMT+0100,162.195,162.148,0.0138,0.0162
15.12.2021 11:51:10.418 GMT+0100,162.167,162.115,0.0138,0.0162
15.12.2021 11:53:32.969 GMT+0100,162.131,162.08200000000002,0.0138,0.0162
15.12.2021 11:53:33.976 GMT+0100,162.167,162.113,0.0138,0.0162
15.12.2021 11:56:09.820 GMT+0100,162.133,162.083,0.0138,0.0162
15.12.2021 11:56:10.049 GMT+0100,162.16,162.116,0.0138,0.0162
15.12.2021 11:56:52.184 GMT+0100,162.133,162.085,0.0138,0.0162
15.12.2021 11:57:08.961 GMT+0100,162.167,162.118,0.0138,0.0162
15.12.2021 11:59:01.300 GMT+0100,162.133,162.084,0.0138,0.0162
15.12.2021 11:59:30.830 GMT+0100,162.09799999999998,162.05200000000002,0.0138,0.0162
15.12.2021 11:59:31.014 GMT+0100,162.131,162.086,0.0138,0.0162
15.12.2021 11:59:41.910 GMT+0100,162.1,162.055,0.0138,0.0162
15.12.2021 12:01:29.859 GMT+0100,162.134,162.08200000000002,0.0138,0.0162
15.12.2021 12:01:31.204 GMT+0100,162.102,162.053,0.0138,0.0162
15.12.2021 12:01:31.421 GMT+0100,162.133,162.083,0.0138,0.0162
15.12.2021 12:01:32.812 GMT+0100,162.103,162.056,0.0138,0.0162
15.12.2021 12:01:33.123 GMT+0100,162.118,162.067,0.0138,0.0162
15.12.2021 12:01:34.087 GMT+0100,162.135,162.085,0.0138,0.0162
15.12.2021 12:01:34.194 GMT+0100,162.101,162.056,0.0138,0.0162
15.12.2021 12:01:41.011 GMT+0100,162.119,162.071,0.0138,0.0162
15.12.2021 12:01:41.193 GMT+0100,162.101,162.05100000000002,0.0138,0.0162
15.12.2021 12:02:18.887 GMT+0100,162.132,162.084,0.0138,0.0162
15.12.2021 12:02:19.105 GMT+0100,162.115,162.073,0.0138,0.0162
15.12.2021 12:02:19.733 GMT+0100,162.135,162.085,0.0138,0.0162
15.12.2021 12:03:50.753 GMT+0100,162.105,162.054,0.0138,0.0162
15.12.2021 12:03:51.336 GMT+0100,162.132,162.085,0.0138,0.0162
15.12.2021 12:05:57.960 GMT+0100,162.103,162.054,0.0138,0.0162
15.12.2021 12:06:27.803 GMT+0100,162.136,162.083,0.0138,0.0162
15.12.2021 12:06:27.976 GMT+0100,162.119,162.071,0.0138,0.0162
15.12.2021 12:06:29.808 GMT+0100,162.136,162.086,0.0138,0.0162
15.12.2021 12:07:46.068 GMT+0100,162.165,162.11700000000002,0.0138,0.0162
15.12.2021 12:07:46.276 GMT+0100,162.129,162.083,0.0138,0.0162
15.12.2021 12:07:46.700 GMT+0100,162.166,162.11700000000002,0.0138,0.0162
15.12.2021 12:07:56.888 GMT+0100,162.135,162.084,0.0138,0.0162
15.12.2021 12:08:00.662 GMT+0100,162.167,162.118,0.0138,0.0162
15.12.2021 12:08:02.656 GMT+0100,162.132,162.086,0.0138,0.0162
15.12.2021 12:09:20.498 GMT+0100,162.165,162.11700000000002,0.0138,0.0162
15.12.2021 12:13:03.929 GMT+0100,162.19299999999998,162.151,0.0138,0.0162
15.12.2021 12:13:06.794 GMT+0100,162.23,162.17600000000002,0.0138,0.0162
15.12.2021 12:13:07.611 GMT+0100,162.19299999999998,162.14700000000002,0.0138,0.0162
15.12.2021 12:13:10.252 GMT+0100,162.214,162.16,0.0138,0.0162
15.12.2021 12:13:10.423 GMT+0100,162.191,162.151,0.0138,0.0162
15.12.2021 12:13:18.863 GMT+0100,162.213,162.16299999999998,0.0138,0.0162
15.12.2021 12:13:19.511 GMT+0100,162.196,162.14600000000002,0.0138,0.0162
15.12.2021 12:13:22.357 GMT+0100,162.209,162.167,0.0138,0.0162
15.12.2021 12:13:22.511 GMT+0100,162.229,162.181,0.0138,0.0162
15.12.2021 12:13:23.008 GMT+0100,162.191,162.149,0.0138,0.0162
15.12.2021 12:13:27.178 GMT+0100,162.211,162.162,0.0138,0.0162
15.12.2021 12:13:31.795 GMT+0100,162.194,162.144,0.0138,0.0162
15.12.2021 12:13:31.992 GMT+0100,162.227,162.181,0.0138,0.0162
15.12.2021 12:13:34.938 GMT+0100,162.194,162.14600000000002,0.0138,0.0162
15.12.2021 12:15:38.863 GMT+0100,162.229,162.17600000000002,0.0138,0.0162
15.12.2021 12:16:11.212 GMT+0100,162.198,162.148,0.0138,0.0162
15.12.2021 12:16:12.404 GMT+0100,162.225,162.179,0.0138,0.0162
15.12.2021 12:16:21.543 GMT+0100,162.211,162.167,0.0138,0.0162
15.12.2021 12:16:22.626 GMT+0100,162.191,162.144,0.0138,0.0162
15.12.2021 12:17:00.948 GMT+0100,162.226,162.183,0.0138,0.0162
15.12.2021 12:17:02.987 GMT+0100,162.196,162.144,0.0138,0.0162
15.12.2021 12:18:37.953 GMT+0100,162.226,162.179,0.0138,0.0162
15.12.2021 12:19:06.456 GMT+0100,162.19299999999998,162.149,0.0138,0.0162
15.12.2021 12:19:07.156 GMT+0100,162.22299999999998,162.181,0.0138,0.0162
15.12.2021 12:19:31.421 GMT+0100,162.19299999999998,162.14600000000002,0.0138,0.0162
15.12.2021 12:20:10.094 GMT+0100,162.22299999999998,162.178,0.0138,0.0162
15.12.2021 12:20:52.524 GMT+0100,162.19299999999998,162.14700000000002,0.0138,0.0162
15.12.2021 12:21:38.641 GMT+0100,162.227,162.183,0.0138,0.0162
15.12.2021 12:22:32.315 GMT+0100,162.194,162.145,0.0138,0.0162
15.12.2021 12:23:58.272 GMT+0100,162.227,162.18,0.0138,0.0162
15.12.2021 12:23:58.609 GMT+0100,162.198,162.144,0.0138,0.0162
15.12.2021 12:24:01.042 GMT+0100,162.21,162.16299999999998,0.0138,0.0162
15.12.2021 12:24:02.329 GMT+0100,162.198,162.14700000000002,0.0138,0.0162
15.12.2021 12:24:27.166 GMT+0100,162.167,162.114,0.0138,0.0162
15.12.2021 12:24:27.390 GMT+0100,162.194,162.151,0.0138,0.0162
15.12.2021 12:24:35.481 GMT+0100,162.164,162.114,0.0138,0.0162
15.12.2021 12:25:10.973 GMT+0100,162.191,162.14700000000002,0.0138,0.0162
15.12.2021 12:25:18.737 GMT+0100,162.164,162.116,0.0138,0.0162
15.12.2021 12:25:25.361 GMT+0100,162.196,162.14600000000002,0.0138,0.0162
15.12.2021 12:25:27.059 GMT+0100,162.165,162.115,0.0138,0.0162
15.12.2021 12:26:26.961 GMT+0100,162.132,162.085,0.0138,0.0162
15.12.2021 12:26:27.173 GMT+0100,162.167,162.11700000000002,0.0138,0.0162
15.12.2021 12:27:12.290 GMT+0100,162.132,162.089,0.0138,0.0162
15.12.2021 12:28:14.523 GMT+0100,162.165,162.116,0.0138,0.0162
15.12.2021 12:28:39.308 GMT+0100,162.134,162.08200000000002,0.0138,0.0162
15.12.2021 12:28:42.101 GMT+0100,162.14700000000002,162.103,0.0138,0.0162
15.12.2021 12:28:42.339 GMT+0100,162.166,162.115,0.0138,0.0162
15.12.2021 12:28:53.472 GMT+0100,162.129,162.089,0.0138,0.0162
15.12.2021 12:38:11.038 GMT+0100,162.09799999999998,162.053,0.0138,0.0162
15.12.2021 12:40:08.221 GMT+0100,162.134,162.08700000000002,0.0138,0.0162
15.12.2021 12:40:08.462 GMT+0100,162.101,162.053,0.0138,0.0162
15.12.2021 12:41:02.770 GMT+0100,162.136,162.084,0.0138,0.0162
15.12.2021 12:42:01.537 GMT+0100,162.105,162.053,0.0138,0.0162
15.12.2021 12:42:35.866 GMT+0100,162.134,162.083,0.0138,0.0162
15.12.2021 12:42:37.420 GMT+0100,162.101,162.058,0.0138,0.0162
15.12.2021 12:44:20.764 GMT+0100,162.134,162.08200000000002,0.0138,0.0162
15.12.2021 12:45:51.046 GMT+0100,162.105,162.05100000000002,0.0138,0.0162
15.12.2021 12:47:48.183 GMT+0100,162.135,162.08200000000002,0.0138,0.0162
15.12.2021 12:48:00.736 GMT+0100,162.09799999999998,162.05100000000002,0.0138,0.0162
15.12.2021 12:48:13.321 GMT+0100,162.129,162.08200000000002,0.0138,0.0162
15.12.2021 12:48:14.584 GMT+0100,162.102,162.058,0.0138,0.0162
15.12.2021 12:48:25.090 GMT+0100,162.115,162.067,0.0138,0.0162
15.12.2021 12:48:25.203 GMT+0100,162.136,162.085,0.0138,0.0162
15.12.2021 12:48:26.138 GMT+0100,162.103,162.058,0.0138,0.0162
15.12.2021 12:48:26.418 GMT+0100,162.136,162.086,0.0138,0.0162
15.12.2021 12:48:33.377 GMT+0100,162.102,162.058,0.0138,0.0162
15.12.2021 12:57:33.531 GMT+0100,162.071,162.023,0.0138,0.0162
15.12.2021 12:58:17.341 GMT+0100,162.04,161.991,0.0138,0.0162
15.12.2021 12:58:22.599 GMT+0100,162.071,162.023,0.0138,0.0162
15.12.2021 12:58:28.046 GMT+0100,162.037,161.991,0.0138,0.0162
15.12.2021 12:58:28.278 GMT+0100,162.072,162.02200000000002,0.0138,0.0162
15.12.2021 12:58:33.741 GMT+0100,162.039,161.988,0.0138,0.0162
15.12.2021 12:59:24.128 GMT+0100,162.073,162.02100000000002,0.0138,0.0162
15.12.2021 12:59:47.219 GMT+0100,162.1,162.05200000000002,0.0138,0.0162
15.12.2021 12:59:47.376 GMT+0100,162.073,162.02200000000002,0.0138,0.0162
15.12.2021 12:59:48.252 GMT+0100,162.105,162.055,0.0138,0.0162
15.12.2021 12:59:54.608 GMT+0100,162.089,162.042,0.0138,0.0162
15.12.2021 12:59:56.077 GMT+0100,162.102,162.055,0.0138,0.0162
15.12.2021 13:00:00.022 GMT+0100,162.066,162.024,0.0138,0.0162
15.12.2021 13:00:35.880 GMT+0100,162.103,162.053,0.0138,0.0162
15.12.2021 13:00:36.034 GMT+0100,162.07,162.02200000000002,0.0138,0.0162
15.12.2021 13:00:36.364 GMT+0100,162.105,162.058,0.0138,0.0162
15.12.2021 13:01:29.323 GMT+0100,162.133,162.084,0.0138,0.0162
15.12.2021 13:02:18.176 GMT+0100,162.1,162.05200000000002,0.0138,0.0162
15.12.2021 13:02:20.700 GMT+0100,162.131,162.08700000000002,0.0138,0.0162
15.12.2021 13:04:22.774 GMT+0100,162.105,162.053,0.0138,0.0162
15.12.2021 13:06:34.660 GMT+0100,162.07,162.023,0.0138,0.0162
15.12.2021 13:06:38.061 GMT+0100,162.104,162.054,0.0138,0.0162
15.12.2021 13:07:47.334 GMT+0100,162.132,162.083,0.0138,0.0162
15.12.2021 13:07:47.493 GMT+0100,162.104,162.05200000000002,0.0138,0.0162
15.12.2021 13:10:59.671 GMT+0100,162.06799999999998,162.024,0.0138,0.0162
15.12.2021 13:11:02.708 GMT+0100,162.04,161.991,0.0138,0.0162
15.12.2021 13:11:04.351 GMT+0100,162.071,162.019,0.0138,0.0162
15.12.2021 13:12:18.791 GMT+0100,162.041,161.989,0.0138,0.0162
15.12.2021 13:12:27.321 GMT+0100,162.072,162.02,0.0138,0.0162
15.12.2021 13:12:39.220 GMT+0100,162.101,162.05200000000002,0.0138,0.0162
15.12.2021 13:12:39.323 GMT+0100,162.07,162.02,0.0138,0.0162
15.12.2021 13:13:38.198 GMT+0100,162.042,161.993,0.0138,0.0162
15.12.2021 13:13:38.409 GMT+0100,162.072,162.024,0.0138,0.0162
15.12.2021 13:13:53.892 GMT+0100,162.041,161.995,0.0138,0.0162
15.12.2021 13:15:09.002 GMT+0100,162.009,161.96200000000002,0.0138,0.0162
15.12.2021 13:15:14.799 GMT+0100,162.039,161.988,0.0138,0.0162
15.12.2021 13:16:12.618 GMT+0100,162.004,161.96200000000002,0.0138,0.0162
15.12.2021 13:16:12.847 GMT+0100,162.037,161.995,0.0138,0.0162
15.12.2021 13:17:23.100 GMT+0100,162.011,161.96200000000002,0.0138,0.0162
15.12.2021 13:17:27.738 GMT+0100,162.04,161.989,0.0138,0.0162
15.12.2021 13:17:44.556 GMT+0100,162.026,161.98,0.0138,0.0162
15.12.2021 13:17:47.309 GMT+0100,162.011,161.961,0.0138,0.0162
15.12.2021 13:17:58.991 GMT+0100,162.041,161.995,0.0138,0.0162
15.12.2021 13:19:52.623 GMT+0100,162.007,161.959,0.0138,0.0162
15.12.2021 13:20:15.670 GMT+0100,162.037,161.993,0.0138,0.0162
15.12.2021 13:20:22.797 GMT+0100,162.011,161.95700000000002,0.0138,0.0162
15.12.2021 13:20:31.363 GMT+0100,162.037,161.988,0.0138,0.0162
15.12.2021 13:21:25.552 GMT+0100,162.071,162.019,0.0138,0.0162
15.12.2021 13:23:10.118 GMT+0100,162.042,161.989,0.0138,0.0162
15.12.2021 13:25:08.266 GMT+0100,162.071,162.02200000000002,0.0138,0.0162
15.12.2021 13:25:20.767 GMT+0100,162.105,162.058,0.0138,0.0162
15.12.2021 13:26:30.996 GMT+0100,162.071,162.02200000000002,0.0138,0.0162
15.12.2021 13:29:01.127 GMT+0100,162.03799999999998,161.993,0.0138,0.0162
15.12.2021 13:29:01.583 GMT+0100,162.058,162.007,0.0138,0.0162
15.12.2021 13:29:01.721 GMT+0100,162.037,161.99200000000002,0.0138,0.0162
15.12.2021 13:29:36.277 GMT+0100,162.02700000000002,161.97299999999998,0.0138,0.0162
15.12.2021 13:29:36.802 GMT+0100,162.011,161.961,0.0138,0.0162
15.12.2021 13:30:01.644 GMT+0100,161.975,161.92600000000002,0.0138,0.0162
15.12.2021 13:30:04.348 GMT+0100,162.011,161.95700000000002,0.0138,0.0162
15.12.2021 13:30:04.552 GMT+0100,161.97299999999998,161.928,0.0138,0.0162
15.12.2021 13:30:06.396 GMT+0100,161.993,161.948,0.0138,0.0162
15.12.2021 13:30:06.514 GMT+0100,162.004,161.959,0.0138,0.0162
15.12.2021 13:30:06.877 GMT+0100,161.975,161.928,0.0138,0.0162
15.12.2021 13:30:11.636 GMT+0100,162.006,161.964,0.0138,0.0162
15.12.2021 13:30:11.830 GMT+0100,161.97299999999998,161.929,0.0138,0.0162
15.12.2021 13:30:12.160 GMT+0100,162.007,161.964,0.0138,0.0162
15.12.2021 13:30:18.761 GMT+0100,161.977,161.92600000000002,0.0138,0.0162
15.12.2021 13:30:25.627 GMT+0100,162.01,161.96200000000002,0.0138,0.0162
15.12.2021 13:30:27.567 GMT+0100,161.975,161.92600000000002,0.0138,0.0162
15.12.2021 13:30:37.627 GMT+0100,161.94299999999998,161.894,0.0138,0.0162
15.12.2021 13:30:47.199 GMT+0100,161.97299999999998,161.92700000000002,0.0138,0.0162
15.12.2021 13:31:33.913 GMT+0100,161.946,161.89700000000002,0.0138,0.0162
15.12.2021 13:31:34.073 GMT+0100,161.977,161.929,0.0138,0.0162
15.12.2021 13:31:43.996 GMT+0100,161.948,161.898,0.0138,0.0162
15.12.2021 13:31:45.744 GMT+0100,161.979,161.92600000000002,0.0138,0.0162
15.12.2021 13:31:50.854 GMT+0100,161.945,161.894,0.0138,0.0162
15.12.2021 13:32:00.861 GMT+0100,161.959,161.912,0.0138,0.0162
15.12.2021 13:32:01.145 GMT+0100,161.97299999999998,161.92700000000002,0.0138,0.0162
15.12.2021 13:32:10.644 GMT+0100,161.948,161.898,0.0138,0.0162
15.12.2021 13:32:10.996 GMT+0100,161.979,161.933,0.0138,0.0162
15.12.2021 13:32:16.774 GMT+0100,162.006,161.964,0.0138,0.0162
15.12.2021 13:32:21.629 GMT+0100,161.975,161.931,0.0138,0.0162
15.12.2021 13:33:10.011 GMT+0100,162.007,161.958,0.0138,0.0162
15.12.2021 13:33:27.235 GMT+0100,161.97299999999998,161.933,0.0138,0.0162
15.12.2021 13:33:30.448 GMT+0100,162.01,161.95700000000002,0.0138,0.0162
15.12.2021 13:33:33.578 GMT+0100,161.979,161.933,0.0138,0.0162
15.12.2021 13:33:35.613 GMT+0100,161.99200000000002,161.945,0.0138,0.0162
15.12.2021 13:33:35.722 GMT+0100,162.007,161.95700000000002,0.0138,0.0162
15.12.2021 13:33:42.527 GMT+0100,161.978,161.92700000000002,0.0138,0.0162
15.12.2021 13:34:09.157 GMT+0100,162.006,161.964,0.0138,0.0162
15.12.2021 13:34:53.627 GMT+0100,161.977,161.929,0.0138,0.0162
15.12.2021 13:35:02.938 GMT+0100,162.007,161.96200000000002,0.0138,0.0162
15.12.2021 13:35:03.039 GMT+0100,161.977,161.929,0.0138,0.0162
15.12.2021 13:35:03.190 GMT+0100,162.009,161.958,0.0138,0.0162
15.12.2021 13:35:18.904 GMT+0100,161.98,161.929,0.0138,0.0162
15.12.2021 13:36:00.844 GMT+0100,162.006,161.961,0.0138,0.0162
15.12.2021 13:36:00.970 GMT+0100,161.97299999999998,161.93,0.0138,0.0162
15.12.2021 13:36:22.487 GMT+0100,161.945,161.89700000000002,0.0138,0.0162
15.12.2021 13:39:02.601 GMT+0100,161.916,161.866,0.0138,0.0162
15.12.2021 13:39:02.961 GMT+0100,161.944,161.894,0.0138,0.0162
15.12.2021 13:39:43.148 GMT+0100,161.97299999999998,161.92600000000002,0.0138,0.0162
15.12.2021 13:39:43.272 GMT+0100,161.945,161.895,0.0138,0.0162
15.12.2021 13:40:58.065 GMT+0100,161.978,161.929,0.0138,0.0162
15.12.2021 13:41:38.434 GMT+0100,161.948,161.895,0.0138,0.0162
15.12.2021 13:42:31.601 GMT+0100,161.98,161.92700000000002,0.0138,0.0162
15.12.2021 13:42:32.035 GMT+0100,161.94299999999998,161.894,0.0138,0.0162
15.12.2021 13:42:34.672 GMT+0100,161.95700000000002,161.917,0.0138,0.0162
15.12.2021 13:42:34.789 GMT+0100,161.979,161.929,0.0138,0.0162
15.12.2021 13:42:35.442 GMT+0100,161.94299999999998,161.901,0.0138,0.0162
15.12.2021 13:43:42.951 GMT+0100,161.98,161.929,0.0138,0.0162
15.12.2021 13:43:46.758 GMT+0100,161.94299999999998,161.89700000000002,0.0138,0.0162
15.12.2021 13:44:28.314 GMT+0100,161.915,161.866,0.0138,0.0162
15.12.2021 13:44:28.453 GMT+0100,161.941,161.899,0.0138,0.0162
15.12.2021 13:45:10.029 GMT+0100,161.91299999999998,161.866,0.0138,0.0162
15.12.2021 13:45:17.853 GMT+0100,161.941,161.898,0.0138,0.0162
15.12.2021 13:45:52.099 GMT+0100,161.916,161.868,0.0138,0.0162
15.12.2021 13:45:53.061 GMT+0100,161.883,161.834,0.0138,0.0162
15.12.2021 13:46:17.893 GMT+0100,161.852,161.80100000000002,0.0138,0.0162
15.12.2021 13:46:20.479 GMT+0100,161.885,161.83700000000002,0.0138,0.0162
15.12.2021 13:46:25.391 GMT+0100,161.853,161.805,0.0138,0.0162
15.12.2021 13:46:54.167 GMT+0100,161.879,161.83200000000002,0.0138,0.0162
15.12.2021 13:47:13.446 GMT+0100,161.852,161.804,0.0138,0.0162
15.12.2021 13:47:16.005 GMT+0100,161.881,161.834,0.0138,0.0162
15.12.2021 13:47:16.163 GMT+0100,161.853,161.805,0.0138,0.0162
15.12.2021 13:49:06.396 GMT+0100,161.883,161.835,0.0138,0.0162
15.12.2021 13:49:11.858 GMT+0100,161.851,161.804,0.0138,0.0162
15.12.2021 13:49:16.107 GMT+0100,161.883,161.83200000000002,0.0138,0.0162
15.12.2021 13:49:30.383 GMT+0100,161.851,161.803,0.0138,0.0162
15.12.2021 13:50:06.293 GMT+0100,161.881,161.833,0.0138,0.0162
15.12.2021 13:51:17.474 GMT+0100,161.91299999999998,161.866,0.0138,0.0162
15.12.2021 13:51:22.537 GMT+0100,161.94299999999998,161.89700000000002,0.0138,0.0162
15.12.2021 13:51:22.848 GMT+0100,161.912,161.87,0.0138,0.0162
15.12.2021 13:51:26.307 GMT+0100,161.944,161.899,0.0138,0.0162
15.12.2021 13:51:26.576 GMT+0100,161.91299999999998,161.866,0.0138,0.0162
15.12.2021 13:52:44.964 GMT+0100,161.94299999999998,161.89600000000002,0.0138,0.0162
15.12.2021 13:52:45.298 GMT+0100,161.91299999999998,161.87,0.0138,0.0162
15.12.2021 13:53:17.438 GMT+0100,161.947,161.899,0.0138,0.0162
15.12.2021 13:53:33.975 GMT+0100,161.912,161.87,0.0138,0.0162
15.12.2021 13:53:39.257 GMT+0100,161.886,161.834,0.0138,0.0162
15.12.2021 13:53:39.400 GMT+0100,161.91299999999998,161.87,0.0138,0.0162
15.12.2021 13:53:49.456 GMT+0100,161.881,161.835,0.0138,0.0162
15.12.2021 13:53:49.579 GMT+0100,161.91,161.864,0.0138,0.0162
15.12.2021 13:53:51.829 GMT+0100,161.886,161.839,0.0138,0.0162
15.12.2021 13:53:52.234 GMT+0100,161.89700000000002,161.849,0.0138,0.0162
15.12.2021 13:53:52.580 GMT+0100,161.883,161.836,0.0138,0.0162
15.12.2021 13:53:53.361 GMT+0100,161.91299999999998,161.86700000000002,0.0138,0.0162
15.12.2021 13:53:53.635 GMT+0100,161.881,161.83200000000002,0.0138,0.0162
15.12.2021 13:54:00.667 GMT+0100,161.915,161.864,0.0138,0.0162
15.12.2021 13:54:13.268 GMT+0100,161.885,161.83200000000002,0.0138,0.0162
15.12.2021 13:54:14.505 GMT+0100,161.914,161.865,0.0138,0.0162
15.12.2021 13:55:42.832 GMT+0100,161.941,161.901,0.0138,0.0162
15.12.2021 13:56:25.770 GMT+0100,161.915,161.866,0.0138,0.0162
15.12.2021 13:57:44.742 GMT+0100,161.881,161.839,0.0138,0.0162
15.12.2021 13:57:44.903 GMT+0100,161.916,161.865,0.0138,0.0162
15.12.2021 13:57:46.756 GMT+0100,161.884,161.836,0.0138,0.0162
15.12.2021 13:57:47.101 GMT+0100,161.916,161.864,0.0138,0.0162
15.12.2021 13:57:51.024 GMT+0100,161.881,161.835,0.0138,0.0162
15.12.2021 13:57:52.729 GMT+0100,161.914,161.86700000000002,0.0138,0.0162
15.12.2021 13:57:57.947 GMT+0100,161.882,161.83200000000002,0.0138,0.0162
15.12.2021 13:57:58.226 GMT+0100,161.912,161.86700000000002,0.0138,0.0162
15.12.2021 13:59:39.413 GMT+0100,161.945,161.89700000000002,0.0138,0.0162
15.12.2021 14:00:21.733 GMT+0100,161.91,161.863,0.0138,0.0162
15.12.2021 14:00:22.439 GMT+0100,161.94299999999998,161.898,0.0138,0.0162
15.12.2021 14:00:34.579 GMT+0100,161.91299999999998,161.866,0.0138,0.0162
15.12.2021 14:00:37.299 GMT+0100,161.946,161.89700000000002,0.0138,0.0162
15.12.2021 14:00:58.469 GMT+0100,161.975,161.929,0.0138,0.0162
15.12.2021 14:01:00.122 GMT+0100,161.947,161.89700000000002,0.0138,0.0162
15.12.2021 14:01:00.774 GMT+0100,161.975,161.928,0.0138,0.0162
15.12.2021 14:01:04.047 GMT+0100,162.008,161.958,0.0138,0.0162
15.12.2021 14:01:12.177 GMT+0100,161.977,161.933,0.0138,0.0162
15.12.2021 14:03:53.184 GMT+0100,162.009,161.964,0.0138,0.0162
15.12.2021 14:03:53.321 GMT+0100,161.975,161.92600000000002,0.0138,0.0162
15.12.2021 14:03:54.045 GMT+0100,162.009,161.96200000000002,0.0138,0.0162
15.12.2021 14:05:13.928 GMT+0100,161.97299999999998,161.92700000000002,0.0138,0.0162
15.12.2021 14:06:25.440 GMT+0100,161.945,161.89600000000002,0.0138,0.0162
15.12.2021 14:06:25.644 GMT+0100,161.97299999999998,161.928,0.0138,0.0162
15.12.2021 14:06:27.069 GMT+0100,161.94299999999998,161.895,0.0138,0.0162
15.12.2021 14:06:27.565 GMT+0100,161.97299999999998,161.93,0.0138,0.0162
15.12.2021 14:08:01.335 GMT+0100,162.009,161.96,0.0138,0.0162
15.12.2021 14:08:05.325 GMT+0100,161.979,161.933,0.0138,0.0162
15.12.2021 14:08:05.697 GMT+0100,162.009,161.96,0.0138,0.0162
15.12.2021 14:09:15.861 GMT+0100,161.978,161.928,0.0138,0.0162
15.12.2021 14:09:32.222 GMT+0100,162.007,161.96200000000002,0.0138,0.0162
15.12.2021 14:10:02.827 GMT+0100,161.975,161.933,0.0138,0.0162
15.12.2021 14:10:45.696 GMT+0100,162.011,161.959,0.0138,0.0162
15.12.2021 14:10:57.024 GMT+0100,161.978,161.93,0.0138,0.0162
15.12.2021 14:10:57.224 GMT+0100,162.004,161.959,0.0138,0.0162
15.12.2021 14:10:58.735 GMT+0100,161.977,161.933,0.0138,0.0162
15.12.2021 14:10:59.480 GMT+0100,162.006,161.964,0.0138,0.0162
15.12.2021 14:11:00.184 GMT+0100,161.976,161.933,0.0138,0.0162
15.12.2021 14:11:26.806 GMT+0100,162.011,161.959,0.0138,0.0162
15.12.2021 14:11:28.983 GMT+0100,161.975,161.933,0.0138,0.0162
15.12.2021 14:11:29.371 GMT+0100,162.006,161.95700000000002,0.0138,0.0162
15.12.2021 14:11:50.040 GMT+0100,161.977,161.929,0.0138,0.0162
15.12.2021 14:11:50.286 GMT+0100,162.008,161.959,0.0138,0.0162
15.12.2021 14:11:51.103 GMT+0100,161.976,161.92600000000002,0.0138,0.0162
15.12.2021 14:12:31.634 GMT+0100,162.007,161.959,0.0138,0.0162
15.12.2021 14:12:38.870 GMT+0100,161.976,161.928,0.0138,0.0162
15.12.2021 14:12:39.021 GMT+0100,162.01,161.964,0.0138,0.0162
15.12.2021 14:13:02.510 GMT+0100,161.979,161.933,0.0138,0.0162
15.12.2021 14:13:47.274 GMT+0100,161.941,161.898,0.0138,0.0162
15.12.2021 14:13:47.375 GMT+0100,161.976,161.933,0.0138,0.0162
15.12.2021 14:13:47.994 GMT+0100,161.948,161.901,0.0138,0.0162
15.12.2021 14:13:48.146 GMT+0100,161.975,161.928,0.0138,0.0162
15.12.2021 14:13:50.837 GMT+0100,161.947,161.89700000000002,0.0138,0.0162
15.12.2021 14:13:58.295 GMT+0100,161.978,161.928,0.0138,0.0162
15.12.2021 14:13:58.484 GMT+0100,161.94299999999998,161.894,0.0138,0.0162
15.12.2021 14:13:59.810 GMT+0100,161.977,161.931,0.0138,0.0162
15.12.2021 14:14:01.378 GMT+0100,161.947,161.895,0.0138,0.0162
15.12.2021 14:14:02.153 GMT+0100,161.964,161.91,0.0138,0.0162
15.12.2021 14:14:02.333 GMT+0100,161.97299999999998,161.92600000000002,0.0138,0.0162
15.12.2021 14:16:13.312 GMT+0100,162.008,161.959,0.0137,0.0163
15.12.2021 14:16:22.247 GMT+0100,162.039,161.995,0.0137,0.0163
15.12.2021 14:16:25.936 GMT+0100,162.066,162.019,0.0137,0.0163
15.12.2021 14:16:26.090 GMT+0100,162.03799999999998,161.99200000000002,0.0137,0.0163
15.12.2021 14:16:45.141 GMT+0100,162.069,162.024,0.0137,0.0163
15.12.2021 14:16:45.292 GMT+0100,162.041,161.99,0.0137,0.0163
15.12.2021 14:17:09.962 GMT+0100,162.072,162.02100000000002,0.0137,0.0163
15.12.2021 14:17:10.072 GMT+0100,162.039,161.99200000000002,0.0137,0.0163
15.12.2021 14:18:36.956 GMT+0100,162.006,161.964,0.0137,0.0163
15.12.2021 14:18:39.044 GMT+0100,162.041,161.991,0.0137,0.0163
15.12.2021 14:18:40.790 GMT+0100,162.008,161.958,0.0137,0.0163
15.12.2021 14:18:50.458 GMT+0100,162.039,161.995,0.0137,0.0163
15.12.2021 14:20:10.899 GMT+0100,162.009,161.958,0.0137,0.0163
15.12.2021 14:20:38.324 GMT+0100,161.979,161.933,0.0137,0.0163
15.12.2021 14:20:49.086 GMT+0100,162.006,161.96200000000002,0.0137,0.0163
15.12.2021 14:22:00.866 GMT+0100,161.979,161.92600000000002,0.0137,0.0163
15.12.2021 14:22:36.263 GMT+0100,162.01,161.964,0.0137,0.0163
15.12.2021 14:22:40.467 GMT+0100,161.97299999999998,161.92700000000002,0.0137,0.0163
15.12.2021 14:22:44.257 GMT+0100,162.004,161.96200000000002,0.0137,0.0163
15.12.2021 14:22:44.463 GMT+0100,161.978,161.929,0.0137,0.0163
15.12.2021 14:22:48.045 GMT+0100,162.008,161.958,0.0137,0.0163
15.12.2021 14:23:19.861 GMT+0100,162.04,161.993,0.0137,0.0163
15.12.2021 14:23:25.637 GMT+0100,162.009,161.958,0.0137,0.0163
15.12.2021 14:23:35.873 GMT+0100,162.037,161.988,0.0137,0.0163
15.12.2021 14:24:42.183 GMT+0100,162.008,161.96200000000002,0.0137,0.0163
15.12.2021 14:24:53.367 GMT+0100,162.042,161.993,0.0137,0.0163
15.12.2021 14:24:55.407 GMT+0100,162.008,161.958,0.0137,0.0163
15.12.2021 14:25:08.621 GMT+0100,162.042,161.991,0.0137,0.0163
15.12.2021 14:25:08.757 GMT+0100,162.007,161.964,0.0137,0.0163
15.12.2021 14:26:03.334 GMT+0100,161.98,161.928,0.0137,0.0163
15.12.2021 14:26:08.223 GMT+0100,162.007,161.959,0.0137,0.0163
15.12.2021 14:26:08.698 GMT+0100,161.98,161.929,0.0137,0.0163
15.12.2021 14:26:20.226 GMT+0100,162.008,161.964,0.0137,0.0163
15.12.2021 14:26:20.970 GMT+0100,161.975,161.933,0.0137,0.0163
15.12.2021 14:26:58.757 GMT+0100,162.004,161.96,0.0137,0.0163
15.12.2021 14:27:01.382 GMT+0100,161.977,161.92600000000002,0.0137,0.0163
15.12.2021 14:27:02.889 GMT+0100,162.007,161.96,0.0137,0.0163
15.12.2021 14:27:07.203 GMT+0100,161.979,161.928,0.0137,0.0163
15.12.2021 14:27:08.022 GMT+0100,162.011,161.96200000000002,0.0137,0.0163
15.12.2021 14:27:08.130 GMT+0100,161.994,161.942,0.0137,0.0163
15.12.2021 14:27:09.967 GMT+0100,161.977,161.92600000000002,0.0137,0.0163
15.12.2021 14:27:16.003 GMT+0100,162.011,161.96200000000002,0.0137,0.0163
15.12.2021 14:28:16.773 GMT+0100,161.98,161.928,0.0137,0.0163
15.12.2021 14:29:00.442 GMT+0100,162.011,161.961,0.0137,0.0163
15.12.2021 14:29:20.598 GMT+0100,162.03799999999998,161.991,0.0137,0.0163
15.12.2021 14:29:21.102 GMT+0100,162.06799999999998,162.02,0.0137,0.0163
15.12.2021 14:29:25.334 GMT+0100,162.105,162.05100000000002,0.0137,0.0163
15.12.2021 14:29:25.475 GMT+0100,162.072,162.023,0.0137,0.0163
15.12.2021 14:29:25.982 GMT+0100,162.08200000000002,162.039,0.0137,0.0163
15.12.2021 14:29:26.581 GMT+0100,162.101,162.055,0.0137,0.0163
15.12.2021 14:29:26.693 GMT+0100,162.085,162.035,0.0137,0.0163
15.12.2021 14:29:26.839 GMT+0100,162.069,162.023,0.0137,0.0163
15.12.2021 14:29:28.625 GMT+0100,162.08200000000002,162.039,0.0137,0.0163
15.12.2021 14:29:29.744 GMT+0100,162.09799999999998,162.05200000000002,0.0137,0.0163
15.12.2021 14:29:42.951 GMT+0100,162.073,162.024,0.0137,0.0163
15.12.2021 14:29:43.996 GMT+0100,162.105,162.053,0.0137,0.0163
15.12.2021 14:29:44.569 GMT+0100,162.073,162.026,0.0137,0.0163
15.12.2021 14:29:51.196 GMT+0100,162.104,162.058,0.0137,0.0163
15.12.2021 14:29:53.051 GMT+0100,162.133,162.084,0.0137,0.0163
15.12.2021 14:29:53.331 GMT+0100,162.105,162.055,0.0137,0.0163
15.12.2021 14:29:53.463 GMT+0100,162.11700000000002,162.07,0.0137,0.0163
15.12.2021 14:29:57.410 GMT+0100,162.1,162.058,0.0137,0.0163
15.12.2021 14:29:57.689 GMT+0100,162.118,162.066,0.0137,0.0163
15.12.2021 14:29:58.107 GMT+0100,162.102,162.05200000000002,0.0137,0.0163
15.12.2021 14:30:00.173 GMT+0100,162.12,162.073,0.0137,0.0163
15.12.2021 14:30:00.833 GMT+0100,162.133,162.08200000000002,0.0137,0.0163
15.12.2021 14:30:00.973 GMT+0100,162.145,162.105,0.0137,0.0163
15.12.2021 14:30:01.404 GMT+0100,162.132,162.08700000000002,0.0137,0.0163
15.12.2021 14:30:01.562 GMT+0100,162.151,162.099,0.0137,0.0163
15.12.2021 14:30:01.689 GMT+0100,162.166,162.11700000000002,0.0137,0.0163
15.12.2021 14:30:01.840 GMT+0100,162.145,162.099,0.0137,0.0163
15.12.2021 14:30:02.294 GMT+0100,162.16,162.114,0.0137,0.0163
15.12.2021 14:30:03.468 GMT+0100,162.256,162.21,0.0137,0.0163
15.12.2021 14:30:03.569 GMT+0100,162.23,162.181,0.0137,0.0163
15.12.2021 14:30:03.713 GMT+0100,162.195,162.151,0.0137,0.0163
15.12.2021 14:30:04.339 GMT+0100,162.22299999999998,162.183,0.0137,0.0163
15.12.2021 14:30:04.993 GMT+0100,162.198,162.149,0.0137,0.0163
15.12.2021 14:30:05.130 GMT+0100,162.214,162.16,0.0137,0.0163
15.12.2021 14:30:05.386 GMT+0100,162.19299999999998,162.151,0.0137,0.0163
15.12.2021 14:30:08.567 GMT+0100,162.132,162.08200000000002,0.0137,0.0163
15.12.2021 14:30:12.376 GMT+0100,162.164,162.116,0.0137,0.0163
15.12.2021 14:30:20.463 GMT+0100,162.136,162.08200000000002,0.0137,0.0163
15.12.2021 14:30:22.510 GMT+0100,162.149,162.105,0.0137,0.0163
15.12.2021 14:30:22.685 GMT+0100,162.165,162.114,0.0137,0.0163
15.12.2021 14:30:23.015 GMT+0100,162.136,162.086,0.0137,0.0163
15.12.2021 14:30:23.421 GMT+0100,162.164,162.12,0.0137,0.0163
15.12.2021 14:30:25.174 GMT+0100,162.133,162.083,0.0137,0.0163
15.12.2021 14:30:27.289 GMT+0100,162.16,162.12,0.0137,0.0163
15.12.2021 14:30:29.034 GMT+0100,162.134,162.089,0.0137,0.0163
15.12.2021 14:30:34.649 GMT+0100,162.167,162.116,0.0137,0.0163
15.12.2021 14:30:34.928 GMT+0100,162.129,162.089,0.0137,0.0163
15.12.2021 14:30:36.088 GMT+0100,162.162,162.12,0.0137,0.0163
15.12.2021 14:30:43.561 GMT+0100,162.135,162.086,0.0137,0.0163
15.12.2021 14:31:31.044 GMT+0100,162.16299999999998,162.114,0.0137,0.0163
15.12.2021 14:31:38.027 GMT+0100,162.195,162.14700000000002,0.0137,0.0163
15.12.2021 14:31:38.306 GMT+0100,162.16,162.115,0.0137,0.0163
15.12.2021 14:31:40.719 GMT+0100,162.191,162.151,0.0137,0.0163
15.12.2021 14:31:41.327 GMT+0100,162.166,162.11700000000002,0.0137,0.0163
15.12.2021 14:32:03.179 GMT+0100,162.133,162.086,0.0137,0.0163
15.12.2021 14:32:03.443 GMT+0100,162.166,162.12,0.0137,0.0163
15.12.2021 14:32:18.086 GMT+0100,162.136,162.089,0.0137,0.0163
15.12.2021 14:32:32.165 GMT+0100,162.167,162.11700000000002,0.0137,0.0163
15.12.2021 14:32:32.268 GMT+0100,162.148,162.103,0.0137,0.0163
15.12.2021 14:32:33.182 GMT+0100,162.136,162.08200000000002,0.0137,0.0163
15.12.2021 14:32:33.849 GMT+0100,162.16299999999998,162.116,0.0137,0.0163
15.12.2021 14:32:45.556 GMT+0100,162.191,162.151,0.0137,0.0163
15.12.2021 14:32:48.031 GMT+0100,162.225,162.17700000000002,0.0137,0.0163
15.12.2021 14:32:48.318 GMT+0100,162.19299999999998,162.144,0.0137,0.0163
15.12.2021 14:32:48.614 GMT+0100,162.213,162.165,0.0137,0.0163
15.12.2021 14:32:49.696 GMT+0100,162.191,162.148,0.0137,0.0163
15.12.2021 14:32:53.170 GMT+0100,162.214,162.165,0.0137,0.0163
15.12.2021 14:32:53.368 GMT+0100,162.22299999999998,162.17700000000002,0.0137,0.0163
15.12.2021 14:32:57.667 GMT+0100,162.259,162.208,0.0137,0.0163
15.12.2021 14:32:59.952 GMT+0100,162.228,162.183,0.0137,0.0163
15.12.2021 14:33:00.195 GMT+0100,162.26,162.211,0.0137,0.0163
15.12.2021 14:33:00.905 GMT+0100,162.229,162.179,0.0137,0.0163
15.12.2021 14:33:01.118 GMT+0100,162.257,162.208,0.0137,0.0163
15.12.2021 14:33:01.290 GMT+0100,162.229,162.181,0.0137,0.0163
15.12.2021 14:33:08.222 GMT+0100,162.26,162.21,0.0137,0.0163
15.12.2021 14:33:11.928 GMT+0100,162.23,162.183,0.0137,0.0163
15.12.2021 14:33:24.857 GMT+0100,162.258,162.21,0.0137,0.0163
15.12.2021 14:33:24.963 GMT+0100,162.227,162.18,0.0137,0.0163
15.12.2021 14:33:27.047 GMT+0100,162.259,162.21200000000002,0.0137,0.0163
15.12.2021 14:33:27.904 GMT+0100,162.22299999999998,162.18,0.0137,0.0163
15.12.2021 14:33:32.691 GMT+0100,162.257,162.21200000000002,0.0137,0.0163
15.12.2021 14:33:33.488 GMT+0100,162.228,162.18,0.0137,0.0163
15.12.2021 14:33:35.102 GMT+0100,162.256,162.21200000000002,0.0137,0.0163
15.12.2021 14:33:35.345 GMT+0100,162.229,162.183,0.0137,0.0163
15.12.2021 14:33:58.372 GMT+0100,162.258,162.209,0.0137,0.0163
15.12.2021 14:34:02.003 GMT+0100,162.23,162.17700000000002,0.0137,0.0163
15.12.2021 14:34:02.282 GMT+0100,162.258,162.21200000000002,0.0137,0.0163
15.12.2021 14:34:09.992 GMT+0100,162.226,162.178,0.0137,0.0163
15.12.2021 14:34:20.971 GMT+0100,162.194,162.14700000000002,0.0137,0.0163
15.12.2021 14:34:27.774 GMT+0100,162.165,162.116,0.0137,0.0163
15.12.2021 14:35:00.102 GMT+0100,162.155,162.118,0,0.0163
15.12.2021 14:35:03.798 GMT+0100,162.155,162.145,0,0.0163
15.12.2021 14:35:07.716 GMT+0100,162.226,162.179,0.0137,0.0163
15.12.2021 14:35:07.876 GMT+0100,162.155,162.148,0,0.0162
15.12.2021 14:35:08.024 GMT+0100,162.195,162.148,0.0138,0.0162
15.12.2021 14:35:08.529 GMT+0100,162.225,162.161,0.0138,0.0162
15.12.2021 14:35:21.919 GMT+0100,162.198,162.145,0.0138,0.0162
15.12.2021 14:35:31.669 GMT+0100,162.23,162.16,0.0138,0.0162
15.12.2021 14:35:43.810 GMT+0100,162.196,162.14700000000002,0.0138,0.0162
15.12.2021 14:35:45.019 GMT+0100,162.226,162.17700000000002,0.0138,0.0162
15.12.2021 14:35:50.310 GMT+0100,162.198,162.151,0.0138,0.0162
15.12.2021 14:36:03.959 GMT+0100,162.162,162.118,0.0138,0.0162
15.12.2021 14:36:10.369 GMT+0100,162.136,162.08200000000002,0.0138,0.0162
15.12.2021 14:36:10.714 GMT+0100,162.167,162.118,0.0138,0.0162
15.12.2021 14:36:51.455 GMT+0100,162.19299999999998,162.14600000000002,0.0138,0.0162
15.12.2021 14:37:26.887 GMT+0100,162.228,162.17600000000002,0.0138,0.0162
15.12.2021 14:37:57.088 GMT+0100,162.19299999999998,162.14600000000002,0.0138,0.0162
15.12.2021 14:37:58.176 GMT+0100,162.227,162.181,0.0138,0.0162
15.12.2021 14:37:58.358 GMT+0100,162.191,162.145,0.0138,0.0162
15.12.2021 14:37:58.961 GMT+0100,162.23,162.17700000000002,0.0138,0.0162
15.12.2021 14:38:02.457 GMT+0100,162.19299999999998,162.151,0.0138,0.0162
15.12.2021 14:38:08.353 GMT+0100,162.16,162.113,0.0138,0.0162
15.12.2021 14:38:12.546 GMT+0100,162.132,162.085,0.0138,0.0162
15.12.2021 14:38:12.881 GMT+0100,162.16,162.11700000000002,0.0138,0.0162
15.12.2021 14:38:15.314 GMT+0100,162.194,162.151,0.0138,0.0162
15.12.2021 14:38:15.521 GMT+0100,162.16,162.113,0.0138,0.0162
15.12.2021 14:38:15.651 GMT+0100,162.195,162.148,0.0138,0.0162
15.12.2021 14:38:15.851 GMT+0100,162.16,162.115,0.0138,0.0162
15.12.2021 14:39:17.244 GMT+0100,162.136,162.083,0.0138,0.0162
15.12.2021 14:39:51.456 GMT+0100,162.09799999999998,162.05100000000002,0.0138,0.0162
15.12.2021 14:39:52.497 GMT+0100,162.135,162.084,0.0138,0.0162
15.12.2021 14:40:12.373 GMT+0100,162.16,162.118,0.0138,0.0162
15.12.2021 14:40:12.675 GMT+0100,162.134,162.084,0.0138,0.0162
15.12.2021 14:40:13.038 GMT+0100,162.165,162.115,0.0138,0.0162
15.12.2021 14:40:28.621 GMT+0100,162.135,162.086,0.0138,0.0162
15.12.2021 14:40:31.439 GMT+0100,162.16299999999998,162.12,0.0138,0.0162
15.12.2021 14:40:54.666 GMT+0100,162.129,162.08200000000002,0.0138,0.0162
15.12.2021 14:40:59.349 GMT+0100,162.165,162.12,0.0138,0.0162
15.12.2021 14:41:17.005 GMT+0100,162.134,162.084,0.0138,0.0162
15.12.2021 14:41:18.011 GMT+0100,162.165,162.113,0.0138,0.0162
15.12.2021 14:41:18.941 GMT+0100,162.136,162.085,0.0138,0.0162
15.12.2021 14:41:43.297 GMT+0100,162.167,162.115,0.0138,0.0162
15.12.2021 14:41:44.757 GMT+0100,162.133,162.08700000000002,0.0138,0.0162
15.12.2021 14:41:44.858 GMT+0100,162.162,162.113,0.0138,0.0162
15.12.2021 14:41:45.297 GMT+0100,162.131,162.08700000000002,0.0138,0.0162
15.12.2021 14:41:45.562 GMT+0100,162.16,162.118,0.0138,0.0162
15.12.2021 14:41:45.827 GMT+0100,162.134,162.083,0.0138,0.0162
15.12.2021 14:41:59.126 GMT+0100,162.162,162.113,0.0138,0.0162
15.12.2021 14:41:59.375 GMT+0100,162.129,162.086,0.0138,0.0162
15.12.2021 14:42:38.450 GMT+0100,162.162,162.114,0.0138,0.0162
15.12.2021 14:42:41.891 GMT+0100,162.129,162.083,0.0138,0.0162
15.12.2021 14:42:47.569 GMT+0100,162.103,162.053,0.0138,0.0162
15.12.2021 14:42:51.338 GMT+0100,162.134,162.08700000000002,0.0138,0.0162
15.12.2021 14:42:51.457 GMT+0100,162.101,162.05100000000002,0.0138,0.0162
15.12.2021 14:42:53.687 GMT+0100,162.073,162.023,0.0138,0.0162
15.12.2021 14:43:30.692 GMT+0100,162.042,161.99,0.0138,0.0162
15.12.2021 14:43:36.756 GMT+0100,162.05100000000002,162.004,0.0138,0.0162
15.12.2021 14:43:36.860 GMT+0100,162.066,162.02,0.0138,0.0162
15.12.2021 14:43:37.264 GMT+0100,162.041,161.99200000000002,0.0138,0.0162
15.12.2021 14:43:37.439 GMT+0100,162.069,162.02100000000002,0.0138,0.0162
15.12.2021 14:43:37.665 GMT+0100,162.03799999999998,161.993,0.0138,0.0162
15.12.2021 14:43:38.412 GMT+0100,162.066,162.02100000000002,0.0138,0.0162
15.12.2021 14:43:38.563 GMT+0100,162.04,161.99,0.0138,0.0162
15.12.2021 14:44:42.727 GMT+0100,162.008,161.96200000000002,0.0137,0.0163
15.12.2021 14:44:43.962 GMT+0100,162.042,161.993,0.0137,0.0163
15.12.2021 14:44:44.120 GMT+0100,162.009,161.96200000000002,0.0137,0.0163
15.12.2021 14:44:44.892 GMT+0100,162.04,161.99200000000002,0.0137,0.0163
15.12.2021 14:44:45.217 GMT+0100,162.007,161.958,0.0137,0.0163
15.12.2021 14:45:30.604 GMT+0100,161.975,161.931,0.0137,0.0163
15.12.2021 14:45:31.728 GMT+0100,161.988,161.948,0.0137,0.0163
15.12.2021 14:45:31.954 GMT+0100,162.007,161.96200000000002,0.0137,0.0163
15.12.2021 14:45:37.510 GMT+0100,161.976,161.92600000000002,0.0137,0.0163
15.12.2021 14:45:41.075 GMT+0100,162.009,161.96200000000002,0.0137,0.0163
15.12.2021 14:46:15.706 GMT+0100,161.977,161.931,0.0137,0.0163
15.12.2021 14:46:29.381 GMT+0100,162.006,161.961,0.0137,0.0163
15.12.2021 14:46:38.314 GMT+0100,161.995,161.948,0.0137,0.0163
15.12.2021 14:46:39.894 GMT+0100,161.978,161.933,0.0137,0.0163
15.12.2021 14:46:50.472 GMT+0100,162.004,161.96200000000002,0.0137,0.0163
15.12.2021 14:46:57.805 GMT+0100,161.977,161.929,0.0137,0.0163
15.12.2021 14:46:59.253 GMT+0100,162.004,161.958,0.0137,0.0163
15.12.2021 14:47:16.223 GMT+0100,162.039,161.988,0.0137,0.0163
15.12.2021 14:48:08.735 GMT+0100,162.073,162.019,0.0137,0.0163
15.12.2021 14:48:09.152 GMT+0100,162.035,161.988,0.0137,0.0163
15.12.2021 14:48:41.175 GMT+0100,162.06799999999998,162.02100000000002,0.0137,0.0163
15.12.2021 14:48:42.734 GMT+0100,162.042,161.99200000000002,0.0137,0.0163
15.12.2021 14:49:24.949 GMT+0100,162.007,161.961,0.0137,0.0163
15.12.2021 14:49:31.593 GMT+0100,161.979,161.931,0.0137,0.0163
15.12.2021 14:49:33.834 GMT+0100,162.009,161.961,0.0137,0.0163
15.12.2021 14:49:34.013 GMT+0100,161.976,161.928,0.0137,0.0163
15.12.2021 14:49:41.058 GMT+0100,161.948,161.895,0.0137,0.0163
15.12.2021 14:49:42.019 GMT+0100,161.98,161.92600000000002,0.0137,0.0163
15.12.2021 14:49:58.219 GMT+0100,161.941,161.89700000000002,0.0137,0.0163
15.12.2021 14:50:05.982 GMT+0100,161.977,161.928,0.0137,0.0163
15.12.2021 14:50:07.453 GMT+0100,161.941,161.899,0.0137,0.0163
15.12.2021 14:50:07.603 GMT+0100,161.961,161.912,0.0137,0.0163
15.12.2021 14:50:08.766 GMT+0100,161.975,161.92700000000002,0.0137,0.0163
15.12.2021 14:50:09.812 GMT+0100,161.946,161.901,0.0137,0.0163
15.12.2021 14:50:10.886 GMT+0100,161.975,161.92600000000002,0.0137,0.0163
15.12.2021 14:50:18.236 GMT+0100,161.948,161.895,0.0137,0.0163
15.12.2021 14:50:18.413 GMT+0100,161.976,161.92700000000002,0.0137,0.0163
15.12.2021 14:50:30.087 GMT+0100,161.947,161.899,0.0137,0.0163
15.12.2021 14:50:30.769 GMT+0100,161.979,161.931,0.0137,0.0163
15.12.2021 14:50:51.411 GMT+0100,162.011,161.959,0.0137,0.0163
15.12.2021 14:51:15.231 GMT+0100,162.039,161.995,0.0137,0.0163
15.12.2021 14:51:15.356 GMT+0100,162.008,161.964,0.0137,0.0163
15.12.2021 14:51:16.913 GMT+0100,162.037,161.988,0.0137,0.0163
15.12.2021 14:51:17.108 GMT+0100,162.008,161.964,0.0137,0.0163
15.12.2021 14:52:01.804 GMT+0100,161.977,161.933,0.0137,0.0163
15.12.2021 14:52:11.613 GMT+0100,162.009,161.958,0.0137,0.0163
15.12.2021 14:52:18.193 GMT+0100,161.98,161.92600000000002,0.0137,0.0163
15.12.2021 14:52:32.586 GMT+0100,162.01,161.961,0.0137,0.0163
15.12.2021 14:53:06.868 GMT+0100,161.976,161.928,0.0137,0.0163
15.12.2021 14:53:34.231 GMT+0100,162.009,161.958,0.0137,0.0163
15.12.2021 14:54:04.245 GMT+0100,161.978,161.92700000000002,0.0137,0.0163
15.12.2021 14:54:05.011 GMT+0100,162.01,161.96,0.0137,0.0163
15.12.2021 14:54:22.903 GMT+0100,161.979,161.931,0.0137,0.0163
15.12.2021 14:54:23.183 GMT+0100,162.011,161.964,0.0137,0.0163
15.12.2021 14:54:23.751 GMT+0100,161.98,161.931,0.0137,0.0163
15.12.2021 14:54:23.873 GMT+0100,162.008,161.964,0.0137,0.0163
15.12.2021 14:54:28.071 GMT+0100,161.97299999999998,161.933,0.0137,0.0163
15.12.2021 14:54:29.999 GMT+0100,162.009,161.96,0.0137,0.0163
15.12.2021 14:54:30.994 GMT+0100,161.995,161.942,0.0137,0.0163
15.12.2021 14:54:31.407 GMT+0100,162.01,161.959,0.0137,0.0163
15.12.2021 14:54:58.122 GMT+0100,161.98,161.93,0.0137,0.0163
15.12.2021 14:55:12.763 GMT+0100,162.006,161.959,0.0137,0.0163
15.12.2021 14:55:32.090 GMT+0100,162.039,161.99,0.0137,0.0163
15.12.2021 14:56:19.099 GMT+0100,162.004,161.95700000000002,0.0137,0.0163
15.12.2021 14:56:19.570 GMT+0100,161.976,161.929,0.0137,0.0163
15.12.2021 14:56:19.700 GMT+0100,162.008,161.964,0.0137,0.0163
15.12.2021 14:56:19.831 GMT+0100,161.977,161.92600000000002,0.0137,0.0163
15.12.2021 14:56:36.735 GMT+0100,161.946,161.898,0.0137,0.0163
15.12.2021 14:56:46.604 GMT+0100,161.933,161.884,0.0137,0.0163
15.12.2021 14:56:46.745 GMT+0100,161.948,161.89700000000002,0.0137,0.0163
15.12.2021 14:56:47.313 GMT+0100,161.91299999999998,161.868,0.0137,0.0163
15.12.2021 14:56:47.604 GMT+0100,161.92600000000002,161.884,0.0137,0.0163
15.12.2021 14:56:47.998 GMT+0100,161.945,161.89600000000002,0.0137,0.0163
15.12.2021 14:56:59.216 GMT+0100,161.916,161.86700000000002,0.0137,0.0163
15.12.2021 14:57:00.023 GMT+0100,161.94299999999998,161.901,0.0137,0.0163
15.12.2021 14:57:00.418 GMT+0100,161.916,161.864,0.0137,0.0163
15.12.2021 14:57:06.085 GMT+0100,161.948,161.89600000000002,0.0137,0.0163
15.12.2021 14:57:07.974 GMT+0100,161.91,161.866,0.0137,0.0163
15.12.2021 14:57:08.742 GMT+0100,161.941,161.899,0.0137,0.0163
15.12.2021 14:57:38.206 GMT+0100,161.978,161.92700000000002,0.0137,0.0163
15.12.2021 14:57:39.078 GMT+0100,161.944,161.899,0.0137,0.0163
15.12.2021 14:57:42.086 GMT+0100,161.976,161.92700000000002,0.0137,0.0163
15.12.2021 14:57:45.038 GMT+0100,161.947,161.895,0.0137,0.0163
15.12.2021 14:57:59.211 GMT+0100,161.977,161.928,0.0137,0.0163
15.12.2021 14:57:59.781 GMT+0100,161.941,161.894,0.0137,0.0163
15.12.2021 14:58:49.075 GMT+0100,161.975,161.92600000000002,0.0137,0.0163
15.12.2021 14:58:53.036 GMT+0100,162.008,161.96,0.0137,0.0163
15.12.2021 14:58:54.115 GMT+0100,161.98,161.933,0.0137,0.0163
15.12.2021 14:58:54.237 GMT+0100,162.011,161.961,0.0137,0.0163
15.12.2021 14:59:06.254 GMT+0100,162.03799999999998,161.99200000000002,0.0137,0.0163
15.12.2021 14:59:08.025 GMT+0100,162.008,161.96200000000002,0.0137,0.0163
15.12.2021 14:59:08.157 GMT+0100,162.04,161.988,0.0137,0.0163
15.12.2021 14:59:08.277 GMT+0100,162.02200000000002,161.976,0.0137,0.0163
15.12.2021 14:59:09.492 GMT+0100,162.03799999999998,161.991,0.0137,0.0163
15.12.2021 14:59:21.491 GMT+0100,162.011,161.96,0.0137,0.0163
15.12.2021 14:59:22.491 GMT+0100,162.035,161.99,0.0137,0.0163
15.12.2021 14:59:22.825 GMT+0100,162.02,161.98,0.0137,0.0163
15.12.2021 14:59:23.438 GMT+0100,162.041,161.988,0.0137,0.0163
15.12.2021 14:59:24.195 GMT+0100,162.02700000000002,161.977,0.0137,0.0163
15.12.2021 14:59:25.545 GMT+0100,162.04,161.989,0.0137,0.0163
15.12.2021 14:59:30.880 GMT+0100,162.004,161.961,0.0137,0.0163
15.12.2021 14:59:31.681 GMT+0100,162.03799999999998,161.989,0.0137,0.0163
15.12.2021 14:59:34.401 GMT+0100,162.004,161.959,0.0137,0.0163
15.12.2021 14:59:36.772 GMT+0100,162.03799999999998,161.988,0.0137,0.0163
15.12.2021 14:59:37.104 GMT+0100,162.01,161.95700000000002,0.0137,0.0163
15.12.2021 14:59:38.906 GMT+0100,162.037,161.99,0.0137,0.0163
15.12.2021 14:59:49.506 GMT+0100,162.011,161.96200000000002,0.0137,0.0163
15.12.2021 14:59:52.068 GMT+0100,162.02700000000002,161.98,0.0137,0.0163
15.12.2021 14:59:52.253 GMT+0100,162.039,161.993,0.0137,0.0163
15.12.2021 14:59:57.229 GMT+0100,162.071,162.02100000000002,0.0137,0.0163
15.12.2021 15:00:03.579 GMT+0100,162.101,162.056,0.0137,0.0163
15.12.2021 15:00:05.807 GMT+0100,162.072,162.02,0.0137,0.0163
15.12.2021 15:00:05.908 GMT+0100,162.09799999999998,162.055,0.0137,0.0163
15.12.2021 15:00:06.722 GMT+0100,162.066,162.019,0.0137,0.0163
15.12.2021 15:00:11.464 GMT+0100,162.105,162.05200000000002,0.0137,0.0163
15.12.2021 15:00:23.790 GMT+0100,162.136,162.085,0.0137,0.0163
15.12.2021 15:00:24.428 GMT+0100,162.09799999999998,162.05200000000002,0.0137,0.0163
15.12.2021 15:00:24.634 GMT+0100,162.134,162.086,0.0137,0.0163
15.12.2021 15:00:24.735 GMT+0100,162.101,162.053,0.0137,0.0163
15.12.2021 15:00:24.847 GMT+0100,162.131,162.086,0.0137,0.0163
15.12.2021 15:00:25.504 GMT+0100,162.101,162.055,0.0137,0.0163
15.12.2021 15:00:25.647 GMT+0100,162.135,162.086,0.0137,0.0163
15.12.2021 15:00:26.534 GMT+0100,162.103,162.05100000000002,0.0137,0.0163
15.12.2021 15:00:29.882 GMT+0100,162.132,162.083,0.0137,0.0163
15.12.2021 15:00:30.464 GMT+0100,162.103,162.053,0.0137,0.0163
