Local time,Ask,Bid,AskVolume,BidVolume
18.03.2015 00:00:00.184 GMT-0000,2074.913,2074.578,0.0005,0.0005
18.03.2015 00:00:15.927 GMT-0000,2075.023,2074.68,0.0005,0.0005
18.03.2015 00:00:36.318 GMT-0000,2074.927,2074.578,0.0005,0.0005
18.03.2015 00:00:42.223 GMT-0000,2075.005,2074.69,0.0005,0.0005
18.03.2015 00:01:07.348 GMT-0000,2075.221,2074.761,0.0005,0.0005
18.03.2015 00:02:25.616 GMT-0000,2075.024,2074.688,0.0005,0.0005
18.03.2015 00:02:25.716 GMT-0000,2075.235,2074.777,0.0005,0.0005
18.03.2015 00:02:26.116 GMT-0000,2075.005,2074.686,0.0005,0.0005
18.03.2015 00:02:30.406 GMT-0000,2075.2329999999997,2074.78,0.0005,0.0005
18.03.2015 00:02:31.721 GMT-0000,2075.029,2074.694,0.0005,0.0005
18.03.2015 00:02:38.026 GMT-0000,2075.23,2074.764,0.0005,0.0005
18.03.2015 00:02:51.237 GMT-0000,2075.024,2074.686,0.0005,0.0005
18.03.2015 00:03:12.356 GMT-0000,2075.225,2074.788,0.0005,0.0005
18.03.2015 00:03:40.270 GMT-0000,2075.004,2074.677,0.0005,0.0005
18.03.2015 00:04:14.312 GMT-0000,2075.126,2074.772,0.0005,0.0005
18.03.2015 00:04:14.446 GMT-0000,2075.232,2074.765,0.0005,0.0005
18.03.2015 00:04:23.756 GMT-0000,2075.024,2074.68,0.0005,0.0005
18.03.2015 00:04:27.286 GMT-0000,2075.21,2074.773,0.0005,0.0005
18.03.2015 00:04:29.025 GMT-0000,2075.32,2074.991,0.0005,0.0005
18.03.2015 00:04:29.125 GMT-0000,2075.232,2074.795,0.0005,0.0005
18.03.2015 00:05:33.978 GMT-0000,2075.004,2074.6710000000003,0.0005,0.0005
18.03.2015 00:05:44.462 GMT-0000,2075.239,2074.778,0.0005,0.0005
18.03.2015 00:05:44.512 GMT-0000,2075.009,2074.688,0.0005,0.0005
18.03.2015 00:05:46.490 GMT-0000,2075.223,2074.771,0.0005,0.0005
18.03.2015 00:05:46.590 GMT-0000,2075.014,2074.675,0.0005,0.0005
18.03.2015 00:05:53.996 GMT-0000,2075.224,2074.76,0.0005,0.0005
18.03.2015 00:06:32.828 GMT-0000,2075.0260000000003,2074.675,0.0005,0.0005
18.03.2015 00:06:35.023 GMT-0000,2075.23,2074.774,0.0005,0.0005
18.03.2015 00:06:37.132 GMT-0000,2075.0029999999997,2074.684,0.0005,0.0005
18.03.2015 00:06:43.037 GMT-0000,2075.2070000000003,2074.777,0.0005,0.0005
18.03.2015 00:06:50.044 GMT-0000,2075,2074.683,0.0005,0.0005
18.03.2015 00:06:50.144 GMT-0000,2075.2110000000002,2074.782,0.0005,0.0005
18.03.2015 00:06:50.645 GMT-0000,2075.008,2074.685,0.0005,0.0005
18.03.2015 00:06:51.345 GMT-0000,2075.2110000000002,2074.78,0.0005,0.0005
18.03.2015 00:06:51.446 GMT-0000,2075.011,2074.698,0.0005,0.0005
18.03.2015 00:07:01.957 GMT-0000,2075.2200000000003,2074.7960000000003,0.0005,0.0005
18.03.2015 00:07:34.998 GMT-0000,2075.021,2074.692,0.0005,0.0005
18.03.2015 00:07:49.713 GMT-0000,2075.21,2074.777,0.0005,0.0005
18.03.2015 00:08:30.930 GMT-0000,2075.028,2074.689,0.0005,0.0005
18.03.2015 00:08:35.535 GMT-0000,2075.235,2074.766,0.0005,0.0005
18.03.2015 00:08:37.888 GMT-0000,2075.025,2074.694,0.0005,0.0005
18.03.2015 00:09:02.159 GMT-0000,2074.93,2074.585,0.0005,0.0005
18.03.2015 00:09:49.700 GMT-0000,2075.028,2074.677,0.0005,0.0005
18.03.2015 00:10:55.157 GMT-0000,2074.91,2074.576,0.0005,0.0005
18.03.2015 00:11:09.622 GMT-0000,2075.029,2074.699,0.0005,0.0005
18.03.2015 00:13:12.042 GMT-0000,2075.226,2074.791,0.0005,0.0005
18.03.2015 00:16:21.605 GMT-0000,2075.008,2074.681,0.0005,0.0005
18.03.2015 00:16:31.636 GMT-0000,2075.2129999999997,2074.78,0.0005,0.0005
18.03.2015 00:20:50.854 GMT-0000,2075.327,2074.999,0.0005,0.0005
18.03.2015 00:21:04.164 GMT-0000,2075.3070000000002,2075.081,0.0005,0.0005
18.03.2015 00:21:04.270 GMT-0000,2075.702,2075.29,0.0005,0.0005
18.03.2015 00:21:05.066 GMT-0000,2075.515,2075.175,0.0005,0.0005
18.03.2015 00:21:09.694 GMT-0000,2075.424,2075.089,0.0005,0.0005
18.03.2015 00:25:13.355 GMT-0000,2075.518,2075.175,0.0005,0.0005
18.03.2015 00:26:47.182 GMT-0000,2075.4170000000004,2075.072,0.0005,0.0005
18.03.2015 00:28:08.620 GMT-0000,2075.321,2074.981,0.0005,0.0005
18.03.2015 00:28:35.357 GMT-0000,2075.418,2075.09,0.0005,0.0005
18.03.2015 00:28:42.519 GMT-0000,2075.301,2074.9829999999997,0.0005,0.0005
18.03.2015 00:28:42.846 GMT-0000,2075.425,2075.089,0.0005,0.0005
18.03.2015 00:29:09.032 GMT-0000,2075.309,2074.9900000000002,0.0005,0.0005
18.03.2015 00:34:53.205 GMT-0000,2075.225,2074.7870000000003,0.0005,0.0005
18.03.2015 00:43:02.988 GMT-0000,2075.021,2074.6910000000003,0.0005,0.0005
18.03.2015 00:43:17.290 GMT-0000,2074.905,2074.59,0.0005,0.0005
18.03.2015 00:47:25.497 GMT-0000,2074.809,2074.479,0.0005,0.0005
18.03.2015 00:47:53.820 GMT-0000,2074.9170000000004,2074.597,0.0005,0.0005
18.03.2015 00:51:52.107 GMT-0000,2075.018,2074.681,0.0005,0.0005
18.03.2015 00:55:44.398 GMT-0000,2074.8179999999998,2074.482,0.0005,0.0005
18.03.2015 01:00:50.000 GMT-0000,2074.916,2074.599,0.0005,0.0005
18.03.2015 01:00:51.058 GMT-0000,2075.027,2074.676,0.0005,0.0005
18.03.2015 01:00:52.159 GMT-0000,2074.926,2074.598,0.0005,0.0005
18.03.2015 01:01:18.380 GMT-0000,2075.0170000000003,2074.673,0.0005,0.0005
18.03.2015 01:01:19.653 GMT-0000,2074.915,2074.591,0.0005,0.0005
18.03.2015 01:01:55.009 GMT-0000,2075.008,2074.7,0.0005,0.0005
18.03.2015 01:01:56.923 GMT-0000,2074.9170000000004,2074.576,0.0005,0.0005
18.03.2015 01:02:09.820 GMT-0000,2075.028,2074.672,0.0005,0.0005
18.03.2015 01:02:11.325 GMT-0000,2074.9139999999998,2074.598,0.0005,0.0005
18.03.2015 01:02:15.425 GMT-0000,2075.0260000000003,2074.694,0.0005,0.0005
18.03.2015 01:02:16.284 GMT-0000,2074.916,2074.5820000000003,0.0005,0.0005
18.03.2015 01:03:31.587 GMT-0000,2075.019,2074.696,0.0005,0.0005
18.03.2015 01:03:33.039 GMT-0000,2074.911,2074.581,0.0005,0.0005
18.03.2015 01:03:45.446 GMT-0000,2075.011,2074.689,0.0005,0.0005
18.03.2015 01:03:46.291 GMT-0000,2074.9,2074.5879999999997,0.0005,0.0005
18.03.2015 01:03:55.908 GMT-0000,2075.028,2074.68,0.0005,0.0005
18.03.2015 01:03:56.291 GMT-0000,2074.916,2074.599,0.0005,0.0005
18.03.2015 01:04:04.316 GMT-0000,2075.029,2074.688,0.0005,0.0005
18.03.2015 01:04:04.908 GMT-0000,2074.926,2074.576,0.0005,0.0005
18.03.2015 01:04:13.924 GMT-0000,2075.0029999999997,2074.681,0.0005,0.0005
18.03.2015 01:04:14.367 GMT-0000,2074.925,2074.583,0.0005,0.0005
18.03.2015 01:05:34.189 GMT-0000,2075.0060000000003,2074.6870000000004,0.0005,0.0005
18.03.2015 01:05:35.086 GMT-0000,2074.904,2074.577,0.0005,0.0005
18.03.2015 01:06:46.247 GMT-0000,2075.011,2074.698,0.0005,0.0005
18.03.2015 01:06:47.654 GMT-0000,2074.9010000000003,2074.579,0.0005,0.0005
18.03.2015 01:07:01.060 GMT-0000,2075.01,2074.672,0.0005,0.0005
18.03.2015 01:32:57.662 GMT-0000,2074.808,2074.471,0.0005,0.0005
18.03.2015 01:34:36.344 GMT-0000,2074.7070000000003,2074.264,0.0005,0.0005
18.03.2015 01:34:51.159 GMT-0000,2074.815,2074.4770000000003,0.0005,0.0005
18.03.2015 01:34:51.259 GMT-0000,2074.7329999999997,2074.2889999999998,0.0005,0.0005
18.03.2015 01:34:52.960 GMT-0000,2074.801,2074.495,0.0005,0.0005
18.03.2015 01:34:53.061 GMT-0000,2074.721,2074.27,0.0005,0.0005
18.03.2015 01:35:04.697 GMT-0000,2074.829,2074.484,0.0005,0.0005
18.03.2015 01:38:59.149 GMT-0000,2074.7270000000003,2074.271,0.0005,0.0005
18.03.2015 01:39:09.059 GMT-0000,2074.81,2074.489,0.0005,0.0005
18.03.2015 01:39:09.159 GMT-0000,2074.708,2074.286,0.0005,0.0005
18.03.2015 01:39:26.117 GMT-0000,2074.829,2074.475,0.0005,0.0005
18.03.2015 01:46:10.274 GMT-0000,2074.923,2074.576,0.0005,0.0005
18.03.2015 01:46:54.886 GMT-0000,2074.803,2074.488,0.0005,0.0005
18.03.2015 01:47:20.565 GMT-0000,2074.913,2074.587,0.0005,0.0005
18.03.2015 01:47:32.828 GMT-0000,2075,2074.686,0.0005,0.0005
18.03.2015 01:48:56.195 GMT-0000,2075.3070000000002,2074.986,0.0005,0.0005
18.03.2015 01:48:59.998 GMT-0000,2075.235,2074.785,0.0005,0.0005
18.03.2015 01:49:05.003 GMT-0000,2075.317,2074.9829999999997,0.0005,0.0005
18.03.2015 01:49:14.812 GMT-0000,2075.423,2075.081,0.0005,0.0005
18.03.2015 01:50:15.563 GMT-0000,2075.329,2074.995,0.0005,0.0005
18.03.2015 01:50:28.173 GMT-0000,2075.429,2075.092,0.0005,0.0005
18.03.2015 01:54:46.437 GMT-0000,2075.319,2074.9900000000002,0.0005,0.0005
18.03.2015 01:55:17.263 GMT-0000,2075.4170000000004,2075.097,0.0005,0.0005
18.03.2015 01:57:56.819 GMT-0000,2075.317,2074.996,0.0005,0.0005
18.03.2015 01:58:10.531 GMT-0000,2075.429,2075.075,0.0005,0.0005
18.03.2015 01:58:41.860 GMT-0000,2075.32,2074.993,0.0005,0.0005
18.03.2015 01:58:42.184 GMT-0000,2075.427,2075.094,0.0005,0.0005
18.03.2015 02:11:16.741 GMT-0000,2075.306,2074.98,0.0005,0.0005
18.03.2015 02:14:39.565 GMT-0000,2075.221,2074.766,0.0005,0.0005
18.03.2015 02:16:35.097 GMT-0000,2075.019,2074.689,0.0005,0.0005
18.03.2015 02:19:44.766 GMT-0000,2075.234,2074.7670000000003,0.0005,0.0005
18.03.2015 02:20:58.803 GMT-0000,2075.324,2074.982,0.0005,0.0005
18.03.2015 02:20:58.949 GMT-0000,2075.236,2074.783,0.0005,0.0005
18.03.2015 02:21:48.351 GMT-0000,2075.021,2074.681,0.0005,0.0005
18.03.2015 02:22:21.281 GMT-0000,2074.8160000000003,2074.493,0.0005,0.0005
18.03.2015 02:22:21.625 GMT-0000,2074.93,2074.5950000000003,0.0005,0.0005
18.03.2015 02:22:23.784 GMT-0000,2075.014,2074.681,0.0005,0.0005
18.03.2015 02:22:24.670 GMT-0000,2074.903,2074.587,0.0005,0.0005
18.03.2015 02:22:27.689 GMT-0000,2075.021,2074.6870000000004,0.0005,0.0005
18.03.2015 02:22:33.395 GMT-0000,2074.904,2074.58,0.0005,0.0005
18.03.2015 02:22:35.097 GMT-0000,2075.0029999999997,2074.695,0.0005,0.0005
18.03.2015 02:25:12.669 GMT-0000,2075.21,2074.7889999999998,0.0005,0.0005
18.03.2015 02:27:47.791 GMT-0000,2075.313,2074.972,0.0005,0.0005
18.03.2015 02:29:06.272 GMT-0000,2075.4210000000003,2075.07,0.0005,0.0005
18.03.2015 02:32:05.906 GMT-0000,2075.319,2074.998,0.0005,0.0005
18.03.2015 02:32:08.009 GMT-0000,2075.0029999999997,2074.6870000000004,0.0005,0.0005
18.03.2015 02:33:39.846 GMT-0000,2075.236,2074.768,0.0005,0.0005
18.03.2015 02:35:21.780 GMT-0000,2075.02,2074.67,0.0005,0.0005
18.03.2015 02:35:53.771 GMT-0000,2074.926,2074.58,0.0005,0.0005
18.03.2015 02:38:31.152 GMT-0000,2075.217,2074.764,0.0005,0.0005
18.03.2015 02:40:47.071 GMT-0000,2075.326,2074.991,0.0005,0.0005
18.03.2015 02:43:36.612 GMT-0000,2075.425,2075.073,0.0005,0.0005
18.03.2015 02:49:58.596 GMT-0000,2075.54,2074.971,0.0005,0.0005
18.03.2015 02:51:29.277 GMT-0000,2075.425,2075.073,0.0005,0.0005
18.03.2015 02:55:16.973 GMT-0000,2075.328,2074.9970000000003,0.0005,0.0005
18.03.2015 02:55:18.607 GMT-0000,2075.404,2075.085,0.0005,0.0005
18.03.2015 02:57:18.089 GMT-0000,2075.204,2074.779,0.0005,0.0005
18.03.2015 02:57:55.412 GMT-0000,2075.025,2074.672,0.0005,0.0005
18.03.2015 02:58:11.929 GMT-0000,2074.909,2074.574,0.0005,0.0005
18.03.2015 02:58:13.344 GMT-0000,2074.802,2074.489,0.0005,0.0005
18.03.2015 02:59:38.944 GMT-0000,2075.018,2074.678,0.0005,0.0005
18.03.2015 03:05:31.927 GMT-0000,2074.904,2074.577,0.0005,0.0005
18.03.2015 03:14:39.417 GMT-0000,2074.919,2074.579,0.0005,0.0005
18.03.2015 03:15:04.839 GMT-0000,2075.013,2074.684,0.0005,0.0005
18.03.2015 03:15:10.445 GMT-0000,2075.214,2074.798,0.0005,0.0005
18.03.2015 03:17:52.188 GMT-0000,2075.027,2074.675,0.0005,0.0005
18.03.2015 03:23:29.394 GMT-0000,2074.91,2074.583,0.0005,0.0005
18.03.2015 03:27:42.434 GMT-0000,2074.827,2074.496,0.0005,0.0005
18.03.2015 03:28:21.281 GMT-0000,2074.925,2074.599,0.0005,0.0005
18.03.2015 03:28:42.389 GMT-0000,2074.802,2074.4970000000003,0.0005,0.0005
18.03.2015 03:28:59.945 GMT-0000,2074.923,2074.5879999999997,0.0005,0.0005
18.03.2015 03:34:24.062 GMT-0000,2074.821,2074.4829999999997,0.0005,0.0005
18.03.2015 03:35:17.925 GMT-0000,2074.906,2074.571,0.0005,0.0005
18.03.2015 03:37:09.524 GMT-0000,2075.0170000000003,2074.674,0.0005,0.0005
18.03.2015 03:38:22.283 GMT-0000,2075.105,2074.7960000000003,0.0005,0.0005
18.03.2015 03:38:22.383 GMT-0000,2075.217,2074.761,0.0005,0.0005
18.03.2015 03:42:04.865 GMT-0000,2075.001,2074.696,0.0005,0.0005
18.03.2015 03:54:02.217 GMT-0000,2075.1150000000002,2074.575,0.0005,0.0005
18.03.2015 03:54:32.136 GMT-0000,2075.007,2074.694,0.0005,0.0005
18.03.2015 03:57:44.395 GMT-0000,2075.222,2074.793,0.0005,0.0005
18.03.2015 03:58:50.251 GMT-0000,2075.303,2074.978,0.0005,0.0005
18.03.2015 03:59:44.696 GMT-0000,2075.214,2074.798,0.0005,0.0005
18.03.2015 03:59:44.796 GMT-0000,2075.309,2074.978,0.0005,0.0005
18.03.2015 04:00:46.846 GMT-0000,2075.221,2074.799,0.0005,0.0005
18.03.2015 04:01:23.273 GMT-0000,2075.302,2074.987,0.0005,0.0005
18.03.2015 04:01:32.681 GMT-0000,2075.225,2074.783,0.0005,0.0005
18.03.2015 04:01:32.781 GMT-0000,2075.324,2074.989,0.0005,0.0005
18.03.2015 04:01:44.791 GMT-0000,2075.819,2075.481,0.0005,0.0005
18.03.2015 04:01:45.142 GMT-0000,2075.909,2075.593,0.0005,0.0005
18.03.2015 04:02:10.035 GMT-0000,2076.005,2075.695,0.0005,0.0005
18.03.2015 04:02:11.014 GMT-0000,2076.2400000000002,2075.762,0.0005,0.0005
18.03.2015 04:02:14.516 GMT-0000,2075.922,2075.579,0.0005,0.0005
18.03.2015 04:02:14.827 GMT-0000,2076.014,2075.695,0.0005,0.0005
18.03.2015 04:02:15.278 GMT-0000,2075.822,2075.4829999999997,0.0005,0.0005
18.03.2015 04:02:26.526 GMT-0000,2075.923,2075.585,0.0005,0.0005
18.03.2015 04:02:59.049 GMT-0000,2076.021,2075.692,0.0005,0.0005
18.03.2015 04:03:46.619 GMT-0000,2075.923,2075.5860000000002,0.0005,0.0005
18.03.2015 04:04:18.441 GMT-0000,2076.009,2075.68,0.0005,0.0005
18.03.2015 04:05:29.396 GMT-0000,2075.911,2075.585,0.0005,0.0005
18.03.2015 04:06:13.631 GMT-0000,2076.004,2075.695,0.0005,0.0005
18.03.2015 04:06:20.635 GMT-0000,2075.903,2075.585,0.0005,0.0005
18.03.2015 04:06:48.065 GMT-0000,2076.004,2075.684,0.0005,0.0005
18.03.2015 04:07:01.968 GMT-0000,2076.321,2075.985,0.0005,0.0005
18.03.2015 04:08:20.430 GMT-0000,2076.408,2076.098,0.0005,0.0005
18.03.2015 04:08:34.642 GMT-0000,2076.329,2075.996,0.0005,0.0005
18.03.2015 04:11:50.696 GMT-0000,2076.408,2076.084,0.0005,0.0005
18.03.2015 04:12:06.602 GMT-0000,2076.306,2075.98,0.0005,0.0005
18.03.2015 04:17:13.529 GMT-0000,2076.027,2075.698,0.0005,0.0005
18.03.2015 04:18:57.432 GMT-0000,2076.2110000000002,2075.781,0.0005,0.0005
18.03.2015 04:25:17.595 GMT-0000,2075.9170000000004,2075.7,0.0005,0.0005
18.03.2015 04:25:17.695 GMT-0000,2075.911,2075.591,0.0005,0.0005
18.03.2015 04:25:19.996 GMT-0000,2076.024,2075.699,0.0005,0.0005
18.03.2015 04:25:27.702 GMT-0000,2075.903,2075.573,0.0005,0.0005
18.03.2015 04:28:41.969 GMT-0000,2076.025,2075.688,0.0005,0.0005
18.03.2015 04:29:55.225 GMT-0000,2076.2129999999997,2075.785,0.0005,0.0005
18.03.2015 04:29:59.629 GMT-0000,2075.706,2075.2870000000003,0.0005,0.0005
18.03.2015 04:30:00.630 GMT-0000,2075.8179999999998,2075.488,0.0005,0.0005
18.03.2015 04:30:06.537 GMT-0000,2075.738,2075.2960000000003,0.0005,0.0005
18.03.2015 04:30:26.056 GMT-0000,2075.504,2075.177,0.0005,0.0005
18.03.2015 04:30:32.762 GMT-0000,2075.426,2075.078,0.0005,0.0005
18.03.2015 04:30:33.863 GMT-0000,2075.32,2074.999,0.0005,0.0005
18.03.2015 04:30:41.670 GMT-0000,2075.231,2074.775,0.0005,0.0005
18.03.2015 04:30:52.210 GMT-0000,2075.3120000000004,2074.982,0.0005,0.0005
18.03.2015 04:31:46.522 GMT-0000,2075.409,2075.09,0.0005,0.0005
18.03.2015 04:33:24.898 GMT-0000,2075.327,2074.973,0.0005,0.0005
18.03.2015 04:33:25.747 GMT-0000,2075.4170000000004,2075.081,0.0005,0.0005
18.03.2015 04:35:01.573 GMT-0000,2075.323,2074.998,0.0005,0.0005
18.03.2015 04:37:21.576 GMT-0000,2075.424,2075.087,0.0005,0.0005
18.03.2015 04:38:35.635 GMT-0000,2075.508,2075.174,0.0005,0.0005
18.03.2015 04:38:48.846 GMT-0000,2075.704,2075.297,0.0005,0.0005
18.03.2015 04:42:49.638 GMT-0000,2075.81,2075.146,0.0005,0.0005
18.03.2015 04:44:09.100 GMT-0000,2075.801,2075.475,0.0005,0.0005
18.03.2015 04:44:09.233 GMT-0000,2075.73,2075.272,0.0005,0.0005
18.03.2015 04:58:22.483 GMT-0000,2075.804,2075.4829999999997,0.0005,0.0005
18.03.2015 04:58:41.498 GMT-0000,2075.71,2075.271,0.0005,0.0005
18.03.2015 05:00:38.320 GMT-0000,2075.803,2075.492,0.0005,0.0005
18.03.2015 05:13:11.790 GMT-0000,2075.523,2075.179,0.0005,0.0005
18.03.2015 05:13:25.625 GMT-0000,2075.73,2075.279,0.0005,0.0005
18.03.2015 05:17:16.846 GMT-0000,2075.5029999999997,2075.172,0.0005,0.0005
18.03.2015 05:17:51.761 GMT-0000,2075.409,2075.092,0.0005,0.0005
18.03.2015 05:19:43.438 GMT-0000,2075.511,2075.179,0.0005,0.0005
18.03.2015 05:19:50.845 GMT-0000,2075.4139999999998,2075.0860000000002,0.0005,0.0005
18.03.2015 05:20:10.384 GMT-0000,2075.705,2075.26,0.0005,0.0005
18.03.2015 05:20:30.589 GMT-0000,2075.821,2075.474,0.0005,0.0005
18.03.2015 05:20:53.508 GMT-0000,2075.909,2075.5860000000002,0.0005,0.0005
18.03.2015 05:20:54.251 GMT-0000,2075.805,2075.48,0.0005,0.0005
18.03.2015 05:21:15.630 GMT-0000,2075.926,2075.571,0.0005,0.0005
18.03.2015 05:21:16.761 GMT-0000,2075.804,2075.491,0.0005,0.0005
18.03.2015 05:21:18.183 GMT-0000,2075.9139999999998,2075.589,0.0005,0.0005
18.03.2015 05:23:52.270 GMT-0000,2076.0260000000003,2075.688,0.0005,0.0005
18.03.2015 05:24:32.004 GMT-0000,2076.236,2075.7920000000004,0.0005,0.0005
18.03.2015 05:25:47.717 GMT-0000,2076.321,2075.9700000000003,0.0005,0.0005
18.03.2015 05:26:58.499 GMT-0000,2076.407,2076.075,0.0005,0.0005
18.03.2015 05:31:39.053 GMT-0000,2076.326,2075.998,0.0005,0.0005
18.03.2015 05:33:38.459 GMT-0000,2076.424,2076.09,0.0005,0.0005
18.03.2015 05:33:44.376 GMT-0000,2076.329,2075.987,0.0005,0.0005
18.03.2015 05:33:45.866 GMT-0000,2076.423,2076.075,0.0005,0.0005
18.03.2015 05:33:46.867 GMT-0000,2076.324,2075.976,0.0005,0.0005
18.03.2015 05:37:45.314 GMT-0000,2076.429,2076.091,0.0005,0.0005
18.03.2015 05:38:42.314 GMT-0000,2076.703,2076.277,0.0005,0.0005
18.03.2015 05:39:15.645 GMT-0000,2076.514,2076.183,0.0005,0.0005
18.03.2015 05:40:24.625 GMT-0000,2076.32,2075.975,0.0005,0.0005
18.03.2015 05:42:45.431 GMT-0000,2076.402,2076.071,0.0005,0.0005
18.03.2015 05:42:45.773 GMT-0000,2076.308,2075.994,0.0005,0.0005
18.03.2015 05:45:54.585 GMT-0000,2076.231,2075.794,0.0005,0.0005
18.03.2015 05:48:17.253 GMT-0000,2076.008,2075.6929999999998,0.0005,0.0005
18.03.2015 05:48:22.010 GMT-0000,2075.918,2075.589,0.0005,0.0005
18.03.2015 05:50:20.210 GMT-0000,2076.004,2075.6910000000003,0.0005,0.0005
18.03.2015 05:50:47.560 GMT-0000,2076.202,2075.763,0.0005,0.0005
18.03.2015 05:51:23.860 GMT-0000,2076.323,2075.984,0.0005,0.0005
18.03.2015 05:57:17.565 GMT-0000,2076.405,2076.099,0.0005,0.0005
18.03.2015 05:59:55.302 GMT-0000,2076.723,2076.298,0.0005,0.0005
18.03.2015 05:59:55.402 GMT-0000,2076.5,2076.17,0.0005,0.0005
18.03.2015 06:00:02.212 GMT-0000,2076.7110000000002,2076.288,0.0005,0.0005
18.03.2015 06:00:05.320 GMT-0000,2076.52,2076.1929999999998,0.0005,0.0005
18.03.2015 06:00:07.618 GMT-0000,2076.736,2076.2920000000004,0.0005,0.0005
18.03.2015 06:02:08.206 GMT-0000,2076.507,2076.1910000000003,0.0005,0.0005
18.03.2015 06:02:10.928 GMT-0000,2076.423,2076.085,0.0005,0.0005
18.03.2015 06:02:40.655 GMT-0000,2076.507,2076.184,0.0005,0.0005
18.03.2015 06:03:29.300 GMT-0000,2076.712,2076.2870000000003,0.0005,0.0005
18.03.2015 06:03:29.400 GMT-0000,2076.507,2076.18,0.0005,0.0005
18.03.2015 06:03:49.071 GMT-0000,2076.7110000000002,2076.286,0.0005,0.0005
18.03.2015 06:03:49.171 GMT-0000,2076.515,2076.185,0.0005,0.0005
18.03.2015 06:04:41.812 GMT-0000,2076.716,2076.297,0.0005,0.0005
18.03.2015 06:07:47.890 GMT-0000,2076.515,2076.1870000000004,0.0005,0.0005
18.03.2015 06:08:02.900 GMT-0000,2076.737,2076.26,0.0005,0.0005
18.03.2015 06:08:03.173 GMT-0000,2076.423,2076.07,0.0005,0.0005
18.03.2015 06:08:06.197 GMT-0000,2076.325,2075.981,0.0005,0.0005
18.03.2015 06:13:05.825 GMT-0000,2076.416,2076.092,0.0005,0.0005
18.03.2015 06:13:47.258 GMT-0000,2076.319,2075.981,0.0005,0.0005
18.03.2015 06:15:03.118 GMT-0000,2076.236,2075.7760000000003,0.0005,0.0005
18.03.2015 06:17:59.064 GMT-0000,2076.311,2075.999,0.0005,0.0005
18.03.2015 06:18:00.708 GMT-0000,2076.2329999999997,2075.793,0.0005,0.0005
18.03.2015 06:18:28.027 GMT-0000,2076.302,2075.994,0.0005,0.0005
18.03.2015 06:18:37.865 GMT-0000,2076.2129999999997,2075.773,0.0005,0.0005
18.03.2015 06:22:18.181 GMT-0000,2076.022,2075.681,0.0006,0.0004
18.03.2015 06:23:25.834 GMT-0000,2076.313,2075.973,0.0006,0.0004
18.03.2015 06:23:30.099 GMT-0000,2076.406,2076.0820000000003,0.0006,0.0004
18.03.2015 06:23:32.441 GMT-0000,2076.305,2075.991,0.0006,0.0004
18.03.2015 06:24:38.846 GMT-0000,2076.5170000000003,2076.172,0.0006,0.0004
18.03.2015 06:24:50.159 GMT-0000,2076.314,2075.976,0.0006,0.0004
18.03.2015 06:24:50.862 GMT-0000,2076.519,2076.195,0.0006,0.0004
18.03.2015 06:24:51.720 GMT-0000,2076.43,2076.0879999999997,0.0006,0.0004
18.03.2015 06:24:55.523 GMT-0000,2076.228,2075.769,0.0006,0.0004
18.03.2015 06:35:16.837 GMT-0000,2076.221,2075.761,0.0006,0.0004
18.03.2015 06:36:24.599 GMT-0000,2076.029,2075.695,0.0006,0.0004
18.03.2015 06:36:29.457 GMT-0000,2075.8120000000004,2075.475,0.0006,0.0004
18.03.2015 06:37:52.264 GMT-0000,2075.905,2075.575,0.0006,0.0004
18.03.2015 06:45:50.682 GMT-0000,2076.023,2075.48,0.0006,0.0004
18.03.2015 06:49:14.136 GMT-0000,2075.928,2075.585,0.0006,0.0004
18.03.2015 06:53:18.331 GMT-0000,2075.811,2075.492,0.0006,0.0004
18.03.2015 06:59:09.844 GMT-0000,2075.7329999999997,2075.269,0.0006,0.0004
18.03.2015 07:00:00.683 GMT-0000,2075.7270000000003,2075.3810000000003,0,0.0007
18.03.2015 07:00:16.741 GMT-0000,2075.706,2075.367,0,0.0007
18.03.2015 07:00:16.961 GMT-0000,2075.73,2075.359,0,0.0007
18.03.2015 07:00:24.169 GMT-0000,2075.739,2075.277,0,0.0003
18.03.2015 07:00:24.330 GMT-0000,2075.709,2075.373,0,0.0007
18.03.2015 07:00:36.184 GMT-0000,2075.508,2075.35,0,0.0007
18.03.2015 07:00:36.320 GMT-0000,2075.505,2075.326,0,0.0007
18.03.2015 07:01:05.250 GMT-0000,2075.512,2075.363,0,0.0007
18.03.2015 07:01:05.580 GMT-0000,2075.515,2075.337,0,0.0007
18.03.2015 07:01:14.160 GMT-0000,2075.51,2075.356,0,0.0007
18.03.2015 07:01:18.463 GMT-0000,2075.501,2075.327,0,0.0007
18.03.2015 07:01:18.780 GMT-0000,2075.5029999999997,2075.342,0,0.0007
18.03.2015 07:01:20.985 GMT-0000,2075.513,2075.328,0,0.0007
18.03.2015 07:01:31.871 GMT-0000,2075.51,2075.34,0,0.0007
18.03.2015 07:01:42.430 GMT-0000,2075.501,2075.34,0,0.0007
18.03.2015 07:01:45.839 GMT-0000,2075.504,2075.346,0,0.0007
18.03.2015 07:01:46.939 GMT-0000,2075.504,2075.331,0,0.0007
18.03.2015 07:01:50.679 GMT-0000,2075.509,2075.222,0,0.0007
18.03.2015 07:01:51.009 GMT-0000,2075.501,2075.334,0,0.0007
18.03.2015 07:02:02.229 GMT-0000,2075.507,2075.34,0,0.0007
18.03.2015 07:02:05.749 GMT-0000,2075.509,2075.3360000000002,0,0.0007
18.03.2015 07:02:06.900 GMT-0000,2075.735,2075.33,0,0.0007
18.03.2015 07:02:07.289 GMT-0000,2075.712,2075.291,0,0.0003
18.03.2015 07:02:07.624 GMT-0000,2075.702,2075.371,0,0.0007
18.03.2015 07:02:09.602 GMT-0000,2075.531,2075.382,0,0.0007
18.03.2015 07:02:10.039 GMT-0000,2075.509,2075.3520000000003,0,0.0007
18.03.2015 07:02:12.204 GMT-0000,2075.721,2075.354,0,0.0007
18.03.2015 07:02:12.459 GMT-0000,2075.726,2075.266,0,0.0003
18.03.2015 07:02:13.476 GMT-0000,2075.721,2075.379,0,0.0007
18.03.2015 07:02:14.330 GMT-0000,2075.716,2075.359,0,0.0007
18.03.2015 07:02:14.628 GMT-0000,2075.512,2075.37,0,0.0007
18.03.2015 07:02:14.707 GMT-0000,2075.705,2075.349,0,0.0007
18.03.2015 07:02:15.649 GMT-0000,2075.725,2075.344,0,0.0007
18.03.2015 07:02:17.110 GMT-0000,2075.505,2075.3379999999997,0,0.0007
18.03.2015 07:02:17.519 GMT-0000,2075.515,2075.359,0,0.0007
18.03.2015 07:02:17.770 GMT-0000,2075.508,2075.174,0,0.0014
18.03.2015 07:02:29.325 GMT-0000,2075.317,2075.1670000000004,0,0.0007
18.03.2015 07:02:29.619 GMT-0000,2075.321,2074.978,0,0.0003
18.03.2015 07:02:58.055 GMT-0000,2075.509,2075.199,0,0.0003
18.03.2015 07:02:58.405 GMT-0000,2075.403,2075.092,0,0.0003
18.03.2015 07:03:03.761 GMT-0000,2075.514,2075.181,0,0.0003
18.03.2015 07:03:04.159 GMT-0000,2075.507,2075.356,0,0.0007
18.03.2015 07:03:04.378 GMT-0000,2075.416,2075.157,0,0.0007
18.03.2015 07:03:04.854 GMT-0000,2075.4120000000003,2075.149,0,0.0007
18.03.2015 07:03:06.468 GMT-0000,2075.4,2075.094,0,0.0003
18.03.2015 07:03:13.728 GMT-0000,2075.415,2075.139,0,0.0007
18.03.2015 07:03:14.608 GMT-0000,2075.402,2075.077,0,0.0003
18.03.2015 07:03:15.268 GMT-0000,2075.403,2075.116,0,0.0007
18.03.2015 07:03:15.572 GMT-0000,2075.505,2075.185,0,0.0003
18.03.2015 07:03:26.884 GMT-0000,2075.4,2075.165,0,0.0007
18.03.2015 07:03:27.258 GMT-0000,2075.419,2075.11,0,0.0007
18.03.2015 07:03:27.588 GMT-0000,2075.4010000000003,2075.105,0,0.0007
18.03.2015 07:03:29.568 GMT-0000,2075.405,2075.096,0,0.0007
18.03.2015 07:03:33.418 GMT-0000,2075.407,2075.132,0,0.0007
18.03.2015 07:03:34.077 GMT-0000,2075.4210000000003,2075.129,0,0.0007
18.03.2015 07:03:34.738 GMT-0000,2075.426,2075.123,0,0.0007
18.03.2015 07:03:37.598 GMT-0000,2075.423,2075.125,0,0.0007
18.03.2015 07:03:48.707 GMT-0000,2075.4,2075.134,0,0.0007
18.03.2015 07:03:49.037 GMT-0000,2075.423,2075.092,0,0.0003
18.03.2015 07:04:01.687 GMT-0000,2075.403,2075.124,0,0.0007
18.03.2015 07:04:01.907 GMT-0000,2075.418,2075.106,0,0.0007
18.03.2015 07:04:03.338 GMT-0000,2075.411,2075.114,0,0.0007
18.03.2015 07:04:03.777 GMT-0000,2075.423,2075.1279999999997,0,0.0007
18.03.2015 07:04:11.917 GMT-0000,2075.403,2075.111,0,0.0007
18.03.2015 07:04:12.137 GMT-0000,2075.403,2075.13,0,0.0007
18.03.2015 07:04:13.127 GMT-0000,2075.415,2075.084,0,0.0003
18.03.2015 07:04:18.230 GMT-0000,2075.5060000000003,2075.1929999999998,0,0.0003
18.03.2015 07:04:18.731 GMT-0000,2075.596,2075.278,0.0005,0.0003
18.03.2015 07:04:18.781 GMT-0000,2075.7200000000003,2075.299,0,0.0003
18.03.2015 07:04:19.507 GMT-0000,2075.732,2075.359,0,0.0007
18.03.2015 07:04:28.527 GMT-0000,2075.717,2075.373,0,0.0007
18.03.2015 07:04:43.058 GMT-0000,2075.706,2075.387,0,0.0007
18.03.2015 07:04:43.266 GMT-0000,2075.71,2075.385,0,0.0007
18.03.2015 07:04:45.714 GMT-0000,2075.8179999999998,2075.4970000000003,0,0.0003
18.03.2015 07:04:48.131 GMT-0000,2075.913,2075.5820000000003,0,0.0003
18.03.2015 07:04:49.536 GMT-0000,2075.9170000000004,2075.636,0,0.0007
18.03.2015 07:05:02.695 GMT-0000,2076.0029999999997,2075.698,0,0.0003
18.03.2015 07:05:05.824 GMT-0000,2076.011,2075.769,0,0.0007
18.03.2015 07:05:06.137 GMT-0000,2076.008,2075.7760000000003,0,0.0007
18.03.2015 07:05:06.257 GMT-0000,2076.009,2075.78,0,0.0007
18.03.2015 07:05:06.367 GMT-0000,2076.008,2075.785,0,0.0007
18.03.2015 07:05:06.417 GMT-0000,2076.204,2075.794,0,0.0003
18.03.2015 07:05:06.697 GMT-0000,2076.2329999999997,2075.834,0,0.0007
18.03.2015 07:05:07.137 GMT-0000,2076.221,2075.784,0,0.0007
18.03.2015 07:05:07.906 GMT-0000,2076.204,2075.77,0,0.0014
18.03.2015 07:05:15.382 GMT-0000,2076.007,2075.737,0,0.0007
18.03.2015 07:05:15.826 GMT-0000,2075.902,2075.746,0,0.0007
18.03.2015 07:05:15.936 GMT-0000,2075.924,2075.656,0,0.0007
18.03.2015 07:05:16.266 GMT-0000,2075.903,2075.658,0,0.0007
18.03.2015 07:05:24.516 GMT-0000,2075.911,2075.644,0,0.0007
18.03.2015 07:05:24.865 GMT-0000,2075.91,2075.64,0,0.0007
18.03.2015 07:05:26.606 GMT-0000,2075.907,2075.674,0,0.0007
18.03.2015 07:05:27.046 GMT-0000,2075.902,2075.658,0,0.0007
18.03.2015 07:05:27.816 GMT-0000,2075.9010000000003,2075.589,0,0.0003
18.03.2015 07:05:28.875 GMT-0000,2075.913,2075.618,0,0.0007
18.03.2015 07:05:33.793 GMT-0000,2075.903,2075.594,0,0.0007
18.03.2015 07:05:35.186 GMT-0000,2075.9170000000004,2075.61,0,0.0007
18.03.2015 07:05:35.757 GMT-0000,2075.9010000000003,2075.616,0,0.0007
18.03.2015 07:05:36.286 GMT-0000,2075.922,2075.621,0,0.0007
18.03.2015 07:05:37.611 GMT-0000,2075.913,2075.6150000000002,0,0.0007
18.03.2015 07:05:39.586 GMT-0000,2075.925,2075.575,0,0.0003
18.03.2015 07:05:41.633 GMT-0000,2076.018,2075.695,0,0.0003
18.03.2015 07:05:42.116 GMT-0000,2076.018,2075.735,0,0.0007
18.03.2015 07:05:46.313 GMT-0000,2076.005,2075.771,0,0.0007
18.03.2015 07:06:13.825 GMT-0000,2076.001,2075.7870000000003,0,0.0007
18.03.2015 07:06:20.793 GMT-0000,2076,2075.798,0,0.0007
18.03.2015 07:06:21.690 GMT-0000,2076.011,2075.835,0,0.0007
18.03.2015 07:06:22.295 GMT-0000,2076.007,2075.829,0,0.0007
18.03.2015 07:06:35.935 GMT-0000,2076.01,2075.8379999999997,0,0.0007
18.03.2015 07:06:46.293 GMT-0000,2076.302,2075.973,0,0.0003
18.03.2015 07:06:50.999 GMT-0000,2076.201,2075.91,0,0.0007
18.03.2015 07:06:52.074 GMT-0000,2076.228,2075.871,0,0.0007
18.03.2015 07:06:53.425 GMT-0000,2076.228,2075.86,0,0.0007
18.03.2015 07:06:57.211 GMT-0000,2076.221,2075.861,0,0.0007
18.03.2015 07:06:58.907 GMT-0000,2076.016,2075.874,0,0.0007
18.03.2015 07:06:59.257 GMT-0000,2076.029,2075.6929999999998,0,0.0003
18.03.2015 07:06:59.475 GMT-0000,2076.008,2075.823,0,0.0007
18.03.2015 07:07:09.045 GMT-0000,2076,2075.8379999999997,0,0.0007
18.03.2015 07:07:21.330 GMT-0000,2076.214,2075.8320000000003,0,0.0007
18.03.2015 07:07:21.694 GMT-0000,2076.229,2075.8579999999997,0,0.0007
18.03.2015 07:07:42.750 GMT-0000,2076.3,2075.995,0,0.0003
18.03.2015 07:07:43.254 GMT-0000,2076.32,2076.033,0,0.0007
18.03.2015 07:07:43.474 GMT-0000,2076.321,2076.02,0,0.0007
18.03.2015 07:07:43.694 GMT-0000,2076.319,2076.04,0,0.0007
18.03.2015 07:07:44.024 GMT-0000,2076.317,2076.036,0,0.0007
18.03.2015 07:07:44.904 GMT-0000,2076.311,2076.0660000000003,0,0.0007
18.03.2015 07:07:46.208 GMT-0000,2076.308,2076.0460000000003,0,0.0007
18.03.2015 07:07:47.874 GMT-0000,2076.305,2076.06,0,0.0007
18.03.2015 07:07:48.204 GMT-0000,2076.3,2076.079,0,0.0007
18.03.2015 07:07:48.428 GMT-0000,2076.3120000000004,2076.072,0,0.0007
18.03.2015 07:07:48.644 GMT-0000,2076.317,2076.077,0,0.0007
18.03.2015 07:07:49.304 GMT-0000,2076.309,2076.067,0,0.0007
18.03.2015 07:07:51.440 GMT-0000,2076.313,2076.087,0,0.0007
18.03.2015 07:07:52.054 GMT-0000,2076.3070000000002,2076.043,0,0.0007
18.03.2015 07:07:54.261 GMT-0000,2076.205,2076.05,0,0.0007
18.03.2015 07:07:54.584 GMT-0000,2076.216,2076.03,0,0.0007
18.03.2015 07:07:55.318 GMT-0000,2076.216,2075.935,0,0.0007
18.03.2015 07:07:58.984 GMT-0000,2076.206,2075.931,0,0.0007
18.03.2015 07:08:02.114 GMT-0000,2076.427,2076.08,0,0.0003
18.03.2015 07:08:02.169 GMT-0000,2076.323,2075.9900000000002,0,0.0003
18.03.2015 07:08:02.614 GMT-0000,2076.3179999999998,2076.0420000000004,0,0.0007
18.03.2015 07:08:04.873 GMT-0000,2076.201,2076.047,0,0.0007
18.03.2015 07:08:05.164 GMT-0000,2076.2200000000003,2075.895,0,0.0007
18.03.2015 07:08:05.584 GMT-0000,2076.204,2075.842,0,0.0007
18.03.2015 07:08:06.042 GMT-0000,2076.2110000000002,2075.886,0,0.0007
18.03.2015 07:08:14.846 GMT-0000,2076.2129999999997,2075.857,0,0.0007
18.03.2015 07:08:22.523 GMT-0000,2076.214,2075.7889999999998,0,0.0003
18.03.2015 07:08:23.304 GMT-0000,2076.215,2075.871,0,0.0007
18.03.2015 07:08:24.393 GMT-0000,2076.202,2075.866,0,0.0007
18.03.2015 07:08:25.163 GMT-0000,2076.202,2075.856,0,0.0007
18.03.2015 07:08:34.682 GMT-0000,2076.323,2075.993,0,0.0003
18.03.2015 07:08:35.943 GMT-0000,2076.322,2076.011,0,0.0007
18.03.2015 07:08:37.483 GMT-0000,2076.3160000000003,2076.0389999999998,0,0.0007
18.03.2015 07:08:37.813 GMT-0000,2076.3,2076.059,0,0.0007
18.03.2015 07:08:39.203 GMT-0000,2076.43,2076.098,0,0.0003
18.03.2015 07:08:39.715 GMT-0000,2076.416,2076.184,0,0.0007
18.03.2015 07:08:39.903 GMT-0000,2076.4170000000004,2076.161,0,0.0007
18.03.2015 07:08:40.124 GMT-0000,2076.4170000000004,2076.153,0,0.0007
18.03.2015 07:08:43.756 GMT-0000,2076.403,2076.18,0,0.0007
18.03.2015 07:08:44.083 GMT-0000,2076.425,2076.093,0,0.0003
18.03.2015 07:08:50.903 GMT-0000,2076.407,2076.1220000000003,0,0.0007
18.03.2015 07:08:52.663 GMT-0000,2076.4010000000003,2076.119,0,0.0007
18.03.2015 07:08:52.883 GMT-0000,2076.4120000000003,2076.079,0,0.0003
18.03.2015 07:08:53.151 GMT-0000,2076.402,2076.098,0,0.0007
18.03.2015 07:08:57.037 GMT-0000,2076.4170000000004,2076.07,0,0.0003
18.03.2015 07:09:02.125 GMT-0000,2076.423,2076.118,0,0.0007
18.03.2015 07:09:03.773 GMT-0000,2076.406,2076.0879999999997,0,0.0003
18.03.2015 07:09:04.433 GMT-0000,2076.403,2076.103,0,0.0007
18.03.2015 07:09:06.193 GMT-0000,2076.403,2076.081,0,0.0014
18.03.2015 07:09:07.531 GMT-0000,2076.304,2076.091,0,0.0007
18.03.2015 07:09:07.952 GMT-0000,2076.308,2076.029,0,0.0007
18.03.2015 07:09:08.283 GMT-0000,2076.3179999999998,2076.0370000000003,0,0.0007
18.03.2015 07:09:10.259 GMT-0000,2076.405,2076.084,0,0.0003
18.03.2015 07:09:10.310 GMT-0000,2076.411,2076.1150000000002,0,0.0007
18.03.2015 07:09:10.373 GMT-0000,2076.4170000000004,2076.087,0,0.0007
18.03.2015 07:09:14.552 GMT-0000,2076.4210000000003,2076.1220000000003,0,0.0007
18.03.2015 07:09:15.433 GMT-0000,2076.4139999999998,2076.073,0,0.0003
18.03.2015 07:09:22.954 GMT-0000,2076.525,2076.1820000000002,0,0.0003
18.03.2015 07:09:23.462 GMT-0000,2076.516,2076.242,0,0.0007
18.03.2015 07:09:24.012 GMT-0000,2076.504,2076.265,0,0.0007
18.03.2015 07:09:25.992 GMT-0000,2076.5170000000003,2076.2270000000003,0,0.0007
18.03.2015 07:09:26.215 GMT-0000,2076.519,2076.25,0,0.0007
18.03.2015 07:09:26.951 GMT-0000,2076.416,2076.252,0,0.0007
18.03.2015 07:09:27.312 GMT-0000,2076.424,2076.11,0,0.0007
18.03.2015 07:09:31.164 GMT-0000,2076.422,2076.075,0,0.0014
18.03.2015 07:09:34.022 GMT-0000,2076.4010000000003,2076.1220000000003,0,0.0007
18.03.2015 07:09:45.242 GMT-0000,2076.416,2076.14,0,0.0007
18.03.2015 07:09:45.572 GMT-0000,2076.4139999999998,2076.0820000000003,0,0.0003
18.03.2015 07:09:50.275 GMT-0000,2076.525,2076.188,0,0.0003
18.03.2015 07:09:51.770 GMT-0000,2076.508,2076.313,0,0.0007
18.03.2015 07:09:52.282 GMT-0000,2076.518,2076.286,0,0.0007
18.03.2015 07:09:53.712 GMT-0000,2076.51,2076.3179999999998,0,0.0007
18.03.2015 07:10:01.302 GMT-0000,2076.504,2076.3,0,0.0007
18.03.2015 07:10:01.962 GMT-0000,2076.502,2076.2270000000003,0,0.0007
18.03.2015 07:10:04.492 GMT-0000,2076.501,2076.238,0,0.0007
18.03.2015 07:10:07.541 GMT-0000,2076.353,2076.2470000000003,0,0.0007
18.03.2015 07:10:07.793 GMT-0000,2076.349,2076.234,0,0.0007
18.03.2015 07:10:08.013 GMT-0000,2076.3,2076.027,0,0.0007
18.03.2015 07:10:08.343 GMT-0000,2076.327,2076.014,0,0.0007
18.03.2015 07:10:09.112 GMT-0000,2076.3160000000003,2076.05,0,0.0007
18.03.2015 07:10:09.332 GMT-0000,2076.317,2076.038,0,0.0007
18.03.2015 07:10:10.762 GMT-0000,2076.308,2076.014,0,0.0007
18.03.2015 07:10:12.742 GMT-0000,2076.326,2076.004,0,0.0007
18.03.2015 07:10:16.507 GMT-0000,2076.023,2075.6710000000003,0.0006,0.0004
18.03.2015 07:10:16.813 GMT-0000,2076.659,2076.007,0.0008,0.0009
18.03.2015 07:10:17.033 GMT-0000,2076.4570000000003,2075.759,0.0008,0.0009
18.03.2015 07:10:17.583 GMT-0000,2076.467,2075.778,0.0008,0.0009
18.03.2015 07:10:17.912 GMT-0000,2076.482,2075.793,0.0008,0.0009
18.03.2015 07:10:18.676 GMT-0000,2076.467,2075.773,0.0008,0.0009
18.03.2015 07:10:20.331 GMT-0000,2076.439,2075.79,0.0008,0.0009
18.03.2015 07:10:22.092 GMT-0000,2076.43,2075.754,0.0008,0.0009
18.03.2015 07:10:28.912 GMT-0000,2076.424,2075.765,0.0008,0.0009
18.03.2015 07:10:40.333 GMT-0000,2076.444,2075.795,0.0008,0.0009
18.03.2015 07:10:41.232 GMT-0000,2076.451,2075.803,0.0008,0.0009
18.03.2015 07:10:42.442 GMT-0000,2076.446,2075.814,0.0008,0.0009
18.03.2015 07:10:44.074 GMT-0000,2076.3,2075.985,0,0.0003
18.03.2015 07:10:44.422 GMT-0000,2076.304,2076.052,0,0.0007
18.03.2015 07:10:44.752 GMT-0000,2076.319,2076.09,0,0.0007
18.03.2015 07:10:54.652 GMT-0000,2076.303,2076.1,0,0.0007
18.03.2015 07:10:55.092 GMT-0000,2076.3179999999998,2076.099,0,0.0007
18.03.2015 07:11:09.611 GMT-0000,2076.3070000000002,2076.107,0,0.0007
18.03.2015 07:11:25.121 GMT-0000,2076.3120000000004,2076.11,0,0.0007
18.03.2015 07:11:26.116 GMT-0000,2076.308,2076.071,0,0.0007
18.03.2015 07:11:40.150 GMT-0000,2076.304,2076.071,0,0.0007
18.03.2015 07:11:45.244 GMT-0000,2076.311,2076.116,0,0.0007
18.03.2015 07:12:00.523 GMT-0000,2076.406,2076.111,0,0.0007
18.03.2015 07:12:01.091 GMT-0000,2076.425,2076.097,0,0.0007
18.03.2015 07:12:01.311 GMT-0000,2076.423,2076.089,0,0.0007
18.03.2015 07:12:02.961 GMT-0000,2076.4210000000003,2076.0879999999997,0,0.0014
18.03.2015 07:12:05.250 GMT-0000,2076.511,2076.192,0,0.0003
18.03.2015 07:12:05.711 GMT-0000,2076.521,2076.2070000000003,0,0.0007
18.03.2015 07:12:06.261 GMT-0000,2076.504,2076.229,0,0.0007
18.03.2015 07:12:06.991 GMT-0000,2076.42,2076.26,0,0.0007
18.03.2015 07:12:07.361 GMT-0000,2076.409,2076.15,0,0.0007
18.03.2015 07:12:07.607 GMT-0000,2076.416,2076.147,0,0.0007
18.03.2015 07:12:12.096 GMT-0000,2076.4170000000004,2076.1870000000004,0,0.0007
18.03.2015 07:12:12.420 GMT-0000,2076.409,2076.168,0,0.0007
18.03.2015 07:12:13.960 GMT-0000,2076.413,2076.1420000000003,0,0.0007
18.03.2015 07:12:14.888 GMT-0000,2076.42,2076.148,0,0.0007
18.03.2015 07:12:15.774 GMT-0000,2076.403,2076.1710000000003,0,0.0007
18.03.2015 07:12:16.338 GMT-0000,2076.5060000000003,2076.178,0,0.0003
18.03.2015 07:12:16.600 GMT-0000,2076.504,2076.237,0,0.0007
18.03.2015 07:12:18.580 GMT-0000,2076.513,2076.26,0,0.0007
18.03.2015 07:12:25.840 GMT-0000,2076.514,2076.215,0,0.0007
18.03.2015 07:12:27.380 GMT-0000,2076.527,2076.214,0,0.0007
18.03.2015 07:12:35.056 GMT-0000,2076.4139999999998,2076.223,0,0.0007
18.03.2015 07:12:35.530 GMT-0000,2076.41,2076.156,0,0.0007
18.03.2015 07:12:35.970 GMT-0000,2076.409,2076.132,0,0.0007
18.03.2015 07:12:39.270 GMT-0000,2076.4139999999998,2076.136,0,0.0007
18.03.2015 07:12:45.540 GMT-0000,2076.419,2076.135,0,0.0007
18.03.2015 07:12:45.760 GMT-0000,2076.424,2076.105,0,0.0007
18.03.2015 07:12:48.274 GMT-0000,2076.4210000000003,2076.173,0,0.0007
18.03.2015 07:12:53.102 GMT-0000,2076.504,2076.186,0,0.0003
18.03.2015 07:12:53.152 GMT-0000,2076.508,2076.208,0,0.0007
18.03.2015 07:12:56.320 GMT-0000,2076.511,2076.2110000000002,0,0.0007
18.03.2015 07:12:59.891 GMT-0000,2076.4170000000004,2076.221,0,0.0007
18.03.2015 07:12:59.950 GMT-0000,2076.4170000000004,2076.215,0,0.0007
18.03.2015 07:13:00.308 GMT-0000,2076.4210000000003,2076.129,0,0.0007
18.03.2015 07:13:01.382 GMT-0000,2076.306,2076.12,0,0.0007
18.03.2015 07:13:01.710 GMT-0000,2076.317,2076.016,0,0.0007
18.03.2015 07:13:05.780 GMT-0000,2076.308,2076.038,0,0.0007
18.03.2015 07:13:07.649 GMT-0000,2076.3160000000003,2076.04,0,0.0007
18.03.2015 07:13:08.200 GMT-0000,2076.31,2076.097,0,0.0007
18.03.2015 07:13:08.530 GMT-0000,2076.3160000000003,2076.0660000000003,0,0.0007
18.03.2015 07:13:08.860 GMT-0000,2076.302,2076.0570000000002,0,0.0007
18.03.2015 07:13:17.990 GMT-0000,2076.314,2076.049,0,0.0007
18.03.2015 07:13:20.606 GMT-0000,2076.507,2076.1710000000003,0,0.0003
18.03.2015 07:13:28.213 GMT-0000,2076.284,2075.766,0,0.0003
18.03.2015 07:13:28.664 GMT-0000,2076.208,2075.883,0,0.0007
18.03.2015 07:13:53.038 GMT-0000,2076.303,2075.974,0,0.0003
18.03.2015 07:13:53.519 GMT-0000,2076.31,2076.047,0,0.0007
18.03.2015 07:13:54.104 GMT-0000,2076.3160000000003,2076.106,0,0.0007
18.03.2015 07:13:56.749 GMT-0000,2076.4210000000003,2076.083,0,0.0007
18.03.2015 07:13:57.039 GMT-0000,2076.425,2076.105,0,0.0007
18.03.2015 07:14:15.759 GMT-0000,2076.519,2076.172,0,0.0003
18.03.2015 07:14:27.171 GMT-0000,2076.423,2076.139,0,0.0007
18.03.2015 07:14:27.300 GMT-0000,2076.518,2076.1710000000003,0,0.0003
18.03.2015 07:14:27.838 GMT-0000,2076.527,2076.204,0,0.0007
18.03.2015 07:14:29.148 GMT-0000,2076.415,2076.21,0,0.0007
18.03.2015 07:14:29.198 GMT-0000,2076.4120000000003,2076.087,0,0.0003
18.03.2015 07:14:29.268 GMT-0000,2076.4139999999998,2076.105,0,0.0007
18.03.2015 07:14:31.689 GMT-0000,2076.4210000000003,2076.073,0,0.0003
18.03.2015 07:14:41.284 GMT-0000,2076.304,2076.073,0,0.0007
18.03.2015 07:14:41.588 GMT-0000,2076.317,2076.007,0,0.0007
18.03.2015 07:14:48.576 GMT-0000,2076.308,2075.972,0,0.0014
18.03.2015 07:14:59.099 GMT-0000,2076.203,2075.982,0,0.0007
18.03.2015 07:14:59.298 GMT-0000,2076.217,2075.889,0,0.0007
18.03.2015 07:15:00.068 GMT-0000,2076.216,2075.9370000000004,0,0.0007
18.03.2015 07:15:00.118 GMT-0000,2076.317,2075.993,0,0.0003
18.03.2015 07:15:13.268 GMT-0000,2076.324,2076.009,0,0.0007
18.03.2015 07:15:17.558 GMT-0000,2076.317,2076.024,0,0.0007
18.03.2015 07:15:22.178 GMT-0000,2076.306,2076.059,0,0.0007
18.03.2015 07:15:39.133 GMT-0000,2076.309,2076.005,0,0.0007
18.03.2015 07:15:46.817 GMT-0000,2076.325,2076.018,0,0.0007
18.03.2015 07:15:49.017 GMT-0000,2076.306,2076.033,0,0.0007
18.03.2015 07:15:57.707 GMT-0000,2076.31,2076.04,0,0.0007
18.03.2015 07:15:58.807 GMT-0000,2076.315,2076.043,0,0.0007
18.03.2015 07:16:00.567 GMT-0000,2076.311,2076.005,0,0.0007
18.03.2015 07:16:09.917 GMT-0000,2076.3120000000004,2075.971,0,0.0003
18.03.2015 07:16:10.170 GMT-0000,2076.219,2075.899,0,0.0007
18.03.2015 07:16:10.564 GMT-0000,2076.201,2075.876,0,0.0007
18.03.2015 07:16:13.987 GMT-0000,2076.2129999999997,2075.868,0,0.0007
18.03.2015 07:16:14.901 GMT-0000,2076.201,2075.867,0,0.0007
18.03.2015 07:16:20.036 GMT-0000,2076.23,2075.839,0,0.0007
18.03.2015 07:16:26.026 GMT-0000,2076.2200000000003,2075.763,0,0.0003
18.03.2015 07:16:26.086 GMT-0000,2076.206,2075.782,0,0.0007
18.03.2015 07:16:26.416 GMT-0000,2076.229,2075.814,0,0.0007
18.03.2015 07:16:31.470 GMT-0000,2076.226,2075.823,0,0.0007
18.03.2015 07:16:32.007 GMT-0000,2076.2329999999997,2075.824,0,0.0007
18.03.2015 07:16:33.566 GMT-0000,2076.225,2075.879,0,0.0007
18.03.2015 07:16:34.006 GMT-0000,2076.23,2075.83,0,0.0007
18.03.2015 07:16:37.764 GMT-0000,2076.208,2075.827,0,0.0007
18.03.2015 07:16:38.186 GMT-0000,2076.222,2075.82,0,0.0007
18.03.2015 07:16:39.616 GMT-0000,2076.205,2075.85,0,0.0007
18.03.2015 07:16:43.466 GMT-0000,2076.223,2075.879,0,0.0007
18.03.2015 07:16:48.856 GMT-0000,2076.222,2075.897,0,0.0007
18.03.2015 07:16:49.076 GMT-0000,2076.23,2075.7760000000003,0,0.0003
18.03.2015 07:17:29.743 GMT-0000,2076.32,2075.981,0,0.0003
18.03.2015 07:17:30.105 GMT-0000,2076.321,2076.035,0,0.0007
18.03.2015 07:17:34.559 GMT-0000,2076.4170000000004,2076.0879999999997,0,0.0003
18.03.2015 07:17:34.610 GMT-0000,2076.508,2076.197,0,0.0007
18.03.2015 07:17:34.775 GMT-0000,2076.509,2076.1710000000003,0,0.0003
18.03.2015 07:17:35.049 GMT-0000,2076.402,2076.14,0,0.0007
18.03.2015 07:17:35.495 GMT-0000,2076.419,2076.076,0,0.0003
18.03.2015 07:17:37.386 GMT-0000,2076.424,2076.148,0,0.0007
18.03.2015 07:17:38.025 GMT-0000,2076.427,2076.075,0,0.0003
18.03.2015 07:17:39.053 GMT-0000,2076.302,2076.038,0,0.0007
18.03.2015 07:17:39.455 GMT-0000,2076.323,2076.018,0,0.0007
18.03.2015 07:17:42.649 GMT-0000,2076.317,2076.025,0,0.0007
18.03.2015 07:17:42.975 GMT-0000,2076.3,2076.018,0,0.0007
18.03.2015 07:17:46.055 GMT-0000,2076.3179999999998,2076.016,0,0.0007
18.03.2015 07:17:49.404 GMT-0000,2076.3179999999998,2076.0370000000003,0,0.0007
18.03.2015 07:17:57.576 GMT-0000,2076.3120000000004,2075.971,0,0.0003
18.03.2015 07:17:57.935 GMT-0000,2076.314,2076.025,0,0.0007
18.03.2015 07:18:01.235 GMT-0000,2076.301,2076.0370000000003,0,0.0007
18.03.2015 07:18:02.692 GMT-0000,2076.2070000000003,2075.899,0,0.0007
18.03.2015 07:18:03.106 GMT-0000,2076.229,2075.8720000000003,0,0.0007
18.03.2015 07:18:14.435 GMT-0000,2076.2070000000003,2075.866,0,0.0007
18.03.2015 07:18:14.764 GMT-0000,2076.2070000000003,2075.859,0,0.0007
18.03.2015 07:18:14.985 GMT-0000,2076.232,2075.862,0,0.0007
18.03.2015 07:18:15.535 GMT-0000,2076.226,2075.853,0,0.0007
18.03.2015 07:18:19.275 GMT-0000,2076.2270000000003,2075.8450000000003,0,0.0007
18.03.2015 07:18:26.524 GMT-0000,2076.2129999999997,2075.859,0,0.0007
18.03.2015 07:18:31.798 GMT-0000,2076.206,2075.86,0,0.0007
18.03.2015 07:18:33.134 GMT-0000,2076.201,2075.837,0,0.0007
18.03.2015 07:18:39.117 GMT-0000,2076.209,2075.875,0,0.0007
18.03.2015 07:18:42.044 GMT-0000,2076.217,2075.896,0,0.0007
18.03.2015 07:18:45.513 GMT-0000,2076.323,2075.994,0,0.0003
18.03.2015 07:18:46.115 GMT-0000,2076.324,2075.9970000000003,0,0.0007
18.03.2015 07:19:16.584 GMT-0000,2076.325,2076.012,0,0.0007
18.03.2015 07:19:17.334 GMT-0000,2076.313,2076.05,0,0.0007
18.03.2015 07:19:19.554 GMT-0000,2076.302,2076.016,0,0.0007
18.03.2015 07:19:27.143 GMT-0000,2076.309,2076.009,0,0.0007
18.03.2015 07:19:31.654 GMT-0000,2076.328,2075.984,0,0.0007
18.03.2015 07:19:32.165 GMT-0000,2076.315,2076.014,0,0.0007
18.03.2015 07:19:54.905 GMT-0000,2076.5,2076.203,0,0.0007
18.03.2015 07:19:54.956 GMT-0000,2076.518,2076.255,0,0.0007
18.03.2015 07:20:01.643 GMT-0000,2076.52,2076.25,0,0.0007
18.03.2015 07:20:02.193 GMT-0000,2076.505,2076.239,0,0.0007
18.03.2015 07:20:02.413 GMT-0000,2076.511,2076.2560000000003,0,0.0007
18.03.2015 07:20:03.574 GMT-0000,2076.512,2076.268,0,0.0007
18.03.2015 07:20:04.393 GMT-0000,2076.511,2076.23,0,0.0007
18.03.2015 07:20:17.503 GMT-0000,2076.519,2076.264,0,0.0007
18.03.2015 07:20:24.413 GMT-0000,2077.3779999999997,2076.695,0.0008,0.0009
18.03.2015 07:20:24.633 GMT-0000,2076.891,2076.268,0.0008,0.0009
18.03.2015 07:21:06.322 GMT-0000,2076.856,2076.238,0.0008,0.0009
18.03.2015 07:21:18.202 GMT-0000,2076.875,2076.254,0.0008,0.0009
18.03.2015 07:23:12.660 GMT-0000,2076.92,2076.23,0.0008,0.0009
18.03.2015 07:23:13.159 GMT-0000,2076.926,2076.228,0.0008,0.0009
18.03.2015 07:23:22.677 GMT-0000,2076.387,2075.971,0,0.0003
18.03.2015 07:23:23.051 GMT-0000,2076.322,2076.0370000000003,0,0.0007
18.03.2015 07:23:30.090 GMT-0000,2076.319,2076.016,0,0.0007
18.03.2015 07:24:16.619 GMT-0000,2076.3070000000002,2076.004,0,0.0007
18.03.2015 07:24:18.049 GMT-0000,2076.3120000000004,2076.015,0,0.0007
18.03.2015 07:24:27.509 GMT-0000,2076.3179999999998,2076.015,0,0.0007
18.03.2015 07:24:34.942 GMT-0000,2076.2110000000002,2076.019,0,0.0007
18.03.2015 07:24:35.379 GMT-0000,2076.203,2076.0950000000003,0,0.0007
18.03.2015 07:24:35.430 GMT-0000,2076.224,2075.929,0,0.0007
18.03.2015 07:24:44.229 GMT-0000,2076.2200000000003,2075.939,0,0.0007
18.03.2015 07:24:51.401 GMT-0000,2076.214,2075.951,0,0.0007
18.03.2015 07:25:12.039 GMT-0000,2076.214,2075.927,0,0.0007
18.03.2015 07:25:13.819 GMT-0000,2076.204,2075.928,0,0.0007
18.03.2015 07:25:14.876 GMT-0000,2076.205,2075.93,0,0.0007
18.03.2015 07:25:15.177 GMT-0000,2076.3160000000003,2075.9970000000003,0,0.0003
18.03.2015 07:26:03.318 GMT-0000,2076.327,2076.015,0,0.0007
18.03.2015 07:26:07.388 GMT-0000,2076.325,2076.027,0,0.0007
18.03.2015 07:26:07.608 GMT-0000,2076.321,2076.012,0,0.0007
18.03.2015 07:26:23.778 GMT-0000,2076.323,2075.986,0,0.0014
18.03.2015 07:26:23.938 GMT-0000,2076.2070000000003,2076,0,0.0007
18.03.2015 07:26:24.327 GMT-0000,2076.216,2076,0,0.0007
18.03.2015 07:26:24.437 GMT-0000,2076.2129999999997,2075.952,0,0.0007
18.03.2015 07:26:30.267 GMT-0000,2076.221,2075.92,0,0.0007
18.03.2015 07:26:32.529 GMT-0000,2076.214,2075.939,0,0.0007
18.03.2015 07:26:32.580 GMT-0000,2076.324,2075.982,0,0.0003
18.03.2015 07:26:42.849 GMT-0000,2076.064,2075.953,0,0.0007
18.03.2015 07:26:43.357 GMT-0000,2076.028,2075.888,0,0.0007
18.03.2015 07:26:58.165 GMT-0000,2076.418,2076.077,0,0.0003
18.03.2015 07:27:11.778 GMT-0000,2076.3,2076.015,0,0.0007
18.03.2015 07:27:12.068 GMT-0000,2076.314,2075.9970000000003,0,0.0007
18.03.2015 07:27:38.401 GMT-0000,2076.206,2076.014,0,0.0007
18.03.2015 07:27:38.813 GMT-0000,2076.201,2075.899,0,0.0007
18.03.2015 07:27:40.227 GMT-0000,2076.203,2075.94,0,0.0007
18.03.2015 07:28:04.976 GMT-0000,2076.226,2075.8810000000003,0,0.0007
18.03.2015 07:28:05.196 GMT-0000,2076.203,2076.093,0,0.0007
18.03.2015 07:28:06.543 GMT-0000,2076.319,2076.0820000000003,0,0.0007
18.03.2015 07:28:06.846 GMT-0000,2076.324,2075.987,0,0.0003
18.03.2015 07:28:08.936 GMT-0000,2076.32,2076.015,0,0.0007
18.03.2015 07:28:09.156 GMT-0000,2076.3120000000004,2076.005,0,0.0007
18.03.2015 07:28:17.296 GMT-0000,2076.314,2076.013,0,0.0007
18.03.2015 07:28:24.116 GMT-0000,2076.322,2076.027,0,0.0007
18.03.2015 07:28:33.486 GMT-0000,2076.317,2076.0370000000003,0,0.0007
18.03.2015 07:28:33.685 GMT-0000,2076.324,2076.012,0,0.0007
18.03.2015 07:28:34.015 GMT-0000,2076.3070000000002,2075.993,0,0.0007
18.03.2015 07:28:35.161 GMT-0000,2076.325,2075.998,0,0.0003
18.03.2015 07:28:35.211 GMT-0000,2076.013,2075.803,0,0.0007
18.03.2015 07:28:35.262 GMT-0000,2076.002,2075.786,0,0.0007
18.03.2015 07:28:37.646 GMT-0000,2076.004,2075.75,0,0.0007
18.03.2015 07:28:42.815 GMT-0000,2076.029,2075.692,0,0.0003
18.03.2015 07:28:46.775 GMT-0000,2076.025,2075.716,0,0.0007
18.03.2015 07:28:50.295 GMT-0000,2076.001,2075.714,0,0.0007
18.03.2015 07:28:50.625 GMT-0000,2076.009,2075.766,0,0.0007
18.03.2015 07:28:51.395 GMT-0000,2076.007,2075.752,0,0.0007
18.03.2015 07:28:53.516 GMT-0000,2076.223,2075.763,0,0.0003
18.03.2015 07:28:53.572 GMT-0000,2076.326,2075.98,0,0.0003
18.03.2015 07:28:55.141 GMT-0000,2076.31,2075.991,0,0.0007
18.03.2015 07:29:00.335 GMT-0000,2076.308,2075.98,0,0.0014
18.03.2015 07:29:02.425 GMT-0000,2076.313,2076.059,0,0.0007
18.03.2015 07:29:10.069 GMT-0000,2076.406,2076.176,0,0.0007
18.03.2015 07:29:10.455 GMT-0000,2076.442,2076.325,0,0.0007
18.03.2015 07:29:10.926 GMT-0000,2076.459,2076.349,0,0.0007
18.03.2015 07:29:11.335 GMT-0000,2076.418,2076.165,0,0.0007
18.03.2015 07:29:13.389 GMT-0000,2076.323,2076.1710000000003,0,0.0007
18.03.2015 07:29:13.645 GMT-0000,2076.303,2076.0879999999997,0,0.0007
18.03.2015 07:29:13.896 GMT-0000,2076.301,2076.058,0,0.0007
18.03.2015 07:29:16.065 GMT-0000,2076.308,2076.059,0,0.0007
18.03.2015 07:29:16.505 GMT-0000,2076.302,2076.0370000000003,0,0.0007
18.03.2015 07:29:22.555 GMT-0000,2076.3160000000003,2076.0570000000002,0,0.0007
18.03.2015 07:29:26.202 GMT-0000,2076.206,2076.059,0,0.0007
18.03.2015 07:29:26.302 GMT-0000,2076.018,2075.68,0.0006,0.0004
18.03.2015 07:29:26.405 GMT-0000,2076.013,2075.809,0,0.0007
18.03.2015 07:29:26.625 GMT-0000,2076.019,2075.779,0,0.0007
18.03.2015 07:29:35.755 GMT-0000,2076.013,2075.772,0,0.0007
18.03.2015 07:29:36.085 GMT-0000,2076.011,2075.777,0,0.0007
18.03.2015 07:29:38.284 GMT-0000,2076.008,2075.804,0,0.0007
18.03.2015 07:29:39.514 GMT-0000,2076.306,2075.972,0,0.0003
18.03.2015 07:29:39.836 GMT-0000,2076.415,2076.097,0,0.0003
18.03.2015 07:29:40.435 GMT-0000,2076.317,2075.988,0,0.0014
18.03.2015 07:29:40.926 GMT-0000,2076.301,2076.01,0,0.0007
18.03.2015 07:29:43.015 GMT-0000,2076.313,2075.998,0,0.0007
18.03.2015 07:29:45.215 GMT-0000,2076.321,2075.993,0,0.0007
18.03.2015 07:29:55.114 GMT-0000,2076.303,2076.049,0,0.0007
18.03.2015 07:29:55.554 GMT-0000,2076.319,2076.053,0,0.0007
18.03.2015 07:29:58.216 GMT-0000,2076.313,2076.0389999999998,0,0.0007
18.03.2015 07:29:59.404 GMT-0000,2076.308,2076.045,0,0.0007
18.03.2015 07:30:00.725 GMT-0000,2076.322,2075.9770000000003,0,0.0014
18.03.2015 07:30:01.075 GMT-0000,2076.327,2075.998,0,0.0007
18.03.2015 07:30:10.211 GMT-0000,2076.33,2075.993,0,0.0003
18.03.2015 07:30:10.624 GMT-0000,2076.303,2076.007,0,0.0007
18.03.2015 07:30:11.096 GMT-0000,2076.324,2075.975,0,0.0014
18.03.2015 07:30:16.234 GMT-0000,2076.319,2075.995,0,0.0007
18.03.2015 07:30:41.094 GMT-0000,2076.305,2076.001,0,0.0007
18.03.2015 07:31:04.634 GMT-0000,2076.311,2076.001,0,0.0007
18.03.2015 07:31:05.624 GMT-0000,2076.31,2076.016,0,0.0007
18.03.2015 07:31:06.393 GMT-0000,2076.305,2076.014,0,0.0007
18.03.2015 07:31:08.374 GMT-0000,2076.322,2076.008,0,0.0007
18.03.2015 07:31:11.673 GMT-0000,2076.317,2076.0260000000003,0,0.0007
18.03.2015 07:31:12.375 GMT-0000,2076.31,2076.069,0,0.0007
18.03.2015 07:31:12.807 GMT-0000,2076.409,2076.083,0,0.0003
18.03.2015 07:31:13.103 GMT-0000,2076.413,2076.094,0,0.0007
18.03.2015 07:31:18.998 GMT-0000,2076.41,2076.07,0,0.0003
18.03.2015 07:31:19.355 GMT-0000,2076.33,2075.9700000000003,0,0.0003
18.03.2015 07:31:19.901 GMT-0000,2076.317,2076.028,0,0.0007
18.03.2015 07:31:35.323 GMT-0000,2076.321,2076.025,0,0.0007
18.03.2015 07:31:39.063 GMT-0000,2076.302,2076.02,0,0.0007
18.03.2015 07:32:07.365 GMT-0000,2076.51,2076.198,0,0.0003
18.03.2015 07:32:07.866 GMT-0000,2076.406,2076.144,0,0.0007
18.03.2015 07:32:08.247 GMT-0000,2076.41,2076.077,0,0.0003
18.03.2015 07:32:23.722 GMT-0000,2076.424,2076.09,0,0.0007
18.03.2015 07:32:28.782 GMT-0000,2076.422,2076.114,0,0.0007
18.03.2015 07:32:30.652 GMT-0000,2076.4170000000004,2076.075,0,0.0003
18.03.2015 07:32:36.704 GMT-0000,2076.409,2076.106,0,0.0007
18.03.2015 07:32:37.032 GMT-0000,2076.416,2076.106,0,0.0007
18.03.2015 07:32:38.572 GMT-0000,2076.407,2076.08,0,0.0003
18.03.2015 07:33:10.582 GMT-0000,2076.4120000000003,2076.117,0,0.0007
18.03.2015 07:33:11.022 GMT-0000,2076.404,2076.081,0,0.0007
18.03.2015 07:33:14.203 GMT-0000,2076.409,2076.137,0,0.0007
18.03.2015 07:33:24.661 GMT-0000,2076.423,2076.1,0,0.0007
18.03.2015 07:33:34.231 GMT-0000,2076.428,2076.0879999999997,0,0.0003
18.03.2015 07:33:39.181 GMT-0000,2076.41,2076.094,0,0.0007
18.03.2015 07:33:39.401 GMT-0000,2076.405,2076.079,0,0.0003
18.03.2015 07:33:44.241 GMT-0000,2076.427,2076.098,0,0.0007
18.03.2015 07:33:44.488 GMT-0000,2076.4120000000003,2076.092,0,0.0003
18.03.2015 07:33:45.341 GMT-0000,2076.407,2076.105,0,0.0007
18.03.2015 07:33:53.811 GMT-0000,2076.427,2076.08,0,0.0003
18.03.2015 07:34:04.041 GMT-0000,2076.413,2076.105,0,0.0007
18.03.2015 07:34:14.050 GMT-0000,2076.427,2076.077,0,0.0003
18.03.2015 07:34:14.184 GMT-0000,2076.308,2075.988,0,0.0003
18.03.2015 07:34:14.491 GMT-0000,2076.314,2076.129,0,0.0007
18.03.2015 07:34:14.601 GMT-0000,2076.308,2076.084,0,0.0007
18.03.2015 07:34:14.962 GMT-0000,2076.322,2076.052,0,0.0007
18.03.2015 07:34:19.000 GMT-0000,2076.311,2076.016,0,0.0007
18.03.2015 07:34:19.332 GMT-0000,2076.673,2076.022,0.0008,0.0009
18.03.2015 07:34:19.661 GMT-0000,2076.476,2075.819,0.0008,0.0009
18.03.2015 07:34:21.531 GMT-0000,2076.473,2075.794,0.0008,0.0009
18.03.2015 07:34:22.762 GMT-0000,2076.473,2075.793,0.0008,0.0009
18.03.2015 07:34:23.207 GMT-0000,2076.4610000000002,2075.7889999999998,0.0008,0.0009
18.03.2015 07:34:27.470 GMT-0000,2076.48,2075.8450000000003,0.0008,0.0009
18.03.2015 07:34:28.257 GMT-0000,2076.452,2075.788,0.0008,0.0009
18.03.2015 07:34:43.530 GMT-0000,2076.493,2075.791,0.0008,0.0009
18.03.2015 07:34:55.960 GMT-0000,2076.436,2075.735,0.0008,0.0009
18.03.2015 07:34:59.260 GMT-0000,2076.434,2075.7529999999997,0.0008,0.0009
18.03.2015 07:35:01.941 GMT-0000,2076.45,2075.779,0.0008,0.0009
18.03.2015 07:35:15.233 GMT-0000,2076.4629999999997,2075.782,0.0008,0.0009
18.03.2015 07:35:22.646 GMT-0000,2076.2129999999997,2075.817,0,0.0007
18.03.2015 07:35:23.020 GMT-0000,2076.218,2075.871,0,0.0007
18.03.2015 07:35:32.454 GMT-0000,2076.317,2075.9900000000002,0,0.0003
18.03.2015 07:35:32.810 GMT-0000,2076.3070000000002,2076.054,0,0.0007
18.03.2015 07:35:33.690 GMT-0000,2076.313,2076.075,0,0.0007
18.03.2015 07:35:45.240 GMT-0000,2076.43,2076.0879999999997,0,0.0003
18.03.2015 07:35:45.350 GMT-0000,2076.406,2076.1079999999997,0,0.0007
18.03.2015 07:35:51.509 GMT-0000,2076.42,2076.089,0,0.0003
18.03.2015 07:35:52.972 GMT-0000,2076.209,2076.078,0,0.0007
18.03.2015 07:35:53.159 GMT-0000,2076.219,2075.904,0,0.0007
18.03.2015 07:35:53.709 GMT-0000,2076.202,2075.895,0,0.0007
18.03.2015 07:35:53.929 GMT-0000,2076.23,2075.785,0,0.0003
18.03.2015 07:35:58.329 GMT-0000,2076.209,2075.879,0,0.0007
18.03.2015 07:35:58.989 GMT-0000,2076.2200000000003,2075.835,0,0.0007
18.03.2015 07:36:15.709 GMT-0000,2076.214,2075.774,0,0.0003
18.03.2015 07:36:16.149 GMT-0000,2076.2200000000003,2075.877,0,0.0007
18.03.2015 07:36:25.719 GMT-0000,2076.219,2075.851,0,0.0007
18.03.2015 07:36:25.939 GMT-0000,2076.224,2075.8360000000002,0,0.0007
18.03.2015 07:36:46.808 GMT-0000,2076.225,2075.793,0,0.0007
18.03.2015 07:36:51.441 GMT-0000,2076.229,2075.842,0,0.0007
18.03.2015 07:36:58.028 GMT-0000,2076.224,2075.897,0,0.0007
18.03.2015 07:37:05.178 GMT-0000,2076.205,2075.884,0,0.0007
18.03.2015 07:37:06.512 GMT-0000,2076.218,2075.799,0,0.0003
18.03.2015 07:37:16.389 GMT-0000,2076.31,2075.996,0.0012,0.0003
18.03.2015 07:37:30.588 GMT-0000,2076.32,2075.9829999999997,0,0.0007
18.03.2015 07:37:38.948 GMT-0000,2076.317,2076.069,0,0.0007
18.03.2015 07:37:39.168 GMT-0000,2076.319,2076.05,0,0.0007
18.03.2015 07:37:39.498 GMT-0000,2076.304,2076.043,0,0.0007
18.03.2015 07:37:42.598 GMT-0000,2076.201,2076.051,0,0.0007
18.03.2015 07:37:42.698 GMT-0000,2076.3070000000002,2076.048,0,0.0007
18.03.2015 07:37:42.908 GMT-0000,2076.326,2075.9770000000003,0,0.0003
18.03.2015 07:37:43.599 GMT-0000,2076.071,2075.683,0,0.0003
18.03.2015 07:37:44.008 GMT-0000,2076.64,2075.9629999999997,0.0011,0.0007
18.03.2015 07:37:44.668 GMT-0000,2076.009,2075.779,0,0.0007
18.03.2015 07:37:56.107 GMT-0000,2076.0029999999997,2075.791,0,0.0007
18.03.2015 07:37:57.758 GMT-0000,2076.004,2075.75,0,0.0007
18.03.2015 07:37:59.145 GMT-0000,2076.011,2075.7670000000003,0,0.0007
18.03.2015 07:38:19.867 GMT-0000,2076.014,2075.782,0,0.0007
18.03.2015 07:38:25.917 GMT-0000,2076.001,2075.802,0,0.0007
18.03.2015 07:38:37.158 GMT-0000,2076.009,2075.8379999999997,0,0.0007
18.03.2015 07:38:47.561 GMT-0000,2076.2110000000002,2075.821,0,0.0007
18.03.2015 07:38:47.806 GMT-0000,2076.228,2075.799,0,0.0007
18.03.2015 07:38:49.036 GMT-0000,2076.201,2075.7760000000003,0,0.0003
18.03.2015 07:39:01.226 GMT-0000,2076.2,2075.89,0,0.0007
18.03.2015 07:39:01.776 GMT-0000,2076.201,2075.909,0,0.0007
18.03.2015 07:39:02.152 GMT-0000,2076.205,2075.9320000000002,0,0.0007
18.03.2015 07:39:03.634 GMT-0000,2076.205,2075.9570000000003,0,0.0007
18.03.2015 07:39:18.386 GMT-0000,2076.219,2075.886,0,0.0007
18.03.2015 07:39:18.683 GMT-0000,2076.0370000000003,2075.908,0,0.0007
18.03.2015 07:39:19.156 GMT-0000,2076.01,2075.798,0,0.0007
18.03.2015 07:39:29.692 GMT-0000,2076.2270000000003,2075.7760000000003,0,0.0014
18.03.2015 07:39:29.816 GMT-0000,2076.323,2075.982,0,0.0003
18.03.2015 07:39:41.832 GMT-0000,2076.2110000000002,2075.98,0,0.0007
18.03.2015 07:39:42.476 GMT-0000,2076.21,2075.874,0,0.0007
18.03.2015 07:39:44.236 GMT-0000,2076.016,2075.873,0,0.0007
18.03.2015 07:39:44.456 GMT-0000,2076.0170000000003,2075.791,0,0.0007
18.03.2015 07:39:51.936 GMT-0000,2076.019,2075.849,0,0.0007
18.03.2015 07:39:55.235 GMT-0000,2076.002,2075.828,0,0.0007
18.03.2015 07:40:01.285 GMT-0000,2076.01,2075.8179999999998,0,0.0007
18.03.2015 07:40:02.715 GMT-0000,2076.008,2075.75,0,0.0007
18.03.2015 07:40:16.585 GMT-0000,2076.025,2075.746,0,0.0007
18.03.2015 07:40:19.215 GMT-0000,2076.02,2075.737,0,0.0007
18.03.2015 07:40:19.435 GMT-0000,2076.011,2075.744,0,0.0007
18.03.2015 07:40:22.436 GMT-0000,2075.911,2075.744,0,0.0007
18.03.2015 07:40:22.845 GMT-0000,2075.903,2075.716,0,0.0007
18.03.2015 07:40:32.645 GMT-0000,2076.019,2075.726,0,0.0007
18.03.2015 07:40:33.014 GMT-0000,2076,2075.742,0,0.0007
18.03.2015 07:40:33.295 GMT-0000,2076.022,2075.737,0,0.0007
18.03.2015 07:40:35.548 GMT-0000,2076.322,2075.9829999999997,0,0.0003
18.03.2015 07:40:47.258 GMT-0000,2076.418,2076.073,0,0.0003
18.03.2015 07:40:47.759 GMT-0000,2076.309,2076.073,0,0.0007
18.03.2015 07:40:47.815 GMT-0000,2076.305,2076.058,0,0.0007
18.03.2015 07:40:48.145 GMT-0000,2076.302,2076.0060000000003,0,0.0007
18.03.2015 07:40:49.412 GMT-0000,2076.313,2076.024,0,0.0007
18.03.2015 07:40:49.465 GMT-0000,2076.321,2076.014,0,0.0007
18.03.2015 07:40:49.685 GMT-0000,2076.31,2076.019,0,0.0007
18.03.2015 07:40:53.071 GMT-0000,2076.305,2076.015,0,0.0007
18.03.2015 07:41:02.884 GMT-0000,2076.311,2076.019,0,0.0007
18.03.2015 07:41:03.105 GMT-0000,2076.306,2076.004,0,0.0007
18.03.2015 07:41:14.874 GMT-0000,2076.323,2076.0029999999997,0,0.0007
18.03.2015 07:41:17.490 GMT-0000,2076.402,2076.091,0,0.0003
18.03.2015 07:41:17.734 GMT-0000,2076.405,2076.107,0,0.0007
18.03.2015 07:41:18.174 GMT-0000,2076.428,2076.1,0,0.0007
18.03.2015 07:41:19.952 GMT-0000,2076.4170000000004,2076.206,0,0.0007
18.03.2015 07:41:20.093 GMT-0000,2076.502,2076.189,0,0.0007
18.03.2015 07:41:20.924 GMT-0000,2076.505,2076.224,0,0.0007
18.03.2015 07:41:42.704 GMT-0000,2076.521,2076.226,0,0.0007
18.03.2015 07:41:43.694 GMT-0000,2076.518,2076.223,0,0.0007
18.03.2015 07:41:46.774 GMT-0000,2076.514,2076.232,0,0.0007
18.03.2015 07:41:49.106 GMT-0000,2076.512,2076.2400000000002,0,0.0007
18.03.2015 07:41:49.634 GMT-0000,2076.522,2076.244,0,0.0007
18.03.2015 07:41:50.404 GMT-0000,2076.516,2076.258,0,0.0007
18.03.2015 07:41:50.624 GMT-0000,2076.505,2076.2470000000003,0,0.0007
18.03.2015 07:41:55.573 GMT-0000,2076.525,2076.243,0,0.0007
18.03.2015 07:41:55.903 GMT-0000,2076.523,2076.237,0,0.0007
18.03.2015 07:42:15.265 GMT-0000,2076.514,2076.237,0,0.0007
18.03.2015 07:42:43.093 GMT-0000,2076.519,2076.3520000000003,0,0.0007
18.03.2015 07:42:43.313 GMT-0000,2076.5170000000003,2076.249,0,0.0007
18.03.2015 07:42:43.533 GMT-0000,2076.515,2076.235,0,0.0007
18.03.2015 07:42:51.972 GMT-0000,2076.5170000000003,2076.355,0,0.0007
18.03.2015 07:42:52.022 GMT-0000,2076.51,2076.25,0,0.0007
18.03.2015 07:42:52.223 GMT-0000,2076.516,2076.2470000000003,0,0.0007
18.03.2015 07:42:53.873 GMT-0000,2076.516,2076.251,0,0.0007
18.03.2015 07:42:57.618 GMT-0000,2076.5170000000003,2076.363,0,0.0007
18.03.2015 07:42:57.833 GMT-0000,2076.5170000000003,2076.251,0,0.0007
18.03.2015 07:42:58.823 GMT-0000,2076.522,2076.228,0,0.0007
18.03.2015 07:42:59.043 GMT-0000,2076.522,2076.221,0,0.0007
18.03.2015 07:43:02.233 GMT-0000,2076.507,2076.254,0,0.0007
18.03.2015 07:43:02.453 GMT-0000,2076.504,2076.198,0,0.0007
18.03.2015 07:43:09.493 GMT-0000,2076.51,2076.1929999999998,0,0.0007
18.03.2015 07:43:11.363 GMT-0000,2076.502,2076.223,0,0.0007
18.03.2015 07:43:12.683 GMT-0000,2076.514,2076.239,0,0.0007
18.03.2015 07:43:13.233 GMT-0000,2076.514,2076.259,0,0.0007
18.03.2015 07:43:21.898 GMT-0000,2076.507,2076.35,0,0.0007
18.03.2015 07:43:22.032 GMT-0000,2076.516,2076.252,0,0.0007
18.03.2015 07:43:22.362 GMT-0000,2076.51,2076.25,0,0.0007
18.03.2015 07:43:22.693 GMT-0000,2076.501,2076.272,0,0.0007
18.03.2015 07:43:24.342 GMT-0000,2076.521,2076.3720000000003,0,0.0007
18.03.2015 07:43:24.672 GMT-0000,2076.5170000000003,2076.308,0,0.0007
18.03.2015 07:43:25.662 GMT-0000,2076.511,2076.29,0,0.0007
18.03.2015 07:43:32.702 GMT-0000,2076.515,2076.261,0,0.0007
18.03.2015 07:43:35.350 GMT-0000,2076.5,2076.259,0,0.0007
18.03.2015 07:43:35.782 GMT-0000,2076.518,2076.261,0,0.0007
18.03.2015 07:43:36.222 GMT-0000,2076.519,2076.26,0,0.0007
18.03.2015 07:43:36.442 GMT-0000,2076.5170000000003,2076.228,0,0.0007
18.03.2015 07:43:41.722 GMT-0000,2076.522,2076.2670000000003,0,0.0007
18.03.2015 07:43:50.362 GMT-0000,2076.509,2076.2870000000003,0,0.0007
18.03.2015 07:43:52.172 GMT-0000,2076.51,2076.284,0,0.0007
18.03.2015 07:43:52.990 GMT-0000,2076.507,2076.284,0,0.0007
18.03.2015 07:44:01.412 GMT-0000,2076.5170000000003,2076.262,0,0.0007
18.03.2015 07:44:10.652 GMT-0000,2076.518,2076.283,0,0.0007
18.03.2015 07:44:22.790 GMT-0000,2076.519,2076.268,0,0.0007
18.03.2015 07:44:45.521 GMT-0000,2076.5060000000003,2076.3579999999997,0,0.0007
18.03.2015 07:44:45.851 GMT-0000,2076.509,2076.283,0,0.0007
18.03.2015 07:44:49.123 GMT-0000,2076.505,2076.259,0,0.0007
18.03.2015 07:44:59.101 GMT-0000,2076.3779999999997,2075.974,0,0.0003
18.03.2015 07:44:59.511 GMT-0000,2076.304,2076.11,0,0.0007
18.03.2015 07:44:59.731 GMT-0000,2076.31,2076.138,0,0.0007
18.03.2015 07:45:12.345 GMT-0000,2076.416,2076.13,0,0.0007
18.03.2015 07:45:12.821 GMT-0000,2076.408,2076.239,0,0.0007
18.03.2015 07:45:14.141 GMT-0000,2076.419,2076.138,0,0.0007
18.03.2015 07:45:17.684 GMT-0000,2076.416,2076.116,0,0.0007
18.03.2015 07:45:23.490 GMT-0000,2076.408,2076.133,0,0.0007
18.03.2015 07:45:24.591 GMT-0000,2076.405,2076.125,0,0.0007
18.03.2015 07:45:50.149 GMT-0000,2076.309,2076.1279999999997,0,0.0007
18.03.2015 07:45:50.330 GMT-0000,2076.309,2076.097,0,0.0007
18.03.2015 07:45:50.770 GMT-0000,2076.303,2076.008,0,0.0007
18.03.2015 07:45:57.123 GMT-0000,2076.32,2076.007,0,0.0007
18.03.2015 07:45:58.756 GMT-0000,2076.206,2076.001,0,0.0007
18.03.2015 07:45:58.856 GMT-0000,2076.641,2076.008,0.0008,0.0009
18.03.2015 07:45:59.130 GMT-0000,2076.551,2075.919,0.0008,0.0009
18.03.2015 07:45:59.951 GMT-0000,2076.54,2075.843,0.0008,0.0009
18.03.2015 07:46:08.664 GMT-0000,2076.218,2075.861,0,0.0007
18.03.2015 07:46:09.030 GMT-0000,2076.2,2075.775,0,0.0003
18.03.2015 07:46:09.140 GMT-0000,2076.229,2075.884,0,0.0007
18.03.2015 07:46:12.165 GMT-0000,2076.217,2075.964,0,0.0007
18.03.2015 07:46:15.074 GMT-0000,2076.527,2076.18,0,0.0003
18.03.2015 07:46:15.300 GMT-0000,2076.524,2076.196,0,0.0007
18.03.2015 07:46:15.630 GMT-0000,2076.51,2076.2470000000003,0,0.0007
18.03.2015 07:46:21.899 GMT-0000,2076.52,2076.237,0,0.0007
18.03.2015 07:46:54.679 GMT-0000,2076.514,2076.34,0,0.0007
18.03.2015 07:46:55.009 GMT-0000,2076.512,2076.265,0,0.0007
18.03.2015 07:46:56.374 GMT-0000,2076.52,2076.241,0,0.0007
18.03.2015 07:46:57.319 GMT-0000,2076.505,2076.337,0,0.0007
18.03.2015 07:46:57.649 GMT-0000,2076.519,2076.245,0,0.0007
18.03.2015 07:47:06.889 GMT-0000,2076.5029999999997,2076.217,0,0.0007
18.03.2015 07:47:09.859 GMT-0000,2076.515,2076.216,0,0.0007
18.03.2015 07:47:14.919 GMT-0000,2076.508,2076.2329999999997,0,0.0007
18.03.2015 07:47:16.256 GMT-0000,2076.514,2076.225,0,0.0007
18.03.2015 07:47:18.086 GMT-0000,2076.519,2076.208,0,0.0007
18.03.2015 07:47:19.869 GMT-0000,2076.504,2076.1710000000003,0,0.0014
18.03.2015 07:47:25.149 GMT-0000,2076.502,2076.349,0,0.0007
18.03.2015 07:47:25.479 GMT-0000,2076.52,2076.237,0,0.0007
18.03.2015 07:47:26.029 GMT-0000,2076.528,2076.1929999999998,0,0.0007
18.03.2015 07:47:36.588 GMT-0000,2076.508,2076.192,0,0.0014
18.03.2015 07:47:36.640 GMT-0000,2076.4120000000003,2076.1929999999998,0,0.0007
18.03.2015 07:47:37.170 GMT-0000,2076.448,2076.319,0,0.0007
18.03.2015 07:47:37.468 GMT-0000,2076.413,2076.13,0,0.0007
18.03.2015 07:47:37.908 GMT-0000,2076.403,2076.147,0,0.0007
18.03.2015 07:47:55.157 GMT-0000,2076.53,2076.1929999999998,0,0.0003
18.03.2015 07:47:55.508 GMT-0000,2076.505,2076.209,0,0.0007
18.03.2015 07:47:56.938 GMT-0000,2076.524,2076.173,0,0.0003
18.03.2015 07:47:59.830 GMT-0000,2076.4139999999998,2076.1670000000004,0,0.0007
18.03.2015 07:48:00.128 GMT-0000,2076.4210000000003,2076.143,0,0.0007
18.03.2015 07:48:07.168 GMT-0000,2076.306,2076.149,0,0.0007
18.03.2015 07:48:07.608 GMT-0000,2076.32,2076.081,0,0.0007
18.03.2015 07:48:07.938 GMT-0000,2076.32,2076.03,0,0.0007
18.03.2015 07:48:10.138 GMT-0000,2076.326,2076.028,0,0.0007
18.03.2015 07:48:11.018 GMT-0000,2076.309,2076.0170000000003,0,0.0007
18.03.2015 07:48:11.914 GMT-0000,2076.428,2076.0950000000003,0,0.0003
18.03.2015 07:48:12.338 GMT-0000,2076.402,2076.125,0,0.0007
18.03.2015 07:48:12.668 GMT-0000,2076.435,2076.309,0,0.0007
18.03.2015 07:48:13.197 GMT-0000,2076.449,2076.324,0,0.0007
18.03.2015 07:48:17.948 GMT-0000,2076.436,2076.313,0,0.0007
18.03.2015 07:48:18.388 GMT-0000,2076.4429999999998,2076.322,0,0.0007
18.03.2015 07:48:20.918 GMT-0000,2076.438,2076.3179999999998,0,0.0007
18.03.2015 07:48:25.097 GMT-0000,2076.422,2076.138,0,0.0007
18.03.2015 07:48:25.631 GMT-0000,2076.525,2076.196,0,0.0003
18.03.2015 07:48:25.977 GMT-0000,2076.522,2076.23,0,0.0007
18.03.2015 07:48:26.288 GMT-0000,2076.4010000000003,2076.237,0,0.0007
18.03.2015 07:48:26.418 GMT-0000,2076.407,2076.206,0,0.0007
18.03.2015 07:48:26.637 GMT-0000,2076.44,2076.322,0,0.0007
18.03.2015 07:48:44.611 GMT-0000,2076.511,2076.32,0,0.0007
18.03.2015 07:48:44.662 GMT-0000,2076.505,2076.222,0,0.0007
18.03.2015 07:48:44.787 GMT-0000,2076.505,2076.229,0,0.0007
18.03.2015 07:48:55.677 GMT-0000,2076.502,2076.229,0,0.0007
18.03.2015 07:48:56.337 GMT-0000,2076.508,2076.255,0,0.0007
18.03.2015 07:48:58.207 GMT-0000,2076.511,2076.249,0,0.0007
18.03.2015 07:48:59.930 GMT-0000,2076.505,2076.222,0,0.0007
18.03.2015 07:49:03.622 GMT-0000,2076.41,2076.225,0,0.0007
18.03.2015 07:49:03.927 GMT-0000,2076.444,2076.329,0,0.0007
18.03.2015 07:49:08.657 GMT-0000,2076.4210000000003,2076.153,0,0.0007
18.03.2015 07:49:09.994 GMT-0000,2076.444,2076.32,0,0.0007
18.03.2015 07:49:10.087 GMT-0000,2076.415,2076.177,0,0.0007
18.03.2015 07:49:15.697 GMT-0000,2076.416,2076.1279999999997,0,0.0007
18.03.2015 07:49:18.007 GMT-0000,2076.4410000000003,2076.324,0,0.0007
18.03.2015 07:49:20.647 GMT-0000,2076.409,2076.123,0,0.0007
18.03.2015 07:49:25.842 GMT-0000,2076.304,2076.129,0,0.0007
18.03.2015 07:49:26.256 GMT-0000,2076.313,2075.999,0,0.0003
18.03.2015 07:49:34.616 GMT-0000,2076.3070000000002,2076.009,0,0.0007
18.03.2015 07:49:35.276 GMT-0000,2076.327,2075.9829999999997,0,0.0014
18.03.2015 07:49:47.926 GMT-0000,2076.301,2076.01,0,0.0007
18.03.2015 07:49:48.256 GMT-0000,2076.301,2076.007,0,0.0007
18.03.2015 07:49:49.576 GMT-0000,2076.3160000000003,2076.009,0,0.0007
18.03.2015 07:49:50.676 GMT-0000,2076.326,2076.031,0,0.0007
18.03.2015 07:49:51.667 GMT-0000,2076.415,2076.07,0,0.0003
18.03.2015 07:49:52.107 GMT-0000,2076.407,2076.159,0,0.0007
18.03.2015 07:49:52.591 GMT-0000,2076.402,2076.189,0,0.0007
18.03.2015 07:49:56.780 GMT-0000,2076.505,2076.185,0,0.0003
18.03.2015 07:49:57.166 GMT-0000,2076.51,2076.232,0,0.0007
18.03.2015 07:49:58.654 GMT-0000,2076.5170000000003,2076.194,0,0.0003
18.03.2015 07:50:02.087 GMT-0000,2076.4120000000003,2076.18,0,0.0007
18.03.2015 07:50:02.449 GMT-0000,2076.406,2076.1710000000003,0,0.0007
18.03.2015 07:50:02.668 GMT-0000,2076.418,2076.181,0,0.0007
18.03.2015 07:50:14.768 GMT-0000,2076.4139999999998,2076.144,0,0.0007
18.03.2015 07:50:15.017 GMT-0000,2076.404,2076.174,0,0.0007
18.03.2015 07:50:18.948 GMT-0000,2076.4410000000003,2076.322,0,0.0007
18.03.2015 07:50:20.721 GMT-0000,2076.411,2076.186,0,0.0007
18.03.2015 07:50:20.818 GMT-0000,2076.413,2076.155,0,0.0007
18.03.2015 07:50:21.148 GMT-0000,2076.4410000000003,2076.327,0,0.0007
18.03.2015 07:50:26.648 GMT-0000,2076.419,2076.154,0,0.0007
18.03.2015 07:50:28.354 GMT-0000,2076.44,2076.324,0,0.0007
18.03.2015 07:50:31.904 GMT-0000,2076.4139999999998,2076.188,0,0.0007
18.03.2015 07:50:32.148 GMT-0000,2076.44,2076.321,0,0.0007
18.03.2015 07:50:33.054 GMT-0000,2076.42,2076.13,0,0.0007
18.03.2015 07:50:35.998 GMT-0000,2076.446,2076.324,0,0.0007
18.03.2015 07:50:38.818 GMT-0000,2076.987,2076.3160000000003,0.0008,0.0009
18.03.2015 07:50:38.927 GMT-0000,2076.442,2076.322,0,0.0007
18.03.2015 07:50:39.408 GMT-0000,2076.418,2076.135,0,0.0007
18.03.2015 07:50:40.745 GMT-0000,2076.403,2076.159,0,0.0007
18.03.2015 07:50:42.423 GMT-0000,2076.509,2076.197,0,0.0003
18.03.2015 07:50:42.818 GMT-0000,2076.528,2076.204,0,0.0007
18.03.2015 07:50:49.638 GMT-0000,2076.518,2076.175,0,0.0003
18.03.2015 07:50:53.334 GMT-0000,2076.403,2076.189,0,0.0007
18.03.2015 07:50:53.708 GMT-0000,2076.445,2076.335,0,0.0007
18.03.2015 07:50:56.787 GMT-0000,2076.402,2076.149,0,0.0007
18.03.2015 07:50:57.227 GMT-0000,2076.453,2076.34,0,0.0007
18.03.2015 07:51:13.221 GMT-0000,2076.41,2076.174,0,0.0007
18.03.2015 07:51:23.334 GMT-0000,2076.41,2076.215,0,0.0007
18.03.2015 07:51:24.162 GMT-0000,2076.502,2076.215,0,0.0007
18.03.2015 07:51:24.507 GMT-0000,2076.507,2076.214,0,0.0007
18.03.2015 07:51:24.970 GMT-0000,2076.509,2076.27,0,0.0007
18.03.2015 07:51:26.491 GMT-0000,2076.427,2076.28,0,0.0007
18.03.2015 07:51:26.707 GMT-0000,2076.409,2076.135,0,0.0007
18.03.2015 07:51:27.037 GMT-0000,2076.4210000000003,2076.116,0,0.0007
18.03.2015 07:51:27.367 GMT-0000,2076.404,2076.139,0,0.0007
18.03.2015 07:51:43.757 GMT-0000,2076.42,2076.169,0,0.0007
18.03.2015 07:51:48.769 GMT-0000,2076.45,2076.339,0,0.0007
18.03.2015 07:51:50.577 GMT-0000,2076.413,2076.133,0,0.0007
18.03.2015 07:51:57.396 GMT-0000,2076.422,2076.169,0,0.0007
18.03.2015 07:51:58.507 GMT-0000,2076.511,2076.178,0,0.0003
18.03.2015 07:51:58.827 GMT-0000,2076.512,2076.212,0,0.0007
18.03.2015 07:51:59.973 GMT-0000,2076.52,2076.224,0,0.0007
18.03.2015 07:52:04.667 GMT-0000,2076.5029999999997,2076.197,0,0.0014
18.03.2015 07:52:05.740 GMT-0000,2076.4120000000003,2076.19,0,0.0007
18.03.2015 07:52:05.986 GMT-0000,2076.4120000000003,2076.156,0,0.0007
18.03.2015 07:52:15.556 GMT-0000,2076.404,2076.138,0,0.0007
18.03.2015 07:52:15.886 GMT-0000,2076.413,2076.154,0,0.0007
18.03.2015 07:52:21.760 GMT-0000,2076.308,2076.149,0,0.0007
18.03.2015 07:52:22.046 GMT-0000,2076.3120000000004,2076.021,0,0.0007
18.03.2015 07:52:22.376 GMT-0000,2076.31,2076.1220000000003,0,0.0007
18.03.2015 07:52:22.596 GMT-0000,2076.3120000000004,2076.103,0,0.0007
18.03.2015 07:52:27.167 GMT-0000,2076.419,2076.093,0,0.0007
18.03.2015 07:52:27.367 GMT-0000,2076.42,2076.073,0,0.0003
18.03.2015 07:52:27.656 GMT-0000,2076.406,2076.168,0,0.0007
18.03.2015 07:52:28.717 GMT-0000,2076.419,2076.173,0,0.0007
18.03.2015 07:52:29.975 GMT-0000,2076.4139999999998,2076.169,0,0.0007
18.03.2015 07:52:30.516 GMT-0000,2076.454,2076.34,0,0.0007
18.03.2015 07:52:32.386 GMT-0000,2076.402,2076.181,0,0.0007
18.03.2015 07:52:32.496 GMT-0000,2076.448,2076.319,0,0.0007
18.03.2015 07:52:34.047 GMT-0000,2076.449,2076.3320000000003,0,0.0007
18.03.2015 07:52:36.456 GMT-0000,2076.4139999999998,2076.119,0,0.0007
18.03.2015 07:52:36.786 GMT-0000,2076.411,2076.178,0,0.0007
18.03.2015 07:52:38.656 GMT-0000,2076.403,2076.12,0,0.0007
18.03.2015 07:52:44.706 GMT-0000,2076.454,2076.339,0,0.0007
18.03.2015 07:52:46.906 GMT-0000,2076.4010000000003,2076.135,0,0.0007
18.03.2015 07:52:47.125 GMT-0000,2076.454,2076.333,0,0.0007
18.03.2015 07:52:50.646 GMT-0000,2076.422,2076.139,0,0.0007
18.03.2015 07:52:51.376 GMT-0000,2076.3120000000004,2076.136,0,0.0007
18.03.2015 07:52:51.495 GMT-0000,2076.4120000000003,2076.139,0,0.0007
18.03.2015 07:52:51.966 GMT-0000,2076.418,2076.097,0,0.0003
18.03.2015 07:52:52.076 GMT-0000,2076.423,2076.124,0,0.0007
18.03.2015 07:53:07.560 GMT-0000,2076.301,2076.134,0,0.0007
18.03.2015 07:53:07.660 GMT-0000,2076.4010000000003,2076.134,0,0.0007
18.03.2015 07:53:08.026 GMT-0000,2076.409,2076.094,0,0.0003
18.03.2015 07:53:08.245 GMT-0000,2076.424,2076.136,0,0.0007
18.03.2015 07:53:09.462 GMT-0000,2076.313,2076.132,0,0.0007
18.03.2015 07:53:09.803 GMT-0000,2076.315,2076.0029999999997,0,0.0007
18.03.2015 07:53:10.116 GMT-0000,2076.317,2076.056,0,0.0007
18.03.2015 07:53:11.366 GMT-0000,2076.319,2076.074,0,0.0007
18.03.2015 07:53:12.975 GMT-0000,2076.3160000000003,2076.069,0,0.0007
18.03.2015 07:53:13.966 GMT-0000,2076.3160000000003,2076.027,0,0.0007
18.03.2015 07:53:14.515 GMT-0000,2076.314,2076.043,0,0.0007
18.03.2015 07:53:16.825 GMT-0000,2076.303,2076.029,0,0.0007
18.03.2015 07:53:18.992 GMT-0000,2076.305,2076.025,0,0.0007
18.03.2015 07:53:20.027 GMT-0000,2076.317,2076.0460000000003,0,0.0007
18.03.2015 07:53:22.610 GMT-0000,2076.4170000000004,2076.075,0,0.0003
18.03.2015 07:53:22.875 GMT-0000,2076.41,2076.107,0,0.0007
18.03.2015 07:53:23.292 GMT-0000,2076.419,2076.124,0,0.0007
18.03.2015 07:53:25.185 GMT-0000,2076.4429999999998,2076.32,0,0.0007
18.03.2015 07:53:26.079 GMT-0000,2076.94,2076.295,0.0008,0.0009
18.03.2015 07:53:26.395 GMT-0000,2076.762,2076.1310000000003,0.0008,0.0009
18.03.2015 07:53:26.887 GMT-0000,2076.735,2076.098,0.0008,0.0009
18.03.2015 07:53:27.495 GMT-0000,2076.737,2076.076,0.0008,0.0009
18.03.2015 07:53:29.255 GMT-0000,2076.719,2076.023,0.0008,0.0009
18.03.2015 07:53:34.535 GMT-0000,2076.75,2076.0879999999997,0.0008,0.0009
18.03.2015 07:53:36.653 GMT-0000,2076.7670000000003,2076.111,0.0008,0.0009
18.03.2015 07:53:37.094 GMT-0000,2076.411,2076.126,0,0.0007
18.03.2015 07:53:37.507 GMT-0000,2076.438,2076.314,0,0.0007
18.03.2015 07:53:38.293 GMT-0000,2076.444,2076.322,0,0.0007
18.03.2015 07:53:38.495 GMT-0000,2076.411,2076.138,0,0.0007
18.03.2015 07:53:39.375 GMT-0000,2076.407,2076.153,0,0.0007
18.03.2015 07:53:42.235 GMT-0000,2076.444,2076.329,0,0.0007
18.03.2015 07:53:42.455 GMT-0000,2076.405,2076.158,0,0.0007
18.03.2015 07:53:51.365 GMT-0000,2076.415,2076.136,0,0.0007
18.03.2015 07:53:51.585 GMT-0000,2076.4139999999998,2076.168,0,0.0007
18.03.2015 07:54:00.605 GMT-0000,2076.415,2076.184,0,0.0007
18.03.2015 07:54:01.265 GMT-0000,2076.403,2076.176,0,0.0007
18.03.2015 07:54:01.925 GMT-0000,2076.415,2076.166,0,0.0007
18.03.2015 07:54:06.732 GMT-0000,2076.415,2076.1420000000003,0,0.0007
18.03.2015 07:54:07.095 GMT-0000,2076.4,2076.154,0,0.0007
18.03.2015 07:54:16.224 GMT-0000,2076.416,2076.1820000000002,0,0.0007
18.03.2015 07:54:31.294 GMT-0000,2076.413,2076.206,0,0.0007
18.03.2015 07:54:32.724 GMT-0000,2076.42,2076.173,0,0.0007
18.03.2015 07:54:39.324 GMT-0000,2076.4010000000003,2076.1639999999998,0,0.0007
18.03.2015 07:54:39.544 GMT-0000,2076.446,2076.325,0,0.0007
18.03.2015 07:54:45.361 GMT-0000,2076.302,2075.991,0.0006,0.0004
18.03.2015 07:54:45.561 GMT-0000,2076.453,2076.0820000000003,0.0006,0.0004
18.03.2015 07:54:46.254 GMT-0000,2076.4410000000003,2076.327,0,0.0007
18.03.2015 07:54:48.124 GMT-0000,2076.4120000000003,2076.137,0,0.0007
18.03.2015 07:54:48.566 GMT-0000,2076.403,2076.14,0,0.0007
18.03.2015 07:54:48.895 GMT-0000,2076.402,2076.179,0,0.0007
18.03.2015 07:54:54.394 GMT-0000,2076.409,2076.138,0,0.0007
18.03.2015 07:54:57.254 GMT-0000,2076.42,2076.146,0,0.0007
18.03.2015 07:54:57.804 GMT-0000,2076.418,2076.124,0,0.0007
18.03.2015 07:54:58.315 GMT-0000,2076.313,2076.1310000000003,0,0.0007
18.03.2015 07:54:58.376 GMT-0000,2076.423,2076.126,0,0.0007
18.03.2015 07:54:58.574 GMT-0000,2076.415,2076.071,0,0.0003
18.03.2015 07:54:58.904 GMT-0000,2076.403,2076.117,0,0.0007
18.03.2015 07:54:59.235 GMT-0000,2076.415,2076.112,0,0.0007
18.03.2015 07:55:01.104 GMT-0000,2076.406,2076.107,0,0.0007
18.03.2015 07:55:01.324 GMT-0000,2076.422,2076.138,0,0.0007
18.03.2015 07:55:01.654 GMT-0000,2076.403,2076.119,0,0.0007
18.03.2015 07:55:01.791 GMT-0000,2076.308,2076.105,0,0.0007
18.03.2015 07:55:01.924 GMT-0000,2076.408,2076.132,0,0.0007
18.03.2015 07:55:02.204 GMT-0000,2076.408,2076.1150000000002,0,0.0007
18.03.2015 07:55:02.534 GMT-0000,2076.4170000000004,2076.139,0,0.0007
18.03.2015 07:55:02.974 GMT-0000,2076.455,2076.34,0,0.0007
18.03.2015 07:55:03.349 GMT-0000,2076.413,2076.184,0,0.0007
18.03.2015 07:55:03.524 GMT-0000,2076.446,2076.3379999999997,0,0.0007
18.03.2015 07:55:03.854 GMT-0000,2076.419,2076.153,0,0.0007
18.03.2015 07:55:08.034 GMT-0000,2076.425,2076.135,0,0.0007
18.03.2015 07:55:08.253 GMT-0000,2076.405,2076.153,0,0.0007
18.03.2015 07:55:09.683 GMT-0000,2076.423,2076.134,0,0.0007
18.03.2015 07:55:09.903 GMT-0000,2076.4139999999998,2076.147,0,0.0007
18.03.2015 07:55:12.983 GMT-0000,2076.424,2076.148,0,0.0007
18.03.2015 07:55:13.093 GMT-0000,2076.4170000000004,2076.1420000000003,0,0.0007
18.03.2015 07:55:16.613 GMT-0000,2076.418,2076.163,0,0.0007
18.03.2015 07:55:20.817 GMT-0000,2076.3179999999998,2076.1710000000003,0,0.0007
18.03.2015 07:55:21.233 GMT-0000,2076.3070000000002,2076.055,0,0.0007
18.03.2015 07:55:21.453 GMT-0000,2076.305,2076.111,0,0.0007
18.03.2015 07:55:21.783 GMT-0000,2076.3,2076.135,0,0.0007
18.03.2015 07:55:40.241 GMT-0000,2076.4120000000003,2076.1150000000002,0,0.0007
18.03.2015 07:55:40.703 GMT-0000,2076.402,2076.172,0,0.0007
18.03.2015 07:55:41.033 GMT-0000,2076.406,2076.204,0,0.0007
18.03.2015 07:55:41.418 GMT-0000,2076.505,2076.1820000000002,0,0.0007
18.03.2015 07:55:41.803 GMT-0000,2076.501,2076.2129999999997,0,0.0007
18.03.2015 07:55:45.543 GMT-0000,2076.51,2076.192,0,0.0007
18.03.2015 07:55:45.622 GMT-0000,2076.4170000000004,2076.219,0,0.0007
18.03.2015 07:55:45.873 GMT-0000,2076.402,2076.12,0,0.0007
18.03.2015 07:55:47.303 GMT-0000,2076.4410000000003,2076.319,0,0.0007
18.03.2015 07:55:48.589 GMT-0000,2076.407,2076.1639999999998,0,0.0007
18.03.2015 07:55:49.226 GMT-0000,2076.715,2076.284,0,0.0003
18.03.2015 07:55:49.555 GMT-0000,2076.518,2076.195,0,0.0003
18.03.2015 07:55:49.985 GMT-0000,2076.5029999999997,2076.327,0,0.0007
18.03.2015 07:55:50.273 GMT-0000,2076.508,2076.315,0,0.0007
18.03.2015 07:55:54.164 GMT-0000,2076.501,2076.331,0,0.0007
18.03.2015 07:55:54.361 GMT-0000,2076.505,2076.33,0,0.0007
18.03.2015 07:55:55.996 GMT-0000,2076.514,2076.3579999999997,0,0.0007
18.03.2015 07:55:56.323 GMT-0000,2076.513,2076.325,0,0.0007
18.03.2015 07:55:57.533 GMT-0000,2076.514,2076.315,0,0.0007
18.03.2015 07:55:57.753 GMT-0000,2076.516,2076.315,0,0.0007
18.03.2015 07:56:02.153 GMT-0000,2076.512,2076.32,0,0.0007
18.03.2015 07:56:02.483 GMT-0000,2076.51,2076.322,0,0.0007
18.03.2015 07:56:07.873 GMT-0000,2076.507,2076.309,0,0.0007
18.03.2015 07:56:08.642 GMT-0000,2076.516,2076.301,0,0.0007
18.03.2015 07:56:09.947 GMT-0000,2076.826,2076.493,0,0.0003
18.03.2015 07:56:30.064 GMT-0000,2076.718,2076.428,0,0.0007
18.03.2015 07:56:30.422 GMT-0000,2076.7129999999997,2076.313,0,0.0007
18.03.2015 07:56:32.732 GMT-0000,2076.7270000000003,2076.333,0,0.0007
18.03.2015 07:56:34.382 GMT-0000,2076.7070000000003,2076.327,0,0.0007
18.03.2015 07:56:52.422 GMT-0000,2076.705,2076.329,0,0.0007
18.03.2015 07:56:52.752 GMT-0000,2076.723,2076.361,0,0.0007
18.03.2015 07:56:52.972 GMT-0000,2076.701,2076.342,0,0.0007
18.03.2015 07:57:00.892 GMT-0000,2076.728,2076.33,0,0.0007
18.03.2015 07:57:03.201 GMT-0000,2076.717,2076.323,0,0.0007
18.03.2015 07:57:05.842 GMT-0000,2076.704,2076.3179999999998,0,0.0007
18.03.2015 07:57:11.012 GMT-0000,2076.723,2076.343,0,0.0007
18.03.2015 07:57:13.101 GMT-0000,2076.729,2076.385,0,0.0007
18.03.2015 07:57:14.295 GMT-0000,2076.728,2076.356,0,0.0007
18.03.2015 07:57:15.962 GMT-0000,2076.714,2076.335,0,0.0007
18.03.2015 07:57:16.402 GMT-0000,2076.726,2076.3160000000003,0,0.0007
18.03.2015 07:57:29.821 GMT-0000,2076.728,2076.3160000000003,0,0.0007
18.03.2015 07:57:31.782 GMT-0000,2076.723,2076.308,0,0.0007
18.03.2015 07:57:33.541 GMT-0000,2076.71,2076.323,0,0.0007
18.03.2015 07:57:36.615 GMT-0000,2076.724,2076.314,0,0.0007
18.03.2015 07:57:38.711 GMT-0000,2076.7270000000003,2076.327,0,0.0007
18.03.2015 07:57:39.041 GMT-0000,2076.705,2076.313,0,0.0007
18.03.2015 07:57:46.411 GMT-0000,2076.7110000000002,2076.374,0,0.0007
18.03.2015 07:58:22.264 GMT-0000,2076.7070000000003,2076.298,0,0.0003
18.03.2015 07:58:23.040 GMT-0000,2076.7270000000003,2076.375,0,0.0007
18.03.2015 07:58:27.456 GMT-0000,2076.738,2076.294,0,0.0003
18.03.2015 07:58:30.190 GMT-0000,2076.724,2076.374,0,0.0007
18.03.2015 07:58:31.730 GMT-0000,2076.715,2076.324,0,0.0007
18.03.2015 07:58:33.788 GMT-0000,2076.502,2076.3450000000003,0,0.0007
18.03.2015 07:58:33.889 GMT-0000,2076.705,2076.321,0,0.0007
18.03.2015 07:58:34.370 GMT-0000,2076.712,2076.359,0,0.0007
18.03.2015 07:58:34.810 GMT-0000,2076.721,2076.34,0,0.0007
18.03.2015 07:58:35.991 GMT-0000,2076.978,2076.333,0.0008,0.0009
18.03.2015 07:58:36.240 GMT-0000,2076.766,2076.109,0.0008,0.0009
18.03.2015 07:58:37.271 GMT-0000,2076.697,2076.04,0.0008,0.0009
18.03.2015 07:58:37.780 GMT-0000,2076.676,2076.027,0.0008,0.0009
18.03.2015 07:58:38.494 GMT-0000,2076.427,2076.0879999999997,0,0.0003
18.03.2015 07:58:39.196 GMT-0000,2076.511,2076.184,0,0.0003
18.03.2015 07:58:39.540 GMT-0000,2076.501,2076.278,0,0.0007
18.03.2015 07:58:40.090 GMT-0000,2076.516,2076.283,0,0.0007
18.03.2015 07:58:40.970 GMT-0000,2076.504,2076.224,0,0.0007
18.03.2015 07:58:41.080 GMT-0000,2076.501,2076.254,0,0.0007
18.03.2015 07:58:42.469 GMT-0000,2076.511,2076.32,0,0.0007
18.03.2015 07:58:43.060 GMT-0000,2076.513,2076.3179999999998,0,0.0007
18.03.2015 07:58:43.776 GMT-0000,2076.505,2076.3320000000003,0,0.0007
18.03.2015 07:58:44.452 GMT-0000,2076.507,2076.3379999999997,0,0.0007
18.03.2015 07:58:45.370 GMT-0000,2076.51,2076.337,0,0.0007
18.03.2015 07:58:52.286 GMT-0000,2076.509,2076.3179999999998,0,0.0007
18.03.2015 07:58:52.630 GMT-0000,2076.509,2076.329,0,0.0007
18.03.2015 07:58:53.620 GMT-0000,2076.5170000000003,2076.32,0,0.0007
18.03.2015 07:58:59.669 GMT-0000,2076.513,2076.304,0,0.0007
18.03.2015 07:59:05.563 GMT-0000,2076.513,2076.341,0,0.0007
18.03.2015 07:59:06.049 GMT-0000,2076.5,2076.283,0,0.0007
18.03.2015 07:59:09.240 GMT-0000,2076.507,2076.3,0,0.0007
18.03.2015 07:59:09.459 GMT-0000,2076.509,2076.288,0,0.0007
18.03.2015 07:59:20.471 GMT-0000,2076.501,2076.293,0,0.0007
18.03.2015 07:59:29.047 GMT-0000,2076.7070000000003,2076.275,0,0.0007
18.03.2015 07:59:29.369 GMT-0000,2076.73,2076.354,0,0.0007
18.03.2015 07:59:29.863 GMT-0000,2076.7270000000003,2076.3579999999997,0,0.0007
18.03.2015 07:59:30.249 GMT-0000,2076.702,2076.353,0,0.0007
18.03.2015 07:59:30.992 GMT-0000,2076.722,2076.39,0,0.0007
18.03.2015 07:59:31.459 GMT-0000,2076.716,2076.374,0,0.0007
18.03.2015 07:59:34.869 GMT-0000,2076.726,2076.35,0,0.0007
18.03.2015 07:59:35.309 GMT-0000,2076.701,2076.361,0,0.0007
18.03.2015 07:59:37.069 GMT-0000,2076.71,2076.37,0,0.0007
18.03.2015 07:59:37.559 GMT-0000,2076.518,2076.359,0,0.0007
18.03.2015 07:59:37.730 GMT-0000,2076.51,2076.348,0,0.0007
18.03.2015 07:59:39.247 GMT-0000,2076.513,2076.301,0,0.0007
18.03.2015 07:59:41.469 GMT-0000,2076.504,2076.2889999999998,0,0.0007
18.03.2015 07:59:43.449 GMT-0000,2076.516,2076.302,0,0.0007
18.03.2015 07:59:44.439 GMT-0000,2076.505,2076.335,0,0.0007
18.03.2015 07:59:45.169 GMT-0000,2076.448,2076.33,0,0.0007
18.03.2015 07:59:45.269 GMT-0000,2076.5029999999997,2076.326,0,0.0007
18.03.2015 07:59:45.429 GMT-0000,2076.515,2076.177,0,0.0003
18.03.2015 07:59:45.649 GMT-0000,2076.511,2076.21,0,0.0007
18.03.2015 07:59:46.089 GMT-0000,2076.507,2076.302,0,0.0007
18.03.2015 07:59:50.489 GMT-0000,2076.516,2076.323,0,0.0007
18.03.2015 07:59:50.709 GMT-0000,2076.501,2076.284,0,0.0007
18.03.2015 07:59:57.089 GMT-0000,2076.505,2076.306,0,0.0007
18.03.2015 07:59:58.079 GMT-0000,2076.507,2076.325,0,0.0007
18.03.2015 07:59:58.519 GMT-0000,2076.519,2076.357,0,0.0007
18.03.2015 07:59:59.294 GMT-0000,2076.5,2076.291,0,0.0007
18.03.2015 08:00:00.609 GMT-0000,2076.501,2076.33,0,0.0007
18.03.2015 08:00:01.611 GMT-0000,2076.502,2076.346,0,0.0007
18.03.2015 08:00:01.898 GMT-0000,2076.801,2076.493,0,0.0003
18.03.2015 08:00:03.697 GMT-0000,2076.722,2076.454,0,0.0007
18.03.2015 08:00:06.705 GMT-0000,2076.718,2076.3810000000003,0,0.0007
18.03.2015 08:00:07.428 GMT-0000,2076.709,2076.375,0,0.0007
18.03.2015 08:00:14.138 GMT-0000,2076.709,2076.369,0,0.0007
18.03.2015 08:00:14.216 GMT-0000,2076.805,2076.4829999999997,0,0.0003
18.03.2015 08:00:14.908 GMT-0000,2076.828,2076.481,0,0.0007
18.03.2015 08:00:15.348 GMT-0000,2076.809,2076.496,0,0.0007
18.03.2015 08:00:22.497 GMT-0000,2076.82,2076.527,0,0.0007
18.03.2015 08:00:24.367 GMT-0000,2076.847,2076.722,0,0.0007
18.03.2015 08:00:24.700 GMT-0000,2076.81,2076.53,0,0.0007
18.03.2015 08:00:30.676 GMT-0000,2076.507,2076.196,0.0006,0.0004
18.03.2015 08:00:30.858 GMT-0000,2077.141,2076.509,0.0008,0.0009
18.03.2015 08:00:30.968 GMT-0000,2077.163,2076.487,0.0008,0.0009
18.03.2015 08:00:31.982 GMT-0000,2076.964,2076.274,0.0008,0.0009
18.03.2015 08:00:32.508 GMT-0000,2076.93,2076.249,0.0008,0.0009
18.03.2015 08:00:36.797 GMT-0000,2076.989,2076.28,0.0008,0.0009
18.03.2015 08:00:37.677 GMT-0000,2076.931,2076.298,0.0008,0.0009
18.03.2015 08:00:38.753 GMT-0000,2076.8,2076.499,0,0.0003
18.03.2015 08:00:40.097 GMT-0000,2076.825,2076.4829999999997,0,0.0007
18.03.2015 08:00:41.417 GMT-0000,2076.827,2076.511,0,0.0007
18.03.2015 08:00:41.858 GMT-0000,2076.809,2076.516,0,0.0007
18.03.2015 08:00:42.308 GMT-0000,2076.823,2076.493,0,0.0007
18.03.2015 08:00:46.807 GMT-0000,2076.8120000000004,2076.5370000000003,0,0.0007
18.03.2015 08:00:47.027 GMT-0000,2076.804,2076.516,0,0.0007
18.03.2015 08:00:47.467 GMT-0000,2076.801,2076.496,0,0.0007
18.03.2015 08:00:48.677 GMT-0000,2076.8179999999998,2076.519,0,0.0007
18.03.2015 08:00:49.813 GMT-0000,2076.804,2076.494,0,0.0003
18.03.2015 08:00:49.997 GMT-0000,2076.809,2076.521,0,0.0007
18.03.2015 08:00:52.527 GMT-0000,2076.817,2076.5420000000004,0,0.0007
18.03.2015 08:00:53.077 GMT-0000,2076.8120000000004,2076.515,0,0.0007
18.03.2015 08:00:55.497 GMT-0000,2076.805,2076.482,0,0.0003
18.03.2015 08:00:56.047 GMT-0000,2076.826,2076.522,0,0.0007
18.03.2015 08:00:56.487 GMT-0000,2076.8120000000004,2076.525,0,0.0007
18.03.2015 08:00:56.707 GMT-0000,2076.815,2076.48,0,0.0003
18.03.2015 08:00:58.009 GMT-0000,2076.819,2076.522,0,0.0007
18.03.2015 08:01:01.986 GMT-0000,2076.9010000000003,2076.581,0,0.0003
18.03.2015 08:01:02.647 GMT-0000,2076.903,2076.591,0,0.0007
18.03.2015 08:01:02.867 GMT-0000,2076.909,2076.596,0,0.0014
18.03.2015 08:01:03.087 GMT-0000,2076.903,2076.594,0,0.0007
18.03.2015 08:01:04.847 GMT-0000,2076.905,2076.577,0,0.0014
18.03.2015 08:01:05.067 GMT-0000,2076.9010000000003,2076.6,0,0.0007
18.03.2015 08:01:08.697 GMT-0000,2076.925,2076.584,0,0.0007
18.03.2015 08:01:09.398 GMT-0000,2077.004,2076.7,0,0.0003
18.03.2015 08:01:10.347 GMT-0000,2077.011,2076.745,0,0.0007
18.03.2015 08:01:10.787 GMT-0000,2076.9139999999998,2076.675,0,0.0007
18.03.2015 08:01:11.007 GMT-0000,2076.916,2076.626,0,0.0007
18.03.2015 08:01:11.337 GMT-0000,2076.9210000000003,2076.587,0,0.0003
18.03.2015 08:01:13.937 GMT-0000,2077.0029999999997,2076.672,0,0.0003
18.03.2015 08:01:15.417 GMT-0000,2076.82,2076.675,0,0.0007
18.03.2015 08:01:15.957 GMT-0000,2076.814,2076.606,0,0.0007
18.03.2015 08:01:16.785 GMT-0000,2076.802,2076.599,0,0.0007
18.03.2015 08:01:17.517 GMT-0000,2076.819,2076.569,0,0.0007
18.03.2015 08:01:17.737 GMT-0000,2076.805,2076.543,0,0.0007
18.03.2015 08:01:20.047 GMT-0000,2076.819,2076.524,0,0.0007
18.03.2015 08:01:20.377 GMT-0000,2076.82,2076.548,0,0.0007
18.03.2015 08:01:21.721 GMT-0000,2076.913,2076.5950000000003,0,0.0003
18.03.2015 08:01:25.767 GMT-0000,2076.915,2076.607,0,0.0007
18.03.2015 08:01:26.207 GMT-0000,2076.925,2076.581,0,0.0003
18.03.2015 08:01:27.416 GMT-0000,2076.9010000000003,2076.619,0,0.0007
18.03.2015 08:01:28.187 GMT-0000,2076.908,2076.581,0,0.0014
18.03.2015 08:01:28.406 GMT-0000,2076.927,2076.606,0,0.0007
18.03.2015 08:01:28.732 GMT-0000,2076.726,2076.633,0,0.0007
18.03.2015 08:01:28.894 GMT-0000,2076.725,2076.399,0,0.0007
18.03.2015 08:01:29.686 GMT-0000,2076.51,2076.263,0,0.0007
18.03.2015 08:01:29.947 GMT-0000,2076.514,2076.198,0,0.0003
18.03.2015 08:01:30.387 GMT-0000,2076.516,2076.261,0,0.0007
18.03.2015 08:01:31.036 GMT-0000,2076.709,2076.271,0,0.0003
18.03.2015 08:01:31.487 GMT-0000,2076.715,2076.341,0,0.0007
18.03.2015 08:01:33.026 GMT-0000,2076.73,2076.362,0,0.0007
18.03.2015 08:01:34.727 GMT-0000,2076.732,2076.339,0,0.0007
18.03.2015 08:01:34.781 GMT-0000,2076.723,2076.419,0,0.0007
18.03.2015 08:01:34.832 GMT-0000,2076.716,2076.3779999999997,0,0.0007
18.03.2015 08:01:35.117 GMT-0000,2076.7129999999997,2076.375,0,0.0007
18.03.2015 08:01:35.337 GMT-0000,2076.73,2076.281,0,0.0003
18.03.2015 08:01:39.516 GMT-0000,2076.722,2076.3650000000002,0,0.0007
18.03.2015 08:01:39.736 GMT-0000,2076.734,2076.286,0,0.0003
18.03.2015 08:01:42.937 GMT-0000,2076.717,2076.38,0,0.0007
18.03.2015 08:01:43.476 GMT-0000,2076.718,2076.3650000000002,0,0.0007
18.03.2015 08:01:44.136 GMT-0000,2076.704,2076.288,0,0.0003
18.03.2015 08:01:44.356 GMT-0000,2076.728,2076.35,0,0.0007
18.03.2015 08:01:45.236 GMT-0000,2076.731,2076.3179999999998,0,0.0007
18.03.2015 08:01:46.155 GMT-0000,2076.5,2076.347,0,0.0007
18.03.2015 08:01:46.226 GMT-0000,2076.505,2076.33,0,0.0007
18.03.2015 08:01:46.277 GMT-0000,2076.448,2076.333,0,0.0007
18.03.2015 08:01:46.556 GMT-0000,2076.45,2076.32,0,0.0007
18.03.2015 08:01:46.776 GMT-0000,2076.424,2076.099,0,0.0007
18.03.2015 08:01:48.076 GMT-0000,2076.314,2076.056,0,0.0007
18.03.2015 08:01:48.977 GMT-0000,2076.323,2076.047,0,0.0007
18.03.2015 08:01:49.196 GMT-0000,2076.315,2076.056,0,0.0007
18.03.2015 08:01:51.617 GMT-0000,2076.303,2076.023,0,0.0007
18.03.2015 08:01:52.165 GMT-0000,2076.4139999999998,2076.09,0,0.0003
18.03.2015 08:01:52.266 GMT-0000,2076.513,2076.185,0,0.0003
18.03.2015 08:01:52.606 GMT-0000,2076.507,2076.293,0,0.0007
18.03.2015 08:01:52.826 GMT-0000,2076.513,2076.221,0,0.0007
18.03.2015 08:01:53.266 GMT-0000,2076.516,2076.279,0,0.0007
18.03.2015 08:01:53.596 GMT-0000,2076.522,2076.265,0,0.0007
18.03.2015 08:01:54.146 GMT-0000,2076.5060000000003,2076.261,0,0.0007
18.03.2015 08:01:57.226 GMT-0000,2076.523,2076.255,0,0.0007
18.03.2015 08:01:58.032 GMT-0000,2076.5170000000003,2076.263,0,0.0007
18.03.2015 08:02:00.276 GMT-0000,2076.721,2076.275,0,0.0003
18.03.2015 08:02:00.747 GMT-0000,2076.7070000000003,2076.46,0,0.0007
18.03.2015 08:02:01.846 GMT-0000,2076.7110000000002,2076.4570000000003,0,0.0007
18.03.2015 08:02:02.967 GMT-0000,2076.712,2076.475,0,0.0007
18.03.2015 08:02:06.684 GMT-0000,2076.821,2076.4770000000003,0,0.0003
18.03.2015 08:02:15.486 GMT-0000,2076.809,2076.4970000000003,0,0.0007
18.03.2015 08:02:18.297 GMT-0000,2076.823,2076.548,0,0.0007
18.03.2015 08:02:18.456 GMT-0000,2076.822,2076.532,0,0.0007
18.03.2015 08:02:18.997 GMT-0000,2076.919,2076.599,0,0.0003
18.03.2015 08:02:19.198 GMT-0000,2076.801,2076.533,0,0.0007
18.03.2015 08:02:19.556 GMT-0000,2076.801,2076.5679999999998,0,0.0007
18.03.2015 08:02:20.106 GMT-0000,2076.825,2076.533,0,0.0007
18.03.2015 08:02:20.656 GMT-0000,2076.811,2076.515,0,0.0007
18.03.2015 08:02:23.736 GMT-0000,2076.814,2076.549,0,0.0007
18.03.2015 08:02:24.396 GMT-0000,2076.801,2076.529,0,0.0007
18.03.2015 08:02:25.606 GMT-0000,2076.811,2076.521,0,0.0007
18.03.2015 08:02:26.046 GMT-0000,2076.8070000000002,2076.563,0,0.0007
18.03.2015 08:02:27.036 GMT-0000,2076.815,2076.528,0,0.0007
18.03.2015 08:02:27.366 GMT-0000,2076.808,2076.518,0,0.0007
18.03.2015 08:02:29.125 GMT-0000,2076.8179999999998,2076.5950000000003,0,0.0007
18.03.2015 08:02:30.336 GMT-0000,2076.82,2076.532,0,0.0007
18.03.2015 08:02:30.776 GMT-0000,2076.82,2076.552,0,0.0007
18.03.2015 08:02:31.216 GMT-0000,2076.822,2076.523,0,0.0007
18.03.2015 08:02:31.656 GMT-0000,2076.808,2076.549,0,0.0007
18.03.2015 08:02:31.986 GMT-0000,2076.802,2076.548,0,0.0007
18.03.2015 08:02:33.589 GMT-0000,2076.815,2076.547,0,0.0007
18.03.2015 08:02:35.836 GMT-0000,2076.814,2076.5570000000002,0,0.0007
18.03.2015 08:02:36.818 GMT-0000,2077.0029999999997,2076.678,0,0.0003
18.03.2015 08:02:37.155 GMT-0000,2077.024,2076.723,0,0.0007
18.03.2015 08:02:37.511 GMT-0000,2077.025,2076.698,0,0.0003
18.03.2015 08:02:37.705 GMT-0000,2077.009,2076.719,0,0.0007
18.03.2015 08:02:38.255 GMT-0000,2077.001,2076.728,0,0.0007
18.03.2015 08:02:38.384 GMT-0000,2077.001,2076.6820000000002,0,0.0003
18.03.2015 08:02:38.695 GMT-0000,2077.004,2076.745,0,0.0007
18.03.2015 08:02:39.136 GMT-0000,2076.909,2076.745,0,0.0007
18.03.2015 08:02:39.246 GMT-0000,2076.904,2076.648,0,0.0007
18.03.2015 08:02:39.846 GMT-0000,2077.01,2076.676,0,0.0003
18.03.2015 08:02:41.017 GMT-0000,2077.002,2076.7070000000003,0,0.0007
18.03.2015 08:02:41.318 GMT-0000,2076.831,2076.702,0,0.0007
18.03.2015 08:02:41.446 GMT-0000,2076.809,2076.57,0,0.0007
18.03.2015 08:02:42.114 GMT-0000,2076.8070000000002,2076.558,0,0.0007
18.03.2015 08:02:43.498 GMT-0000,2076.802,2076.532,0,0.0007
18.03.2015 08:02:45.226 GMT-0000,2076.801,2076.4829999999997,0,0.0014
18.03.2015 08:02:48.613 GMT-0000,2076.806,2076.492,0,0.0007
18.03.2015 08:02:49.585 GMT-0000,2076.817,2076.498,0,0.0014
18.03.2015 08:02:51.132 GMT-0000,2076.701,2076.4610000000002,0,0.0007
18.03.2015 08:02:51.590 GMT-0000,2076.703,2076.41,0,0.0007
18.03.2015 08:02:51.833 GMT-0000,2076.536,2076.402,0,0.0007
18.03.2015 08:02:52.225 GMT-0000,2076.5029999999997,2076.282,0,0.0007
18.03.2015 08:02:52.534 GMT-0000,2076.716,2076.261,0,0.0014
18.03.2015 08:02:52.776 GMT-0000,2076.735,2076.309,0,0.0007
18.03.2015 08:02:53.105 GMT-0000,2076.728,2076.3520000000003,0,0.0007
18.03.2015 08:02:53.655 GMT-0000,2076.702,2076.375,0,0.0007
18.03.2015 08:02:53.765 GMT-0000,2076.728,2076.34,0,0.0007
18.03.2015 08:02:53.986 GMT-0000,2076.723,2076.376,0,0.0007
18.03.2015 08:02:56.737 GMT-0000,2076.525,2076.379,0,0.0007
18.03.2015 08:02:56.955 GMT-0000,2076.5060000000003,2076.23,0,0.0007
18.03.2015 08:02:59.925 GMT-0000,2076.5029999999997,2076.242,0,0.0007
18.03.2015 08:03:00.805 GMT-0000,2076.505,2076.309,0,0.0007
18.03.2015 08:03:01.245 GMT-0000,2076.512,2076.259,0,0.0007
18.03.2015 08:03:02.235 GMT-0000,2076.514,2076.265,0,0.0007
18.03.2015 08:03:02.346 GMT-0000,2076.504,2076.268,0,0.0007
18.03.2015 08:03:04.240 GMT-0000,2076.428,2076.277,0,0.0007
18.03.2015 08:03:04.545 GMT-0000,2076.4010000000003,2076.2,0,0.0007
18.03.2015 08:03:05.095 GMT-0000,2076.4,2076.172,0,0.0007
18.03.2015 08:03:05.566 GMT-0000,2076.415,2076.194,0,0.0007
18.03.2015 08:03:06.085 GMT-0000,2076.406,2076.218,0,0.0007
18.03.2015 08:03:06.965 GMT-0000,2076.405,2076.226,0,0.0007
18.03.2015 08:03:11.247 GMT-0000,2076.5029999999997,2076.231,0,0.0007
18.03.2015 08:03:11.585 GMT-0000,2076.522,2076.249,0,0.0007
18.03.2015 08:03:12.465 GMT-0000,2076.512,2076.281,0,0.0007
18.03.2015 08:03:13.539 GMT-0000,2076.515,2076.28,0,0.0007
18.03.2015 08:03:14.665 GMT-0000,2076.514,2076.257,0,0.0007
18.03.2015 08:03:15.215 GMT-0000,2076.507,2076.279,0,0.0007
18.03.2015 08:03:16.095 GMT-0000,2076.508,2076.255,0,0.0007
18.03.2015 08:03:17.195 GMT-0000,2076.515,2076.234,0,0.0007
18.03.2015 08:03:18.639 GMT-0000,2076.502,2076.266,0,0.0007
18.03.2015 08:03:19.615 GMT-0000,2076.516,2076.272,0,0.0007
18.03.2015 08:03:21.299 GMT-0000,2076.521,2076.362,0,0.0007
18.03.2015 08:03:21.375 GMT-0000,2076.5060000000003,2076.285,0,0.0007
18.03.2015 08:03:22.483 GMT-0000,2076.42,2076.2760000000003,0,0.0007
18.03.2015 08:03:23.025 GMT-0000,2076.402,2076.1639999999998,0,0.0007
18.03.2015 08:03:23.585 GMT-0000,2076.4,2076.201,0,0.0007
18.03.2015 08:03:23.905 GMT-0000,2076.41,2076.168,0,0.0007
18.03.2015 08:03:24.063 GMT-0000,2076.513,2076.181,0,0.0003
18.03.2015 08:03:24.565 GMT-0000,2076.505,2076.228,0,0.0007
18.03.2015 08:03:25.665 GMT-0000,2076.505,2076.239,0,0.0007
18.03.2015 08:03:26.105 GMT-0000,2076.519,2076.26,0,0.0007
18.03.2015 08:03:28.415 GMT-0000,2076.5029999999997,2076.2470000000003,0,0.0007
18.03.2015 08:03:28.744 GMT-0000,2076.501,2076.261,0,0.0007
18.03.2015 08:03:29.405 GMT-0000,2076.522,2076.271,0,0.0007
18.03.2015 08:03:30.725 GMT-0000,2076.513,2076.284,0,0.0007
18.03.2015 08:03:31.572 GMT-0000,2076.712,2076.262,0,0.0014
18.03.2015 08:03:31.808 GMT-0000,2076.5029999999997,2076.29,0,0.0007
18.03.2015 08:03:32.154 GMT-0000,2076.5029999999997,2076.3379999999997,0,0.0007
18.03.2015 08:03:33.541 GMT-0000,2076.513,2076.225,0,0.0007
18.03.2015 08:03:34.245 GMT-0000,2076.519,2076.255,0,0.0007
18.03.2015 08:03:37.435 GMT-0000,2076.511,2076.231,0,0.0007
18.03.2015 08:03:41.834 GMT-0000,2076.511,2076.243,0,0.0007
18.03.2015 08:03:42.384 GMT-0000,2076.5029999999997,2076.225,0,0.0007
18.03.2015 08:03:43.330 GMT-0000,2076.501,2076.236,0,0.0007
18.03.2015 08:03:46.675 GMT-0000,2076.51,2076.344,0,0.0007
18.03.2015 08:03:47.114 GMT-0000,2076.521,2076.262,0,0.0007
18.03.2015 08:03:48.601 GMT-0000,2076.703,2076.282,0,0.0003
18.03.2015 08:03:48.654 GMT-0000,2076.716,2076.395,0,0.0007
18.03.2015 08:03:48.984 GMT-0000,2076.509,2076.356,0,0.0007
18.03.2015 08:03:49.204 GMT-0000,2076.514,2076.293,0,0.0007
18.03.2015 08:03:49.534 GMT-0000,2076.51,2076.311,0,0.0007
18.03.2015 08:03:52.064 GMT-0000,2076.507,2076.293,0,0.0007
18.03.2015 08:03:52.284 GMT-0000,2076.505,2076.303,0,0.0007
18.03.2015 08:03:53.274 GMT-0000,2076.509,2076.196,0,0.0014
18.03.2015 08:03:53.494 GMT-0000,2076.505,2076.293,0,0.0007
18.03.2015 08:03:56.684 GMT-0000,2076.512,2076.309,0,0.0007
18.03.2015 08:03:57.124 GMT-0000,2076.5170000000003,2076.2870000000003,0,0.0007
18.03.2015 08:03:57.234 GMT-0000,2076.501,2076.315,0,0.0007
18.03.2015 08:04:00.129 GMT-0000,2076.518,2076.308,0,0.0007
18.03.2015 08:04:00.864 GMT-0000,2076.51,2076.323,0,0.0007
18.03.2015 08:04:03.837 GMT-0000,2076.515,2076.349,0,0.0007
18.03.2015 08:04:09.313 GMT-0000,2076.829,2076.475,0,0.0003
18.03.2015 08:04:09.664 GMT-0000,2076.823,2076.529,0,0.0007
18.03.2015 08:04:09.884 GMT-0000,2076.826,2076.513,0,0.0007
18.03.2015 08:04:10.434 GMT-0000,2076.822,2076.5389999999998,0,0.0007
18.03.2015 08:04:10.655 GMT-0000,2076.808,2076.504,0,0.0007
18.03.2015 08:04:10.874 GMT-0000,2076.805,2076.484,0,0.0003
18.03.2015 08:04:11.424 GMT-0000,2076.801,2076.489,0,0.0007
18.03.2015 08:04:12.304 GMT-0000,2076.828,2076.504,0,0.0007
18.03.2015 08:04:13.548 GMT-0000,2076.803,2076.515,0,0.0007
18.03.2015 08:04:13.734 GMT-0000,2076.803,2076.475,0,0.0014
18.03.2015 08:04:21.828 GMT-0000,2076.706,2076.397,0,0.0007
18.03.2015 08:04:22.220 GMT-0000,2076.705,2076.398,0,0.0007
18.03.2015 08:04:22.624 GMT-0000,2076.703,2076.384,0,0.0007
18.03.2015 08:04:22.954 GMT-0000,2076.718,2076.357,0,0.0007
18.03.2015 08:04:25.062 GMT-0000,2076.7110000000002,2076.36,0,0.0007
18.03.2015 08:04:26.914 GMT-0000,2076.714,2076.3450000000003,0,0.0007
18.03.2015 08:04:29.004 GMT-0000,2076.724,2076.3650000000002,0,0.0007
18.03.2015 08:04:29.553 GMT-0000,2076.719,2076.293,0,0.0003
18.03.2015 08:04:38.391 GMT-0000,2076.518,2076.208,0,0.0007
18.03.2015 08:04:38.794 GMT-0000,2076.51,2076.272,0,0.0007
18.03.2015 08:04:39.124 GMT-0000,2076.5029999999997,2076.243,0,0.0007
18.03.2015 08:04:40.223 GMT-0000,2076.521,2076.272,0,0.0007
18.03.2015 08:04:41.103 GMT-0000,2076.507,2076.258,0,0.0007
18.03.2015 08:04:41.849 GMT-0000,2076.413,2076.255,0,0.0007
18.03.2015 08:04:42.442 GMT-0000,2076.426,2076.1150000000002,0,0.0007
18.03.2015 08:04:42.784 GMT-0000,2076.411,2076.177,0,0.0007
18.03.2015 08:04:43.798 GMT-0000,2076.321,2076.174,0,0.0007
18.03.2015 08:04:43.849 GMT-0000,2076.313,2075.992,0,0.0007
18.03.2015 08:04:44.073 GMT-0000,2076.321,2076.009,0,0.0007
18.03.2015 08:04:44.430 GMT-0000,2076.32,2076.036,0,0.0007
18.03.2015 08:04:44.733 GMT-0000,2076.302,2076.0029999999997,0,0.0007
18.03.2015 08:04:49.102 GMT-0000,2076.301,2075.985,0,0.0007
18.03.2015 08:04:49.463 GMT-0000,2076.326,2075.976,0,0.0003
18.03.2015 08:04:49.683 GMT-0000,2076.317,2075.995,0,0.0007
18.03.2015 08:04:50.453 GMT-0000,2076.324,2076.03,0,0.0007
18.03.2015 08:04:51.553 GMT-0000,2076.3,2076.019,0,0.0007
18.03.2015 08:04:52.103 GMT-0000,2076.306,2076.029,0,0.0007
18.03.2015 08:04:52.804 GMT-0000,2076.322,2076.008,0,0.0007
