Local time,Ask,Bid,AskVolume,BidVolume
27.01.2021 00:00:00.103 GMT+0100,170.04,169.989,0.0172,0.0228
27.01.2021 00:00:21.373 GMT+0100,170.006,169.963,0.0171,0.0229
27.01.2021 00:00:24.130 GMT+0100,169.978,169.93400000000003,0.0171,0.0229
27.01.2021 00:01:13.936 GMT+0100,170.00900000000001,169.96200000000002,0.0171,0.0229
27.01.2021 00:02:30.080 GMT+0100,169.97400000000002,169.93400000000003,0.0171,0.0229
27.01.2021 00:03:12.825 GMT+0100,170.006,169.958,0.0171,0.0229
27.01.2021 00:03:21.969 GMT+0100,169.977,169.93200000000002,0.0171,0.0229
27.01.2021 00:03:58.416 GMT+0100,170.007,169.96200000000002,0.0171,0.0229
27.01.2021 00:04:15.593 GMT+0100,169.975,169.93400000000003,0.0171,0.0229
27.01.2021 00:04:34.848 GMT+0100,169.99099999999999,169.942,0.0171,0.0229
27.01.2021 00:04:36.901 GMT+0100,169.976,169.93400000000003,0.0171,0.0229
27.01.2021 00:04:58.327 GMT+0100,170.01,169.96200000000002,0.0171,0.0229
27.01.2021 00:06:20.533 GMT+0100,170.04,169.99400000000003,0.0171,0.0229
27.01.2021 00:06:20.692 GMT+0100,170.019,169.979,0.0171,0.0229
27.01.2021 00:06:36.274 GMT+0100,170.01,169.96,0.0171,0.0229
27.01.2021 00:06:37.078 GMT+0100,170.023,169.978,0.0171,0.0229
27.01.2021 00:06:38.826 GMT+0100,170.03400000000002,169.99200000000002,0.0171,0.0229
27.01.2021 00:08:25.297 GMT+0100,170.037,169.989,0.0171,0.0229
27.01.2021 00:09:49.248 GMT+0100,170.007,169.963,0.0171,0.0229
27.01.2021 00:09:49.512 GMT+0100,170.02400000000003,169.977,0.0171,0.0229
27.01.2021 00:09:54.616 GMT+0100,170.008,169.96200000000002,0.0171,0.0229
27.01.2021 00:10:00.074 GMT+0100,170.037,169.99,0.0171,0.0229
27.01.2021 00:10:36.072 GMT+0100,170.00900000000001,169.95900000000003,0.0171,0.0229
27.01.2021 00:15:59.012 GMT+0100,169.978,169.93200000000002,0.0171,0.0229
27.01.2021 00:17:47.763 GMT+0100,170.00900000000001,169.965,0.0171,0.0229
27.01.2021 00:19:47.844 GMT+0100,169.97400000000002,169.93,0.0171,0.0229
27.01.2021 00:20:40.371 GMT+0100,170.00900000000001,169.95900000000003,0.0171,0.0229
27.01.2021 00:20:41.674 GMT+0100,169.98700000000002,169.94400000000002,0.0171,0.0229
27.01.2021 00:20:52.482 GMT+0100,169.977,169.928,0.0171,0.0229
27.01.2021 00:22:22.441 GMT+0100,170.007,169.95900000000003,0.0171,0.0229
27.01.2021 00:22:59.997 GMT+0100,169.97400000000002,169.93400000000003,0.0171,0.0229
27.01.2021 00:23:06.472 GMT+0100,170.007,169.958,0.0171,0.0229
27.01.2021 00:23:08.754 GMT+0100,169.972,169.93,0.0171,0.0229
27.01.2021 00:25:34.234 GMT+0100,169.975,169.93400000000003,0.0171,0.0229
27.01.2021 00:25:47.265 GMT+0100,170.006,169.96,0.0171,0.0229
27.01.2021 00:28:48.676 GMT+0100,169.97400000000002,169.93200000000002,0.0171,0.0229
27.01.2021 00:31:42.496 GMT+0100,170.003,169.958,0.0171,0.0229
27.01.2021 00:35:50.842 GMT+0100,169.977,169.92700000000002,0.0171,0.0229
27.01.2021 00:37:34.212 GMT+0100,169.96200000000002,169.91400000000002,0.0171,0.0229
27.01.2021 00:37:40.667 GMT+0100,169.945,169.895,0.0171,0.0229
27.01.2021 00:38:08.909 GMT+0100,169.91299999999998,169.87099999999998,0.0171,0.0229
27.01.2021 00:38:22.855 GMT+0100,169.93200000000002,169.88,0.0171,0.0229
27.01.2021 00:38:23.370 GMT+0100,169.94400000000002,169.896,0.0171,0.0229
27.01.2021 00:38:46.058 GMT+0100,169.90900000000002,169.86900000000003,0.0171,0.0229
27.01.2021 00:42:20.794 GMT+0100,169.947,169.90200000000002,0.0171,0.0229
27.01.2021 00:47:43.644 GMT+0100,169.91299999999998,169.864,0.0171,0.0229
27.01.2021 00:48:17.027 GMT+0100,169.945,169.9,0.0171,0.0229
27.01.2021 00:48:22.770 GMT+0100,169.911,169.86599999999999,0.0171,0.0229
27.01.2021 00:48:43.093 GMT+0100,169.942,169.90200000000002,0.0171,0.0229
27.01.2021 00:52:38.683 GMT+0100,169.90900000000002,169.86599999999999,0.0171,0.0229
27.01.2021 00:52:41.625 GMT+0100,169.942,169.89900000000003,0.0171,0.0229
27.01.2021 00:52:41.927 GMT+0100,169.915,169.864,0.0171,0.0229
27.01.2021 00:53:19.396 GMT+0100,169.94,169.896,0.0171,0.0229
27.01.2021 00:55:43.820 GMT+0100,169.915,169.864,0.0171,0.0229
27.01.2021 00:57:32.415 GMT+0100,169.90900000000002,169.86599999999999,0.0171,0.0229
27.01.2021 00:57:40.693 GMT+0100,169.94299999999998,169.90200000000002,0.0171,0.0229
27.01.2021 00:57:41.348 GMT+0100,169.925,169.887,0.0171,0.0229
27.01.2021 00:57:43.427 GMT+0100,169.947,169.90200000000002,0.0171,0.0229
27.01.2021 00:57:43.611 GMT+0100,169.925,169.88,0.0171,0.0229
27.01.2021 00:57:49.074 GMT+0100,169.947,169.896,0.0171,0.0229
27.01.2021 00:57:50.362 GMT+0100,169.93200000000002,169.883,0.0171,0.0229
27.01.2021 00:57:50.465 GMT+0100,169.912,169.86599999999999,0.0171,0.0229
27.01.2021 00:58:05.632 GMT+0100,169.928,169.88,0.0171,0.0229
27.01.2021 00:58:08.029 GMT+0100,169.91299999999998,169.865,0.0171,0.0229
27.01.2021 00:58:12.844 GMT+0100,169.93099999999998,169.881,0.0171,0.0229
27.01.2021 00:58:18.539 GMT+0100,169.911,169.865,0.0171,0.0229
27.01.2021 00:58:29.091 GMT+0100,169.945,169.89900000000003,0.0171,0.0229
27.01.2021 00:58:30.384 GMT+0100,169.925,169.882,0.0171,0.0229
27.01.2021 00:58:31.150 GMT+0100,169.911,169.86599999999999,0.0171,0.0229
27.01.2021 00:59:16.950 GMT+0100,169.94,169.89700000000002,0.0171,0.0229
27.01.2021 00:59:40.263 GMT+0100,169.91400000000002,169.864,0.0171,0.0229
27.01.2021 01:01:04.581 GMT+0100,169.946,169.9,0.0171,0.0229
27.01.2021 01:04:13.481 GMT+0100,169.947,169.895,0.0171,0.0229
27.01.2021 01:04:21.987 GMT+0100,169.91400000000002,169.86900000000003,0.0171,0.0229
27.01.2021 01:05:53.795 GMT+0100,169.94400000000002,169.90200000000002,0.0171,0.0229
27.01.2021 01:05:53.991 GMT+0100,169.91299999999998,169.864,0.0171,0.0229
27.01.2021 01:06:46.070 GMT+0100,169.94299999999998,169.89700000000002,0.0171,0.0229
27.01.2021 01:08:11.218 GMT+0100,169.91299999999998,169.86900000000003,0.0171,0.0229
27.01.2021 01:08:11.402 GMT+0100,169.94400000000002,169.89900000000003,0.0171,0.0229
27.01.2021 01:08:12.351 GMT+0100,169.91400000000002,169.868,0.0171,0.0229
27.01.2021 01:08:21.694 GMT+0100,169.945,169.9,0.0171,0.0229
27.01.2021 01:08:22.144 GMT+0100,169.90900000000002,169.864,0.0171,0.0229
27.01.2021 01:08:50.137 GMT+0100,169.945,169.89900000000003,0.0171,0.0229
27.01.2021 01:08:55.910 GMT+0100,169.916,169.864,0.0171,0.0229
27.01.2021 01:09:00.738 GMT+0100,169.93099999999998,169.883,0.0171,0.0229
27.01.2021 01:09:19.011 GMT+0100,169.912,169.86599999999999,0.0171,0.0229
27.01.2021 01:09:51.034 GMT+0100,169.94299999999998,169.89700000000002,0.0171,0.0229
27.01.2021 01:10:03.089 GMT+0100,169.92700000000002,169.887,0.0171,0.0229
27.01.2021 01:10:03.240 GMT+0100,169.915,169.865,0.0171,0.0229
27.01.2021 01:10:07.562 GMT+0100,169.928,169.887,0.0171,0.0229
27.01.2021 01:10:12.203 GMT+0100,169.91400000000002,169.868,0.0171,0.0229
27.01.2021 01:11:55.087 GMT+0100,169.93099999999998,169.885,0.0171,0.0229
27.01.2021 01:11:55.188 GMT+0100,169.947,169.90200000000002,0.0171,0.0229
27.01.2021 01:15:15.188 GMT+0100,169.90900000000002,169.86599999999999,0.0171,0.0229
27.01.2021 01:15:40.030 GMT+0100,169.925,169.885,0.0171,0.0229
27.01.2021 01:15:50.341 GMT+0100,169.947,169.898,0.0171,0.0229
27.01.2021 01:15:50.494 GMT+0100,169.90900000000002,169.87099999999998,0.0171,0.0229
27.01.2021 01:17:44.773 GMT+0100,169.88,169.83400000000003,0.0171,0.0229
27.01.2021 01:17:45.054 GMT+0100,169.911,169.86599999999999,0.0171,0.0229
27.01.2021 01:17:46.905 GMT+0100,169.9,169.854,0.0171,0.0229
27.01.2021 01:17:55.210 GMT+0100,169.883,169.84,0.0171,0.0229
27.01.2021 01:18:01.674 GMT+0100,169.911,169.87099999999998,0.0171,0.0229
27.01.2021 01:18:01.976 GMT+0100,169.881,169.833,0.0171,0.0229
27.01.2021 01:18:29.686 GMT+0100,169.9,169.854,0.0171,0.0229
27.01.2021 01:18:29.830 GMT+0100,169.88,169.838,0.0171,0.0229
27.01.2021 01:19:49.587 GMT+0100,169.882,169.835,0.0171,0.0229
27.01.2021 01:20:35.743 GMT+0100,169.84900000000002,169.80700000000002,0.0171,0.0229
27.01.2021 01:20:41.086 GMT+0100,169.868,169.81799999999998,0.0171,0.0229
27.01.2021 01:20:41.609 GMT+0100,169.847,169.80900000000003,0.0171,0.0229
27.01.2021 01:20:47.091 GMT+0100,169.883,169.83599999999998,0.0171,0.0229
27.01.2021 01:21:03.142 GMT+0100,169.854,169.80599999999998,0.0171,0.0229
27.01.2021 01:21:03.321 GMT+0100,169.868,169.824,0.0171,0.0229
27.01.2021 01:21:19.366 GMT+0100,169.88400000000001,169.838,0.0171,0.0229
27.01.2021 01:21:25.592 GMT+0100,169.854,169.805,0.0171,0.0229
27.01.2021 01:21:25.871 GMT+0100,169.88400000000001,169.84,0.0171,0.0229
27.01.2021 01:21:36.509 GMT+0100,169.853,169.80900000000003,0.0171,0.0229
27.01.2021 01:21:36.703 GMT+0100,169.881,169.83700000000002,0.0171,0.0229
27.01.2021 01:24:01.050 GMT+0100,169.912,169.865,0.0171,0.0229
27.01.2021 01:24:03.633 GMT+0100,169.88400000000001,169.838,0.0171,0.0229
27.01.2021 01:28:45.483 GMT+0100,169.851,169.803,0.0171,0.0229
27.01.2021 01:29:33.124 GMT+0100,169.881,169.838,0.0171,0.0229
27.01.2021 01:29:41.211 GMT+0100,169.868,169.821,0.0171,0.0229
27.01.2021 01:29:47.578 GMT+0100,169.881,169.838,0.0171,0.0229
27.01.2021 01:29:58.908 GMT+0100,169.864,169.824,0.0171,0.0229
27.01.2021 01:30:00.213 GMT+0100,169.881,169.83700000000002,0.0171,0.0229
27.01.2021 01:30:00.888 GMT+0100,169.84900000000002,169.803,0.0171,0.0229
27.01.2021 01:30:03.071 GMT+0100,169.81900000000002,169.77200000000002,0.0171,0.0229
27.01.2021 01:30:06.410 GMT+0100,169.787,169.74400000000003,0.0171,0.0229
27.01.2021 01:30:15.237 GMT+0100,169.756,169.713,0.0171,0.0229
27.01.2021 01:30:31.703 GMT+0100,169.791,169.74400000000003,0.0171,0.0229
27.01.2021 01:30:39.400 GMT+0100,169.821,169.77,0.0171,0.0229
27.01.2021 01:30:52.569 GMT+0100,169.79,169.739,0.0171,0.0229
27.01.2021 01:30:52.816 GMT+0100,169.80599999999998,169.762,0.0171,0.0229
27.01.2021 01:30:53.949 GMT+0100,169.791,169.74599999999998,0.0171,0.0229
27.01.2021 01:30:55.370 GMT+0100,169.805,169.762,0.0171,0.0229
27.01.2021 01:30:56.447 GMT+0100,169.821,169.77,0.0171,0.0229
27.01.2021 01:30:56.854 GMT+0100,169.787,169.74599999999998,0.0171,0.0229
27.01.2021 01:30:57.737 GMT+0100,169.80200000000002,169.762,0.0171,0.0229
27.01.2021 01:30:57.965 GMT+0100,169.82,169.77200000000002,0.0171,0.0229
27.01.2021 01:32:31.190 GMT+0100,169.854,169.805,0.0171,0.0229
27.01.2021 01:32:33.694 GMT+0100,169.838,169.787,0.0171,0.0229
27.01.2021 01:32:33.998 GMT+0100,169.854,169.803,0.0171,0.0229
27.01.2021 01:32:38.754 GMT+0100,169.81799999999998,169.771,0.0171,0.0229
27.01.2021 01:32:40.776 GMT+0100,169.851,169.80200000000002,0.0171,0.0229
27.01.2021 01:32:47.918 GMT+0100,169.81900000000002,169.77700000000002,0.0171,0.0229
27.01.2021 01:32:52.214 GMT+0100,169.854,169.80400000000003,0.0171,0.0229
27.01.2021 01:32:53.393 GMT+0100,169.83400000000003,169.78799999999998,0.0171,0.0229
27.01.2021 01:32:56.090 GMT+0100,169.85,169.80200000000002,0.0171,0.0229
27.01.2021 01:32:56.198 GMT+0100,169.833,169.791,0.0171,0.0229
27.01.2021 01:33:01.079 GMT+0100,169.822,169.77,0.0171,0.0229
27.01.2021 01:33:02.083 GMT+0100,169.833,169.78799999999998,0.0171,0.0229
27.01.2021 01:33:05.503 GMT+0100,169.822,169.771,0.0171,0.0229
27.01.2021 01:33:10.116 GMT+0100,169.83599999999998,169.793,0.0171,0.0229
27.01.2021 01:33:16.619 GMT+0100,169.82,169.775,0.0171,0.0229
27.01.2021 01:34:19.296 GMT+0100,169.83400000000003,169.78799999999998,0.0171,0.0229
27.01.2021 01:34:25.013 GMT+0100,169.84900000000002,169.80200000000002,0.0171,0.0229
27.01.2021 01:36:29.028 GMT+0100,169.883,169.84,0.0171,0.0229
27.01.2021 01:36:31.422 GMT+0100,169.85,169.805,0.0171,0.0229
27.01.2021 01:36:44.441 GMT+0100,169.881,169.838,0.0171,0.0229
27.01.2021 01:36:44.673 GMT+0100,169.847,169.80599999999998,0.0171,0.0229
27.01.2021 01:36:52.089 GMT+0100,169.86700000000002,169.81900000000002,0.0171,0.0229
27.01.2021 01:36:59.608 GMT+0100,169.883,169.83400000000003,0.0171,0.0229
27.01.2021 01:41:45.438 GMT+0100,169.882,169.83400000000003,0.0171,0.0229
27.01.2021 01:44:29.467 GMT+0100,169.896,169.84900000000002,0.0171,0.0229
27.01.2021 01:44:29.687 GMT+0100,169.883,169.833,0.0171,0.0229
27.01.2021 01:46:55.855 GMT+0100,169.84900000000002,169.80700000000002,0.0171,0.0229
27.01.2021 01:49:01.077 GMT+0100,169.868,169.81799999999998,0.0171,0.0229
27.01.2021 01:49:01.710 GMT+0100,169.885,169.835,0.0171,0.0229
27.01.2021 01:49:38.231 GMT+0100,169.86599999999999,169.822,0.0171,0.0229
27.01.2021 01:49:50.370 GMT+0100,169.882,169.838,0.0171,0.0229
27.01.2021 01:49:53.719 GMT+0100,169.84900000000002,169.803,0.0171,0.0229
27.01.2021 01:50:11.075 GMT+0100,169.868,169.81799999999998,0.0171,0.0229
27.01.2021 01:50:11.220 GMT+0100,169.883,169.833,0.0171,0.0229
27.01.2021 01:50:47.080 GMT+0100,169.852,169.803,0.0171,0.0229
27.01.2021 01:52:58.335 GMT+0100,169.81900000000002,169.77700000000002,0.0171,0.0229
27.01.2021 01:53:04.661 GMT+0100,169.835,169.787,0.0171,0.0229
27.01.2021 01:53:04.777 GMT+0100,169.821,169.77200000000002,0.0171,0.0229
27.01.2021 01:53:21.083 GMT+0100,169.852,169.80900000000003,0.0171,0.0229
27.01.2021 01:53:38.849 GMT+0100,169.838,169.78799999999998,0.0171,0.0229
27.01.2021 01:53:39.322 GMT+0100,169.852,169.80599999999998,0.0171,0.0229
27.01.2021 01:55:32.829 GMT+0100,169.88400000000001,169.838,0.0171,0.0229
27.01.2021 01:55:33.838 GMT+0100,169.86700000000002,169.82,0.0171,0.0229
27.01.2021 01:55:34.022 GMT+0100,169.847,169.80599999999998,0.0171,0.0229
27.01.2021 01:55:38.696 GMT+0100,169.864,169.81799999999998,0.0171,0.0229
27.01.2021 01:55:59.923 GMT+0100,169.851,169.80200000000002,0.0171,0.0229
27.01.2021 01:56:21.139 GMT+0100,169.881,169.833,0.0171,0.0229
27.01.2021 01:56:26.439 GMT+0100,169.853,169.805,0.0171,0.0229
27.01.2021 01:56:26.555 GMT+0100,169.86200000000002,169.821,0.0171,0.0229
27.01.2021 01:56:26.744 GMT+0100,169.854,169.80400000000003,0.0171,0.0229
27.01.2021 01:58:26.892 GMT+0100,169.82,169.77400000000003,0.0171,0.0229
27.01.2021 01:58:32.624 GMT+0100,169.838,169.79,0.0171,0.0229
27.01.2021 01:58:44.309 GMT+0100,169.85,169.805,0.0171,0.0229
27.01.2021 01:58:45.959 GMT+0100,169.83400000000003,169.78799999999998,0.0171,0.0229
27.01.2021 01:58:46.063 GMT+0100,169.85,169.80400000000003,0.0171,0.0229
27.01.2021 01:58:51.648 GMT+0100,169.83400000000003,169.786,0.0171,0.0229
27.01.2021 01:58:52.250 GMT+0100,169.822,169.77400000000003,0.0171,0.0229
27.01.2021 02:00:01.083 GMT+0100,169.83599999999998,169.786,0.0171,0.0229
27.01.2021 02:00:01.339 GMT+0100,169.853,169.80200000000002,0.0171,0.0229
27.01.2021 02:00:03.080 GMT+0100,169.835,169.79,0.0171,0.0229
27.01.2021 02:00:05.721 GMT+0100,169.852,169.80700000000002,0.0171,0.0229
27.01.2021 02:00:05.933 GMT+0100,169.822,169.771,0.0171,0.0229
27.01.2021 02:00:25.859 GMT+0100,169.853,169.80900000000003,0.0171,0.0229
27.01.2021 02:03:01.289 GMT+0100,169.847,169.80900000000003,0.0171,0.0229
27.01.2021 02:07:11.891 GMT+0100,169.853,169.80700000000002,0.0171,0.0229
27.01.2021 02:08:49.920 GMT+0100,169.883,169.838,0.0171,0.0229
27.01.2021 02:10:50.607 GMT+0100,169.916,169.864,0.0171,0.0229
27.01.2021 02:14:49.114 GMT+0100,169.882,169.83599999999998,0.0171,0.0229
27.01.2021 02:17:42.573 GMT+0100,169.88400000000001,169.838,0.0171,0.0229
27.01.2021 02:19:30.878 GMT+0100,169.86200000000002,169.822,0.0171,0.0229
27.01.2021 02:19:30.997 GMT+0100,169.854,169.80400000000003,0.0171,0.0229
27.01.2021 02:19:31.600 GMT+0100,169.882,169.833,0.0171,0.0229
27.01.2021 02:19:31.802 GMT+0100,169.84900000000002,169.80900000000003,0.0171,0.0229
27.01.2021 02:20:44.161 GMT+0100,169.851,169.80400000000003,0.0171,0.0229
27.01.2021 02:20:49.355 GMT+0100,169.865,169.817,0.0171,0.0229
27.01.2021 02:21:24.825 GMT+0100,169.88,169.83700000000002,0.0171,0.0229
27.01.2021 02:23:49.562 GMT+0100,169.885,169.835,0.0171,0.0229
27.01.2021 02:24:28.870 GMT+0100,169.851,169.80700000000002,0.0171,0.0229
27.01.2021 02:29:56.259 GMT+0100,169.81799999999998,169.77400000000003,0.0171,0.0229
27.01.2021 02:31:06.215 GMT+0100,169.84900000000002,169.80400000000003,0.0171,0.0229
27.01.2021 02:32:09.712 GMT+0100,169.821,169.771,0.0171,0.0229
27.01.2021 02:33:18.804 GMT+0100,169.81900000000002,169.771,0.0171,0.0229
27.01.2021 02:35:58.030 GMT+0100,169.851,169.80200000000002,0.0171,0.0229
27.01.2021 02:47:22.599 GMT+0100,169.854,169.80200000000002,0.0171,0.0229
27.01.2021 02:47:32.297 GMT+0100,169.878,169.83599999999998,0.0171,0.0229
27.01.2021 02:51:37.519 GMT+0100,169.916,169.868,0.0171,0.0229
27.01.2021 02:52:39.577 GMT+0100,169.94,169.896,0.0171,0.0229
27.01.2021 02:52:39.768 GMT+0100,169.912,169.86900000000003,0.0171,0.0229
27.01.2021 02:59:58.741 GMT+0100,169.946,169.89700000000002,0.0171,0.0229
27.01.2021 02:59:59.372 GMT+0100,169.93200000000002,169.88,0.0171,0.0229
27.01.2021 03:00:00.074 GMT+0100,169.945,169.9,0.0171,0.0229
27.01.2021 03:00:00.184 GMT+0100,169.93200000000002,169.88400000000001,0.0171,0.0229
27.01.2021 03:00:01.034 GMT+0100,169.942,169.895,0.0171,0.0229
27.01.2021 03:00:01.375 GMT+0100,169.91400000000002,169.87099999999998,0.0171,0.0229
27.01.2021 03:00:02.096 GMT+0100,169.94,169.895,0.0171,0.0229
27.01.2021 03:00:04.330 GMT+0100,169.92700000000002,169.881,0.0171,0.0229
27.01.2021 03:00:04.517 GMT+0100,169.947,169.898,0.0171,0.0229
27.01.2021 03:02:51.312 GMT+0100,169.97400000000002,169.92700000000002,0.0171,0.0229
27.01.2021 03:08:10.828 GMT+0100,169.978,169.92900000000003,0.0171,0.0229
27.01.2021 03:09:52.537 GMT+0100,169.975,169.93200000000002,0.0171,0.0229
27.01.2021 03:13:26.104 GMT+0100,169.972,169.93099999999998,0.0171,0.0229
27.01.2021 03:19:57.199 GMT+0100,169.972,169.93,0.0171,0.0229
27.01.2021 03:22:25.804 GMT+0100,169.946,169.895,0.0171,0.0229
27.01.2021 03:25:18.081 GMT+0100,169.979,169.93,0.0171,0.0229
27.01.2021 03:25:18.311 GMT+0100,169.942,169.9,0.0171,0.0229
27.01.2021 03:25:18.665 GMT+0100,169.96,169.91299999999998,0.0171,0.0229
27.01.2021 03:25:19.679 GMT+0100,169.945,169.896,0.0171,0.0229
27.01.2021 03:25:39.922 GMT+0100,169.976,169.92900000000003,0.0171,0.0229
27.01.2021 03:25:58.640 GMT+0100,169.94,169.89900000000003,0.0171,0.0229
27.01.2021 03:28:51.047 GMT+0100,169.92700000000002,169.882,0.0171,0.0229
27.01.2021 03:28:51.208 GMT+0100,169.91299999999998,169.86700000000002,0.0171,0.0229
27.01.2021 03:28:52.055 GMT+0100,169.94400000000002,169.898,0.0171,0.0229
27.01.2021 03:30:09.495 GMT+0100,169.912,169.86700000000002,0.0171,0.0229
27.01.2021 03:30:18.918 GMT+0100,169.942,169.9,0.0171,0.0229
27.01.2021 03:31:36.484 GMT+0100,169.916,169.86900000000003,0.0171,0.0229
27.01.2021 03:31:49.700 GMT+0100,169.942,169.9,0.0171,0.0229
27.01.2021 03:32:01.963 GMT+0100,169.911,169.865,0.0171,0.0229
27.01.2021 03:35:35.723 GMT+0100,169.945,169.90200000000002,0.0171,0.0229
27.01.2021 03:37:00.984 GMT+0100,169.94,169.9,0.0171,0.0229
27.01.2021 03:39:44.641 GMT+0100,169.945,169.896,0.0171,0.0229
27.01.2021 03:39:52.086 GMT+0100,169.972,169.92900000000003,0.0171,0.0229
27.01.2021 03:41:06.535 GMT+0100,169.94299999999998,169.9,0.0171,0.0229
27.01.2021 03:43:04.523 GMT+0100,169.978,169.928,0.0171,0.0229
27.01.2021 03:43:04.822 GMT+0100,169.94299999999998,169.898,0.0171,0.0229
27.01.2021 03:45:32.116 GMT+0100,169.95900000000003,169.911,0.0171,0.0229
27.01.2021 03:45:36.512 GMT+0100,169.975,169.93,0.0171,0.0229
27.01.2021 03:45:51.959 GMT+0100,169.96200000000002,169.912,0.0171,0.0229
27.01.2021 03:45:58.415 GMT+0100,169.94299999999998,169.89900000000003,0.0171,0.0229
27.01.2021 03:50:17.254 GMT+0100,169.972,169.93,0.0171,0.0229
27.01.2021 03:50:17.530 GMT+0100,169.94400000000002,169.89700000000002,0.0171,0.0229
27.01.2021 03:53:02.390 GMT+0100,169.94,169.896,0.0171,0.0229
27.01.2021 03:55:24.258 GMT+0100,169.94400000000002,169.895,0.0171,0.0229
27.01.2021 04:00:10.846 GMT+0100,169.95900000000003,169.91400000000002,0.0171,0.0229
27.01.2021 04:00:43.991 GMT+0100,169.972,169.92700000000002,0.0171,0.0229
27.01.2021 04:00:48.422 GMT+0100,169.963,169.915,0.0171,0.0229
27.01.2021 04:01:00.270 GMT+0100,169.94400000000002,169.9,0.0171,0.0229
27.01.2021 04:01:35.552 GMT+0100,169.958,169.912,0.0171,0.0229
27.01.2021 04:01:43.355 GMT+0100,169.94400000000002,169.896,0.0171,0.0229
27.01.2021 04:08:16.303 GMT+0100,169.94400000000002,169.895,0.0171,0.0229
27.01.2021 04:08:17.956 GMT+0100,169.96099999999998,169.916,0.0171,0.0229
27.01.2021 04:08:18.122 GMT+0100,169.976,169.93,0.0171,0.0229
27.01.2021 04:09:06.386 GMT+0100,169.956,169.911,0.0171,0.0229
27.01.2021 04:09:06.596 GMT+0100,169.94299999999998,169.896,0.0171,0.0229
27.01.2021 04:09:16.970 GMT+0100,169.979,169.93200000000002,0.0171,0.0229
27.01.2021 04:10:19.752 GMT+0100,169.94400000000002,169.89700000000002,0.0171,0.0229
27.01.2021 04:10:40.769 GMT+0100,169.979,169.92900000000003,0.0171,0.0229
27.01.2021 04:13:10.029 GMT+0100,169.946,169.896,0.0171,0.0229
27.01.2021 04:15:31.334 GMT+0100,169.946,169.90200000000002,0.0171,0.0229
27.01.2021 04:20:28.385 GMT+0100,169.947,169.90200000000002,0.0171,0.0229
27.01.2021 04:23:31.394 GMT+0100,169.947,169.896,0.0171,0.0229
27.01.2021 04:28:14.407 GMT+0100,169.94400000000002,169.90200000000002,0.0171,0.0229
27.01.2021 04:30:01.713 GMT+0100,169.94,169.895,0.0171,0.0229
27.01.2021 04:34:18.147 GMT+0100,169.947,169.90200000000002,0.0171,0.0229
27.01.2021 04:39:56.180 GMT+0100,169.97400000000002,169.93099999999998,0.0171,0.0229
27.01.2021 04:41:16.796 GMT+0100,169.945,169.89700000000002,0.0171,0.0229
27.01.2021 04:41:20.806 GMT+0100,169.978,169.92900000000003,0.0171,0.0229
27.01.2021 04:44:33.669 GMT+0100,169.975,169.93099999999998,0.0171,0.0229
27.01.2021 04:46:43.425 GMT+0100,169.977,169.93099999999998,0.0171,0.0229
27.01.2021 04:49:30.397 GMT+0100,169.946,169.89900000000003,0.0171,0.0229
27.01.2021 04:51:03.667 GMT+0100,169.94,169.89900000000003,0.0171,0.0229
27.01.2021 04:51:30.326 GMT+0100,169.93,169.882,0.0171,0.0229
27.01.2021 04:51:31.582 GMT+0100,169.945,169.90200000000002,0.0171,0.0229
27.01.2021 04:51:32.629 GMT+0100,169.911,169.86599999999999,0.0171,0.0229
27.01.2021 04:52:55.144 GMT+0100,169.928,169.88400000000001,0.0171,0.0229
27.01.2021 04:53:02.214 GMT+0100,169.947,169.896,0.0171,0.0229
27.01.2021 04:53:02.474 GMT+0100,169.91400000000002,169.86599999999999,0.0171,0.0229
27.01.2021 04:53:03.880 GMT+0100,169.928,169.883,0.0171,0.0229
27.01.2021 04:53:09.446 GMT+0100,169.915,169.864,0.0171,0.0229
27.01.2021 04:53:32.122 GMT+0100,169.928,169.88400000000001,0.0171,0.0229
27.01.2021 04:53:45.433 GMT+0100,169.945,169.898,0.0171,0.0229
27.01.2021 04:53:59.376 GMT+0100,169.92700000000002,169.881,0.0171,0.0229
27.01.2021 04:53:59.596 GMT+0100,169.942,169.89900000000003,0.0171,0.0229
27.01.2021 04:54:02.300 GMT+0100,169.91299999999998,169.864,0.0171,0.0229
27.01.2021 04:54:03.078 GMT+0100,169.93099999999998,169.883,0.0171,0.0229
27.01.2021 04:54:10.297 GMT+0100,169.947,169.896,0.0171,0.0229
27.01.2021 04:55:49.964 GMT+0100,169.945,169.90200000000002,0.0171,0.0229
27.01.2021 04:56:19.886 GMT+0100,169.979,169.93099999999998,0.0171,0.0229
27.01.2021 04:56:20.138 GMT+0100,169.94400000000002,169.89900000000003,0.0171,0.0229
27.01.2021 04:58:06.658 GMT+0100,169.94299999999998,169.89900000000003,0.0171,0.0229
27.01.2021 05:01:28.651 GMT+0100,169.947,169.896,0.0171,0.0229
27.01.2021 05:04:46.697 GMT+0100,169.94400000000002,169.9,0.0171,0.0229
27.01.2021 05:06:03.429 GMT+0100,169.947,169.89700000000002,0.0171,0.0229
27.01.2021 05:12:02.244 GMT+0100,169.946,169.898,0.0171,0.0229
27.01.2021 05:15:38.770 GMT+0100,169.979,169.93400000000003,0.0171,0.0229
27.01.2021 05:18:04.504 GMT+0100,169.977,169.928,0.0171,0.0229
27.01.2021 05:23:50.466 GMT+0100,169.979,169.93,0.0171,0.0229
27.01.2021 05:26:51.375 GMT+0100,169.978,169.928,0.0171,0.0229
27.01.2021 05:28:47.214 GMT+0100,169.977,169.93400000000003,0.0171,0.0229
27.01.2021 05:28:48.317 GMT+0100,170.00900000000001,169.965,0.0171,0.0229
27.01.2021 05:28:48.421 GMT+0100,169.989,169.942,0.0171,0.0229
27.01.2021 05:28:48.572 GMT+0100,169.972,169.93,0.0171,0.0229
27.01.2021 05:30:45.728 GMT+0100,169.977,169.92900000000003,0.0171,0.0229
27.01.2021 05:32:04.197 GMT+0100,169.97400000000002,169.93400000000003,0.0171,0.0229
27.01.2021 05:41:07.647 GMT+0100,169.975,169.93099999999998,0.0171,0.0229
27.01.2021 05:45:38.217 GMT+0100,169.972,169.93,0.0171,0.0229
27.01.2021 05:49:39.219 GMT+0100,169.97400000000002,169.92900000000003,0.0171,0.0229
27.01.2021 05:54:45.131 GMT+0100,169.975,169.93099999999998,0.0171,0.0229
27.01.2021 05:56:14.004 GMT+0100,169.978,169.93200000000002,0.0171,0.0229
27.01.2021 05:57:33.296 GMT+0100,169.977,169.92700000000002,0.0171,0.0229
27.01.2021 06:00:00.358 GMT+0100,169.976,169.93200000000002,0.0171,0.0229
27.01.2021 06:05:21.553 GMT+0100,169.978,169.93400000000003,0.0171,0.0229
27.01.2021 06:08:43.224 GMT+0100,170.003,169.96200000000002,0.0171,0.0229
27.01.2021 06:08:43.472 GMT+0100,169.979,169.93099999999998,0.0171,0.0229
27.01.2021 06:09:12.186 GMT+0100,170.003,169.958,0.0171,0.0229
27.01.2021 06:09:36.614 GMT+0100,169.979,169.93,0.0171,0.0229
27.01.2021 06:09:36.810 GMT+0100,170.01,169.965,0.0171,0.0229
27.01.2021 06:11:44.994 GMT+0100,169.977,169.92900000000003,0.0171,0.0229
27.01.2021 06:11:45.269 GMT+0100,170.007,169.96099999999998,0.0171,0.0229
27.01.2021 06:11:46.349 GMT+0100,169.972,169.928,0.0171,0.0229
27.01.2021 06:13:26.442 GMT+0100,169.99099999999999,169.946,0.0171,0.0229
27.01.2021 06:13:26.552 GMT+0100,170.003,169.96,0.0171,0.0229
27.01.2021 06:18:47.544 GMT+0100,170.006,169.95900000000003,0.0171,0.0229
27.01.2021 06:20:01.432 GMT+0100,170.03400000000002,169.99599999999998,0.0171,0.0229
27.01.2021 06:22:34.093 GMT+0100,170.003,169.95900000000003,0.0171,0.0229
27.01.2021 06:24:12.078 GMT+0100,170.007,169.96,0.0171,0.0229
27.01.2021 06:28:08.306 GMT+0100,169.975,169.93400000000003,0.0171,0.0229
27.01.2021 06:32:53.944 GMT+0100,170.008,169.96200000000002,0.0171,0.0229
27.01.2021 06:35:00.695 GMT+0100,169.97400000000002,169.93099999999998,0.0171,0.0229
27.01.2021 06:35:02.055 GMT+0100,169.98700000000002,169.947,0.0171,0.0229
27.01.2021 06:35:29.745 GMT+0100,170.006,169.96200000000002,0.0171,0.0229
27.01.2021 06:35:31.776 GMT+0100,169.989,169.942,0.0171,0.0229
27.01.2021 06:35:32.171 GMT+0100,169.975,169.93400000000003,0.0171,0.0229
27.01.2021 06:36:27.203 GMT+0100,170.007,169.958,0.0171,0.0229
27.01.2021 06:36:28.838 GMT+0100,169.97400000000002,169.92900000000003,0.0171,0.0229
27.01.2021 06:36:29.878 GMT+0100,170.007,169.96099999999998,0.0171,0.0229
27.01.2021 06:36:40.075 GMT+0100,170.02599999999998,169.979,0.0171,0.0229
27.01.2021 06:36:40.450 GMT+0100,170.006,169.96,0.0171,0.0229
27.01.2021 06:36:41.029 GMT+0100,170.03900000000002,169.99599999999998,0.0171,0.0229
27.01.2021 06:36:51.654 GMT+0100,170.021,169.978,0.0171,0.0229
27.01.2021 06:36:54.940 GMT+0100,170.03799999999998,169.989,0.0171,0.0229
27.01.2021 06:37:48.395 GMT+0100,170.067,170.02400000000003,0.0171,0.0229
27.01.2021 06:37:48.575 GMT+0100,170.037,169.99599999999998,0.0171,0.0229
27.01.2021 06:37:50.451 GMT+0100,170.072,170.02,0.0171,0.0229
27.01.2021 06:37:51.414 GMT+0100,170.03799999999998,169.993,0.0171,0.0229
27.01.2021 06:38:11.358 GMT+0100,170.065,170.025,0.0171,0.0229
27.01.2021 06:38:13.125 GMT+0100,170.05,170.00900000000001,0.0171,0.0229
27.01.2021 06:38:25.415 GMT+0100,170.071,170.02,0.0171,0.0229
27.01.2021 06:38:53.784 GMT+0100,170.036,169.989,0.0171,0.0229
27.01.2021 06:38:54.851 GMT+0100,170.05,170.006,0.0171,0.0229
27.01.2021 06:39:00.079 GMT+0100,170.06799999999998,170.021,0.0171,0.0229
27.01.2021 06:39:55.177 GMT+0100,170.03799999999998,169.99400000000003,0.0171,0.0229
27.01.2021 06:41:09.112 GMT+0100,170.067,170.02700000000002,0.0171,0.0229
27.01.2021 06:41:23.061 GMT+0100,170.053,170.005,0.0171,0.0229
27.01.2021 06:42:00.398 GMT+0100,170.03400000000002,169.989,0.0171,0.0229
27.01.2021 06:45:45.495 GMT+0100,170.071,170.025,0.0171,0.0229
27.01.2021 06:45:45.818 GMT+0100,170.03400000000002,169.99099999999999,0.0171,0.0229
27.01.2021 06:46:31.549 GMT+0100,170.072,170.021,0.0171,0.0229
27.01.2021 06:46:49.576 GMT+0100,170.041,169.99099999999999,0.0171,0.0229
27.01.2021 06:46:57.557 GMT+0100,170.07,170.02200000000002,0.0171,0.0229
27.01.2021 06:47:45.030 GMT+0100,170.03400000000002,169.99200000000002,0.0171,0.0229
27.01.2021 06:50:51.236 GMT+0100,170.003,169.96200000000002,0.0171,0.0229
27.01.2021 06:52:24.948 GMT+0100,170.00900000000001,169.95900000000003,0.0171,0.0229
27.01.2021 06:52:54.487 GMT+0100,170.03400000000002,169.993,0.0171,0.0229
27.01.2021 06:55:40.455 GMT+0100,170.005,169.96200000000002,0.0171,0.0229
27.01.2021 06:55:40.709 GMT+0100,170.04,169.99,0.0171,0.0229
27.01.2021 06:58:50.719 GMT+0100,170.006,169.96099999999998,0.0171,0.0229
27.01.2021 06:59:15.910 GMT+0100,170.03799999999998,169.99,0.0171,0.0229
27.01.2021 06:59:48.578 GMT+0100,170.006,169.96099999999998,0.0171,0.0229
27.01.2021 06:59:48.741 GMT+0100,170.02200000000002,169.975,0.0171,0.0229
27.01.2021 07:00:00.413 GMT+0100,170.03799999999998,169.99599999999998,0.0171,0.0229
27.01.2021 07:00:01.799 GMT+0100,170.021,169.981,0.0171,0.0229
27.01.2021 07:00:08.147 GMT+0100,170.003,169.963,0.0171,0.0229
27.01.2021 07:00:10.536 GMT+0100,170.019,169.979,0.0171,0.0229
27.01.2021 07:00:10.717 GMT+0100,170.036,169.993,0.0171,0.0229
27.01.2021 07:00:11.067 GMT+0100,170.025,169.975,0.0171,0.0229
27.01.2021 07:00:11.191 GMT+0100,170.008,169.96099999999998,0.0171,0.0229
27.01.2021 07:02:58.526 GMT+0100,169.979,169.93400000000003,0.0171,0.0229
27.01.2021 07:02:58.696 GMT+0100,170.008,169.95900000000003,0.0171,0.0229
27.01.2021 07:03:59.357 GMT+0100,170.036,169.99400000000003,0.0171,0.0229
27.01.2021 07:04:04.252 GMT+0100,170.01,169.95900000000003,0.0171,0.0229
27.01.2021 07:04:07.475 GMT+0100,170.04,169.99400000000003,0.0171,0.0229
27.01.2021 07:04:31.079 GMT+0100,170.021,169.97400000000002,0.0171,0.0229
27.01.2021 07:04:31.246 GMT+0100,170.007,169.958,0.0171,0.0229
27.01.2021 07:04:34.691 GMT+0100,170.023,169.976,0.0171,0.0229
27.01.2021 07:05:01.094 GMT+0100,170.007,169.96099999999998,0.0171,0.0229
27.01.2021 07:05:58.125 GMT+0100,169.98700000000002,169.945,0.0171,0.0229
27.01.2021 07:06:05.416 GMT+0100,170.00900000000001,169.958,0.0171,0.0229
27.01.2021 07:06:28.067 GMT+0100,170.041,169.99400000000003,0.0171,0.0229
27.01.2021 07:06:28.251 GMT+0100,170.02400000000003,169.975,0.0171,0.0229
27.01.2021 07:06:28.666 GMT+0100,170.006,169.96099999999998,0.0171,0.0229
27.01.2021 07:06:40.775 GMT+0100,170.02200000000002,169.981,0.0171,0.0229
27.01.2021 07:06:50.137 GMT+0100,170.006,169.96099999999998,0.0171,0.0229
27.01.2021 07:07:50.268 GMT+0100,170.02599999999998,169.981,0.0171,0.0229
27.01.2021 07:07:50.723 GMT+0100,170.041,169.99099999999999,0.0171,0.0229
27.01.2021 07:09:16.961 GMT+0100,170.036,169.993,0.0171,0.0229
27.01.2021 07:14:49.348 GMT+0100,170.041,169.99400000000003,0.0171,0.0229
27.01.2021 07:19:21.973 GMT+0100,170.00900000000001,169.96099999999998,0.0171,0.0229
27.01.2021 07:19:39.243 GMT+0100,170.03900000000002,169.99,0.0171,0.0229
27.01.2021 07:20:44.428 GMT+0100,170.007,169.96099999999998,0.0171,0.0229
27.01.2021 07:20:51.130 GMT+0100,170.041,169.99,0.0171,0.0229
27.01.2021 07:20:51.398 GMT+0100,170.008,169.963,0.0171,0.0229
27.01.2021 07:22:29.668 GMT+0100,170.005,169.963,0.0171,0.0229
27.01.2021 07:26:03.808 GMT+0100,170.008,169.96200000000002,0.0171,0.0229
27.01.2021 07:28:01.159 GMT+0100,170.005,169.958,0.0171,0.0229
27.01.2021 07:29:44.673 GMT+0100,170.00900000000001,169.96,0.0171,0.0229
27.01.2021 07:36:26.022 GMT+0100,170.003,169.963,0.0171,0.0229
27.01.2021 07:43:55.575 GMT+0100,170.007,169.958,0.0171,0.0229
27.01.2021 07:47:02.242 GMT+0100,170.006,169.96200000000002,0.0171,0.0229
27.01.2021 07:49:56.282 GMT+0100,170.007,169.963,0.0171,0.0229
27.01.2021 07:51:11.244 GMT+0100,170.006,169.95900000000003,0.0171,0.0229
27.01.2021 07:53:00.813 GMT+0100,170.003,169.963,0.0171,0.0229
27.01.2021 07:54:11.694 GMT+0100,169.977,169.92900000000003,0.0171,0.0229
27.01.2021 07:55:12.558 GMT+0100,169.946,169.896,0.0171,0.0229
27.01.2021 07:55:12.859 GMT+0100,169.978,169.92700000000002,0.0171,0.0229
27.01.2021 07:55:39.750 GMT+0100,169.942,169.9,0.0171,0.0229
27.01.2021 07:57:03.507 GMT+0100,169.976,169.92700000000002,0.0171,0.0229
27.01.2021 07:58:34.656 GMT+0100,169.976,169.92700000000002,0.0171,0.0229
27.01.2021 07:58:34.937 GMT+0100,169.942,169.896,0.0171,0.0229
27.01.2021 08:01:30.509 GMT+0100,169.972,169.92900000000003,0.0171,0.0229
27.01.2021 08:02:16.048 GMT+0100,169.942,169.898,0.0171,0.0229
27.01.2021 08:09:34.792 GMT+0100,169.975,169.93,0.0171,0.0229
27.01.2021 08:10:02.336 GMT+0100,169.945,169.895,0.0171,0.0229
27.01.2021 08:11:03.041 GMT+0100,169.978,169.93,0.0171,0.0229
27.01.2021 08:11:22.574 GMT+0100,169.947,169.89700000000002,0.0171,0.0229
27.01.2021 08:14:32.310 GMT+0100,169.91400000000002,169.868,0.0171,0.0229
27.01.2021 08:14:35.841 GMT+0100,169.945,169.896,0.0171,0.0229
27.01.2021 08:14:58.222 GMT+0100,169.915,169.86900000000003,0.0171,0.0229
27.01.2021 08:15:00.076 GMT+0100,169.942,169.895,0.0171,0.0229
27.01.2021 08:16:55.627 GMT+0100,169.915,169.868,0.0171,0.0229
27.01.2021 08:17:01.282 GMT+0100,169.94400000000002,169.89900000000003,0.0171,0.0229
27.01.2021 08:21:48.009 GMT+0100,169.916,169.87099999999998,0.0171,0.0229
27.01.2021 08:22:02.147 GMT+0100,169.946,169.89900000000003,0.0171,0.0229
27.01.2021 08:25:44.354 GMT+0100,169.912,169.86700000000002,0.0171,0.0229
27.01.2021 08:25:52.968 GMT+0100,169.94299999999998,169.89700000000002,0.0171,0.0229
27.01.2021 08:31:16.976 GMT+0100,169.97400000000002,169.93200000000002,0.0171,0.0229
27.01.2021 08:31:49.566 GMT+0100,169.94400000000002,169.89700000000002,0.0171,0.0229
27.01.2021 08:33:03.571 GMT+0100,169.947,169.898,0.0171,0.0229
27.01.2021 08:35:30.032 GMT+0100,169.915,169.86900000000003,0.0171,0.0229
27.01.2021 08:37:22.768 GMT+0100,169.88400000000001,169.835,0.0171,0.0229
27.01.2021 08:38:57.892 GMT+0100,169.916,169.868,0.0171,0.0229
27.01.2021 08:39:01.815 GMT+0100,169.878,169.835,0.0171,0.0229
27.01.2021 08:40:22.162 GMT+0100,169.912,169.864,0.0171,0.0229
27.01.2021 08:41:39.985 GMT+0100,169.881,169.833,0.0171,0.0229
27.01.2021 08:42:00.898 GMT+0100,169.916,169.87099999999998,0.0171,0.0229
27.01.2021 08:45:39.425 GMT+0100,169.883,169.83700000000002,0.0171,0.0229
27.01.2021 08:48:30.671 GMT+0100,169.84900000000002,169.80900000000003,0.0171,0.0229
27.01.2021 08:48:40.584 GMT+0100,169.885,169.83700000000002,0.0171,0.0229
27.01.2021 08:48:51.646 GMT+0100,169.84900000000002,169.80900000000003,0.0171,0.0229
27.01.2021 08:48:52.978 GMT+0100,169.878,169.838,0.0171,0.0229
27.01.2021 08:50:28.657 GMT+0100,169.911,169.86599999999999,0.0171,0.0229
27.01.2021 08:52:23.027 GMT+0100,169.94400000000002,169.9,0.0171,0.0229
27.01.2021 08:52:33.179 GMT+0100,169.912,169.86599999999999,0.0171,0.0229
27.01.2021 08:52:33.357 GMT+0100,169.947,169.9,0.0171,0.0229
27.01.2021 08:52:37.852 GMT+0100,169.92700000000002,169.883,0.0171,0.0229
27.01.2021 08:52:38.134 GMT+0100,169.942,169.9,0.0171,0.0229
27.01.2021 08:52:38.346 GMT+0100,169.93200000000002,169.882,0.0171,0.0229
27.01.2021 08:52:40.613 GMT+0100,169.94,169.898,0.0171,0.0229
27.01.2021 08:53:08.788 GMT+0100,169.91299999999998,169.86700000000002,0.0171,0.0229
27.01.2021 08:53:15.001 GMT+0100,169.94,169.898,0.0171,0.0229
27.01.2021 08:53:44.464 GMT+0100,169.928,169.885,0.0171,0.0229
27.01.2021 08:53:44.641 GMT+0100,169.942,169.895,0.0171,0.0229
27.01.2021 08:53:54.722 GMT+0100,169.916,169.86700000000002,0.0171,0.0229
27.01.2021 08:54:00.774 GMT+0100,169.94,169.895,0.0171,0.0229
27.01.2021 08:54:03.522 GMT+0100,169.91400000000002,169.86599999999999,0.0171,0.0229
27.01.2021 08:54:05.072 GMT+0100,169.92900000000003,169.881,0.0171,0.0229
27.01.2021 08:54:09.790 GMT+0100,169.91400000000002,169.868,0.0171,0.0229
27.01.2021 08:56:14.251 GMT+0100,169.885,169.83700000000002,0.0171,0.0229
27.01.2021 08:56:28.882 GMT+0100,169.912,169.86900000000003,0.0171,0.0229
27.01.2021 08:57:47.320 GMT+0100,169.885,169.84,0.0171,0.0229
27.01.2021 08:59:43.453 GMT+0100,169.915,169.868,0.0171,0.0229
27.01.2021 09:00:01.144 GMT+0100,169.942,169.89900000000003,0.0171,0.0229
27.01.2021 09:00:03.513 GMT+0100,169.91299999999998,169.86900000000003,0.0171,0.0229
27.01.2021 09:00:05.121 GMT+0100,169.946,169.896,0.0171,0.0229
27.01.2021 09:00:06.664 GMT+0100,169.90900000000002,169.86700000000002,0.0171,0.0229
27.01.2021 09:00:10.664 GMT+0100,169.947,169.90200000000002,0.0171,0.0229
27.01.2021 09:00:22.107 GMT+0100,169.978,169.928,0.0171,0.0229
27.01.2021 09:00:22.707 GMT+0100,169.945,169.90200000000002,0.0171,0.0229
27.01.2021 09:00:29.798 GMT+0100,169.976,169.93099999999998,0.0171,0.0229
27.01.2021 09:00:30.064 GMT+0100,170.006,169.96200000000002,0.0171,0.0229
27.01.2021 09:00:30.232 GMT+0100,169.977,169.93,0.0171,0.0229
27.01.2021 09:00:31.110 GMT+0100,170.01,169.963,0.0171,0.0229
27.01.2021 09:00:58.565 GMT+0100,169.975,169.93200000000002,0.0171,0.0229
27.01.2021 09:01:01.138 GMT+0100,170.006,169.96099999999998,0.0171,0.0229
27.01.2021 09:01:04.371 GMT+0100,169.978,169.93099999999998,0.0171,0.0229
27.01.2021 09:01:22.120 GMT+0100,170.01,169.958,0.0171,0.0229
27.01.2021 09:01:22.574 GMT+0100,169.977,169.93400000000003,0.0171,0.0229
27.01.2021 09:01:29.828 GMT+0100,170.01,169.96099999999998,0.0171,0.0229
27.01.2021 09:01:57.230 GMT+0100,170.036,169.99099999999999,0.0171,0.0229
27.01.2021 09:02:04.663 GMT+0100,170.01,169.96,0.0171,0.0229
27.01.2021 09:02:10.818 GMT+0100,170.041,169.99099999999999,0.0171,0.0229
27.01.2021 09:02:11.117 GMT+0100,170.008,169.96099999999998,0.0171,0.0229
27.01.2021 09:02:11.728 GMT+0100,170.03400000000002,169.99099999999999,0.0171,0.0229
27.01.2021 09:02:13.994 GMT+0100,170.01,169.958,0.0171,0.0229
27.01.2021 09:02:14.333 GMT+0100,170.03799999999998,169.989,0.0171,0.0229
27.01.2021 09:02:15.038 GMT+0100,170.007,169.958,0.0171,0.0229
27.01.2021 09:02:15.626 GMT+0100,170.03799999999998,169.993,0.0171,0.0229
27.01.2021 09:02:17.059 GMT+0100,170.021,169.977,0.0171,0.0229
27.01.2021 09:02:17.183 GMT+0100,170.036,169.99200000000002,0.0171,0.0229
27.01.2021 09:02:17.741 GMT+0100,170.01,169.96099999999998,0.0171,0.0229
27.01.2021 09:02:19.292 GMT+0100,170.03400000000002,169.989,0.0171,0.0229
27.01.2021 09:02:19.931 GMT+0100,170.006,169.95900000000003,0.0171,0.0229
27.01.2021 09:02:21.667 GMT+0100,170.041,169.99,0.0171,0.0229
27.01.2021 09:02:21.852 GMT+0100,170.02400000000003,169.977,0.0171,0.0229
27.01.2021 09:02:21.970 GMT+0100,170.006,169.96099999999998,0.0171,0.0229
27.01.2021 09:02:22.393 GMT+0100,170.021,169.976,0.0171,0.0229
27.01.2021 09:02:22.687 GMT+0100,170.03799999999998,169.993,0.0171,0.0229
27.01.2021 09:02:23.435 GMT+0100,170.005,169.96,0.0171,0.0229
27.01.2021 09:02:23.566 GMT+0100,170.019,169.97400000000002,0.0171,0.0229
27.01.2021 09:02:25.758 GMT+0100,170.008,169.96099999999998,0.0171,0.0229
27.01.2021 09:02:26.106 GMT+0100,170.03900000000002,169.989,0.0171,0.0229
27.01.2021 09:03:25.236 GMT+0100,170.008,169.96099999999998,0.0171,0.0229
27.01.2021 09:03:37.086 GMT+0100,170.036,169.993,0.0171,0.0229
27.01.2021 09:03:41.937 GMT+0100,170.067,170.02700000000002,0.0171,0.0229
27.01.2021 09:03:42.328 GMT+0100,170.03900000000002,169.99400000000003,0.0171,0.0229
27.01.2021 09:03:42.569 GMT+0100,170.072,170.021,0.0171,0.0229
27.01.2021 09:03:42.724 GMT+0100,170.037,169.989,0.0171,0.0229
27.01.2021 09:03:58.399 GMT+0100,170.06799999999998,170.02,0.0171,0.0229
27.01.2021 09:04:00.629 GMT+0100,170.041,169.99400000000003,0.0171,0.0229
27.01.2021 09:04:00.735 GMT+0100,170.05700000000002,170.005,0.0171,0.0229
27.01.2021 09:04:00.930 GMT+0100,170.072,170.02200000000002,0.0171,0.0229
27.01.2021 09:04:27.752 GMT+0100,170.036,169.993,0.0171,0.0229
27.01.2021 09:04:27.918 GMT+0100,170.07,170.02400000000003,0.0171,0.0229
27.01.2021 09:04:28.239 GMT+0100,170.04,169.99,0.0171,0.0229
27.01.2021 09:04:28.457 GMT+0100,170.07,170.02,0.0171,0.0229
27.01.2021 09:05:15.452 GMT+0100,170.102,170.053,0.0171,0.0229
27.01.2021 09:05:17.312 GMT+0100,170.06799999999998,170.023,0.0171,0.0229
27.01.2021 09:06:06.717 GMT+0100,170.036,169.989,0.0171,0.0229
27.01.2021 09:06:12.661 GMT+0100,170.072,170.02200000000002,0.0171,0.0229
27.01.2021 09:06:15.089 GMT+0100,170.041,169.99099999999999,0.0171,0.0229
27.01.2021 09:06:15.324 GMT+0100,170.07,170.021,0.0171,0.0229
27.01.2021 09:06:25.215 GMT+0100,170.037,169.99599999999998,0.0171,0.0229
27.01.2021 09:06:30.366 GMT+0100,170.071,170.02200000000002,0.0171,0.0229
27.01.2021 09:07:24.408 GMT+0100,170.03900000000002,169.99599999999998,0.0171,0.0229
27.01.2021 09:08:19.264 GMT+0100,170.006,169.963,0.0171,0.0229
27.01.2021 09:08:19.496 GMT+0100,170.04,169.99599999999998,0.0171,0.0229
27.01.2021 09:08:23.611 GMT+0100,170.008,169.965,0.0171,0.0229
27.01.2021 09:08:23.954 GMT+0100,170.041,169.99400000000003,0.0171,0.0229
27.01.2021 09:08:24.525 GMT+0100,170.01,169.965,0.0171,0.0229
27.01.2021 09:08:25.239 GMT+0100,170.037,169.99099999999999,0.0171,0.0229
27.01.2021 09:08:25.596 GMT+0100,170.005,169.95900000000003,0.0171,0.0229
27.01.2021 09:08:29.824 GMT+0100,170.03400000000002,169.99,0.0171,0.0229
27.01.2021 09:08:31.431 GMT+0100,170.003,169.96200000000002,0.0171,0.0229
27.01.2021 09:08:38.491 GMT+0100,170.04,169.99,0.0171,0.0229
27.01.2021 09:08:38.915 GMT+0100,170.00900000000001,169.965,0.0171,0.0229
27.01.2021 09:08:39.960 GMT+0100,170.021,169.977,0.0171,0.0229
27.01.2021 09:08:42.164 GMT+0100,170.005,169.95900000000003,0.0171,0.0229
27.01.2021 09:09:07.646 GMT+0100,170.02200000000002,169.978,0.0171,0.0229
27.01.2021 09:09:07.873 GMT+0100,170.003,169.96,0.0171,0.0229
27.01.2021 09:11:06.589 GMT+0100,169.979,169.92700000000002,0.0171,0.0229
27.01.2021 09:11:35.353 GMT+0100,169.947,169.895,0.0171,0.0229
27.01.2021 09:11:36.456 GMT+0100,169.972,169.93,0.0171,0.0229
27.01.2021 09:11:37.893 GMT+0100,169.946,169.898,0.0171,0.0229
27.01.2021 09:11:38.163 GMT+0100,169.976,169.93099999999998,0.0171,0.0229
27.01.2021 09:13:48.250 GMT+0100,169.94299999999998,169.896,0.0171,0.0229
27.01.2021 09:13:49.526 GMT+0100,169.956,169.911,0.0171,0.0229
27.01.2021 09:13:49.628 GMT+0100,169.976,169.92900000000003,0.0171,0.0229
27.01.2021 09:14:07.772 GMT+0100,169.947,169.898,0.0171,0.0229
27.01.2021 09:14:07.992 GMT+0100,169.96,169.911,0.0171,0.0229
27.01.2021 09:14:10.344 GMT+0100,169.947,169.89900000000003,0.0171,0.0229
27.01.2021 09:14:29.404 GMT+0100,169.972,169.93099999999998,0.0171,0.0229
27.01.2021 09:14:29.570 GMT+0100,169.947,169.89700000000002,0.0171,0.0229
27.01.2021 09:14:39.739 GMT+0100,169.972,169.93400000000003,0.0171,0.0229
27.01.2021 09:14:40.022 GMT+0100,169.945,169.9,0.0171,0.0229
27.01.2021 09:14:40.464 GMT+0100,169.977,169.93099999999998,0.0171,0.0229
27.01.2021 09:14:42.440 GMT+0100,169.94299999999998,169.898,0.0171,0.0229
27.01.2021 09:15:01.211 GMT+0100,169.972,169.93099999999998,0.0171,0.0229
27.01.2021 09:15:06.254 GMT+0100,169.94,169.89700000000002,0.0171,0.0229
27.01.2021 09:15:19.229 GMT+0100,169.977,169.93099999999998,0.0171,0.0229
27.01.2021 09:15:21.989 GMT+0100,169.942,169.898,0.0171,0.0229
27.01.2021 09:16:10.894 GMT+0100,169.978,169.93,0.0171,0.0229
27.01.2021 09:16:35.872 GMT+0100,169.94,169.9,0.0171,0.0229
27.01.2021 09:18:04.160 GMT+0100,169.915,169.868,0.0171,0.0229
27.01.2021 09:20:06.424 GMT+0100,169.88,169.83599999999998,0.0171,0.0229
27.01.2021 09:20:07.007 GMT+0100,169.91400000000002,169.86900000000003,0.0171,0.0229
27.01.2021 09:20:10.207 GMT+0100,169.878,169.84,0.0171,0.0229
27.01.2021 09:20:10.359 GMT+0100,169.916,169.86900000000003,0.0171,0.0229
27.01.2021 09:20:13.881 GMT+0100,169.883,169.835,0.0171,0.0229
27.01.2021 09:20:17.815 GMT+0100,169.915,169.86900000000003,0.0171,0.0229
27.01.2021 09:20:27.698 GMT+0100,169.878,169.84,0.0171,0.0229
27.01.2021 09:20:27.918 GMT+0100,169.896,169.856,0.0171,0.0229
27.01.2021 09:20:28.063 GMT+0100,169.878,169.83599999999998,0.0171,0.0229
27.01.2021 09:20:35.507 GMT+0100,169.916,169.86700000000002,0.0171,0.0229
27.01.2021 09:20:36.104 GMT+0100,169.883,169.84,0.0171,0.0229
27.01.2021 09:20:37.309 GMT+0100,169.911,169.86599999999999,0.0171,0.0229
27.01.2021 09:20:45.586 GMT+0100,169.88400000000001,169.835,0.0171,0.0229
27.01.2021 09:23:00.103 GMT+0100,169.90900000000002,169.864,0.0171,0.0229
27.01.2021 09:23:20.013 GMT+0100,169.88400000000001,169.83599999999998,0.0171,0.0229
27.01.2021 09:23:22.867 GMT+0100,169.90900000000002,169.864,0.0171,0.0229
27.01.2021 09:23:31.194 GMT+0100,169.94299999999998,169.895,0.0171,0.0229
27.01.2021 09:23:31.760 GMT+0100,169.90900000000002,169.865,0.0171,0.0229
27.01.2021 09:23:35.225 GMT+0100,169.947,169.896,0.0171,0.0229
27.01.2021 09:23:35.510 GMT+0100,169.916,169.86900000000003,0.0171,0.0229
27.01.2021 09:24:26.311 GMT+0100,169.946,169.89900000000003,0.0171,0.0229
27.01.2021 09:24:27.354 GMT+0100,169.911,169.86700000000002,0.0171,0.0229
27.01.2021 09:24:36.823 GMT+0100,169.942,169.895,0.0171,0.0229
27.01.2021 09:24:54.218 GMT+0100,169.979,169.93200000000002,0.0171,0.0229
27.01.2021 09:24:58.811 GMT+0100,169.947,169.9,0.0171,0.0229
27.01.2021 09:25:22.297 GMT+0100,169.972,169.93,0.0171,0.0229
27.01.2021 09:25:23.121 GMT+0100,169.942,169.89700000000002,0.0171,0.0229
27.01.2021 09:25:25.588 GMT+0100,169.963,169.912,0.0171,0.0229
27.01.2021 09:25:25.695 GMT+0100,169.972,169.93200000000002,0.0171,0.0229
27.01.2021 09:25:25.856 GMT+0100,169.947,169.896,0.0171,0.0229
27.01.2021 09:25:26.024 GMT+0100,169.963,169.91400000000002,0.0171,0.0229
27.01.2021 09:25:26.298 GMT+0100,169.945,169.89700000000002,0.0171,0.0229
27.01.2021 09:28:14.371 GMT+0100,169.975,169.93099999999998,0.0171,0.0229
27.01.2021 09:28:31.878 GMT+0100,170.00900000000001,169.96099999999998,0.0171,0.0229
27.01.2021 09:28:44.482 GMT+0100,170.041,169.99400000000003,0.0171,0.0229
27.01.2021 09:29:05.869 GMT+0100,170.005,169.95900000000003,0.0171,0.0229
27.01.2021 09:29:05.970 GMT+0100,169.947,169.90200000000002,0.0171,0.0229
27.01.2021 09:29:07.405 GMT+0100,169.979,169.93200000000002,0.0171,0.0229
27.01.2021 09:29:08.932 GMT+0100,169.94,169.898,0.0171,0.0229
27.01.2021 09:29:25.887 GMT+0100,169.91299999999998,169.868,0.0171,0.0229
27.01.2021 09:29:26.010 GMT+0100,169.881,169.833,0.0171,0.0229
27.01.2021 09:29:28.076 GMT+0100,169.911,169.865,0.0171,0.0229
27.01.2021 09:29:28.565 GMT+0100,169.88400000000001,169.84,0.0171,0.0229
27.01.2021 09:29:33.173 GMT+0100,169.91299999999998,169.86900000000003,0.0171,0.0229
27.01.2021 09:29:33.881 GMT+0100,169.878,169.833,0.0171,0.0229
27.01.2021 09:29:34.650 GMT+0100,169.915,169.86599999999999,0.0171,0.0229
27.01.2021 09:29:43.684 GMT+0100,169.946,169.89700000000002,0.0171,0.0229
27.01.2021 09:29:49.038 GMT+0100,169.915,169.86700000000002,0.0171,0.0229
27.01.2021 09:29:49.697 GMT+0100,169.947,169.89700000000002,0.0171,0.0229
27.01.2021 09:29:52.306 GMT+0100,169.916,169.86599999999999,0.0171,0.0229
27.01.2021 09:29:52.986 GMT+0100,169.94299999999998,169.895,0.0171,0.0229
27.01.2021 09:29:53.133 GMT+0100,170.007,169.96200000000002,0.0171,0.0229
27.01.2021 09:29:53.282 GMT+0100,170.07,170.021,0.0171,0.0229
27.01.2021 09:29:53.386 GMT+0100,170.041,169.99400000000003,0.0171,0.0229
27.01.2021 09:29:54.192 GMT+0100,170.07,170.025,0.0171,0.0229
27.01.2021 09:29:55.405 GMT+0100,170.036,169.99200000000002,0.0171,0.0229
27.01.2021 09:29:55.993 GMT+0100,170.008,169.96200000000002,0.0171,0.0229
27.01.2021 09:29:56.835 GMT+0100,170.041,169.99599999999998,0.0171,0.0229
27.01.2021 09:30:03.130 GMT+0100,170.008,169.96,0.0171,0.0229
27.01.2021 09:30:34.197 GMT+0100,170.036,169.99599999999998,0.0171,0.0229
27.01.2021 09:30:35.801 GMT+0100,170.003,169.965,0.0171,0.0229
27.01.2021 09:30:42.846 GMT+0100,170.03400000000002,169.993,0.0171,0.0229
27.01.2021 09:30:44.284 GMT+0100,170.01,169.95900000000003,0.0171,0.0229
27.01.2021 09:30:54.117 GMT+0100,170.037,169.99400000000003,0.0171,0.0229
27.01.2021 09:30:56.985 GMT+0100,170.021,169.979,0.0171,0.0229
27.01.2021 09:30:57.842 GMT+0100,170.003,169.963,0.0171,0.0229
27.01.2021 09:31:57.970 GMT+0100,170.03400000000002,169.989,0.0171,0.0229
27.01.2021 09:32:02.752 GMT+0100,170.01,169.958,0.0171,0.0229
27.01.2021 09:32:04.425 GMT+0100,170.036,169.99599999999998,0.0171,0.0229
27.01.2021 09:32:04.696 GMT+0100,170.007,169.96099999999998,0.0171,0.0229
27.01.2021 09:32:27.581 GMT+0100,170.036,169.993,0.0171,0.0229
27.01.2021 09:32:30.416 GMT+0100,170.005,169.958,0.0171,0.0229
27.01.2021 09:32:47.062 GMT+0100,170.03799999999998,169.99099999999999,0.0171,0.0229
27.01.2021 09:32:55.044 GMT+0100,170.007,169.965,0.0171,0.0229
27.01.2021 09:33:24.784 GMT+0100,170.03900000000002,169.99,0.0171,0.0229
27.01.2021 09:33:26.747 GMT+0100,170.003,169.96200000000002,0.0171,0.0229
27.01.2021 09:33:50.616 GMT+0100,170.037,169.99599999999998,0.0171,0.0229
27.01.2021 09:33:57.768 GMT+0100,170.005,169.958,0.0171,0.0229
27.01.2021 09:35:55.615 GMT+0100,169.97400000000002,169.93099999999998,0.0171,0.0229
27.01.2021 09:35:55.955 GMT+0100,170.008,169.96,0.0171,0.0229
27.01.2021 09:35:56.143 GMT+0100,169.976,169.92700000000002,0.0171,0.0229
27.01.2021 09:37:14.805 GMT+0100,169.977,169.928,0.0171,0.0229
27.01.2021 09:37:46.822 GMT+0100,169.94400000000002,169.898,0.0171,0.0229
27.01.2021 09:38:52.843 GMT+0100,169.90900000000002,169.865,0.0171,0.0229
27.01.2021 09:38:53.014 GMT+0100,169.947,169.896,0.0171,0.0229
27.01.2021 09:41:27.634 GMT+0100,169.91299999999998,169.86599999999999,0.0171,0.0229
27.01.2021 09:41:46.845 GMT+0100,169.946,169.89900000000003,0.0171,0.0229
27.01.2021 09:41:47.483 GMT+0100,169.90900000000002,169.865,0.0171,0.0229
27.01.2021 09:41:47.741 GMT+0100,169.94,169.895,0.0171,0.0229
27.01.2021 09:42:08.863 GMT+0100,169.916,169.86700000000002,0.0171,0.0229
27.01.2021 09:42:14.052 GMT+0100,169.93099999999998,169.883,0.0171,0.0229
27.01.2021 09:42:18.322 GMT+0100,169.91299999999998,169.87099999999998,0.0171,0.0229
27.01.2021 09:42:18.688 GMT+0100,169.92900000000003,169.885,0.0171,0.0229
27.01.2021 09:42:19.332 GMT+0100,169.942,169.9,0.0171,0.0229
27.01.2021 09:42:20.210 GMT+0100,169.91299999999998,169.86599999999999,0.0171,0.0229
27.01.2021 09:42:46.023 GMT+0100,169.94,169.90200000000002,0.0171,0.0229
27.01.2021 09:42:49.097 GMT+0100,169.91299999999998,169.86900000000003,0.0171,0.0229
27.01.2021 09:45:05.066 GMT+0100,169.94400000000002,169.895,0.0171,0.0229
27.01.2021 09:45:06.660 GMT+0100,169.916,169.86700000000002,0.0171,0.0229
27.01.2021 09:45:17.832 GMT+0100,169.94400000000002,169.896,0.0171,0.0229
27.01.2021 09:45:19.280 GMT+0100,169.911,169.87099999999998,0.0171,0.0229
27.01.2021 09:45:36.115 GMT+0100,169.946,169.89700000000002,0.0171,0.0229
27.01.2021 09:45:36.784 GMT+0100,169.911,169.86700000000002,0.0171,0.0229
27.01.2021 09:45:37.079 GMT+0100,169.93099999999998,169.883,0.0171,0.0229
27.01.2021 09:45:38.136 GMT+0100,169.91299999999998,169.868,0.0171,0.0229
27.01.2021 09:46:07.268 GMT+0100,169.94299999999998,169.895,0.0171,0.0229
27.01.2021 09:46:08.628 GMT+0100,169.90900000000002,169.864,0.0171,0.0229
27.01.2021 09:46:09.725 GMT+0100,169.945,169.9,0.0171,0.0229
27.01.2021 09:46:22.497 GMT+0100,169.91299999999998,169.86900000000003,0.0171,0.0229
27.01.2021 09:46:23.654 GMT+0100,169.94400000000002,169.90200000000002,0.0171,0.0229
27.01.2021 09:46:24.554 GMT+0100,169.916,169.865,0.0171,0.0229
27.01.2021 09:47:46.323 GMT+0100,169.947,169.9,0.0171,0.0229
27.01.2021 09:49:21.845 GMT+0100,169.912,169.87099999999998,0.0171,0.0229
27.01.2021 09:49:22.733 GMT+0100,169.94400000000002,169.9,0.0171,0.0229
27.01.2021 09:49:48.289 GMT+0100,169.91400000000002,169.865,0.0171,0.0229
27.01.2021 09:51:56.203 GMT+0100,169.942,169.895,0.0171,0.0229
27.01.2021 09:52:24.409 GMT+0100,169.916,169.86599999999999,0.0171,0.0229
27.01.2021 09:53:59.053 GMT+0100,169.878,169.84,0.0171,0.0229
27.01.2021 09:54:38.111 GMT+0100,169.851,169.80599999999998,0.0171,0.0229
27.01.2021 09:54:40.236 GMT+0100,169.865,169.81900000000002,0.0171,0.0229
27.01.2021 09:54:40.354 GMT+0100,169.883,169.833,0.0171,0.0229
27.01.2021 09:54:57.051 GMT+0100,169.853,169.80400000000003,0.0171,0.0229
27.01.2021 09:54:58.794 GMT+0100,169.88,169.838,0.0171,0.0229
27.01.2021 09:54:58.979 GMT+0100,169.851,169.80400000000003,0.0171,0.0229
27.01.2021 09:54:59.268 GMT+0100,169.878,169.83599999999998,0.0171,0.0229
27.01.2021 09:54:59.595 GMT+0100,169.851,169.803,0.0171,0.0229
27.01.2021 09:55:02.243 GMT+0100,169.88,169.83700000000002,0.0171,0.0229
27.01.2021 09:55:31.431 GMT+0100,169.853,169.80599999999998,0.0171,0.0229
27.01.2021 09:55:32.613 GMT+0100,169.88400000000001,169.84,0.0171,0.0229
27.01.2021 09:56:07.817 GMT+0100,169.853,169.803,0.0171,0.0229
27.01.2021 09:56:07.985 GMT+0100,169.882,169.838,0.0171,0.0229
27.01.2021 09:56:17.963 GMT+0100,169.847,169.80400000000003,0.0171,0.0229
27.01.2021 09:56:18.090 GMT+0100,169.88,169.833,0.0171,0.0229
27.01.2021 09:56:19.007 GMT+0100,169.847,169.80700000000002,0.0171,0.0229
27.01.2021 09:56:19.162 GMT+0100,169.881,169.835,0.0171,0.0229
27.01.2021 09:56:23.444 GMT+0100,169.851,169.80200000000002,0.0171,0.0229
27.01.2021 09:56:24.694 GMT+0100,169.882,169.838,0.0171,0.0229
27.01.2021 09:56:40.732 GMT+0100,169.84900000000002,169.80700000000002,0.0171,0.0229
27.01.2021 09:56:42.969 GMT+0100,169.882,169.83599999999998,0.0171,0.0229
27.01.2021 09:56:43.321 GMT+0100,169.853,169.803,0.0171,0.0229
27.01.2021 09:56:44.372 GMT+0100,169.881,169.833,0.0171,0.0229
27.01.2021 09:56:55.597 GMT+0100,169.854,169.80700000000002,0.0171,0.0229
27.01.2021 09:56:56.615 GMT+0100,169.881,169.83599999999998,0.0171,0.0229
27.01.2021 09:56:57.665 GMT+0100,169.851,169.803,0.0171,0.0229
27.01.2021 09:56:58.671 GMT+0100,169.882,169.83599999999998,0.0171,0.0229
27.01.2021 09:57:06.048 GMT+0100,169.84900000000002,169.803,0.0171,0.0229
27.01.2021 09:57:07.023 GMT+0100,169.88,169.838,0.0171,0.0229
27.01.2021 09:57:09.297 GMT+0100,169.847,169.80200000000002,0.0171,0.0229
27.01.2021 09:57:09.921 GMT+0100,169.88400000000001,169.833,0.0171,0.0229
27.01.2021 09:57:31.844 GMT+0100,169.864,169.81900000000002,0.0171,0.0229
27.01.2021 09:57:31.953 GMT+0100,169.88400000000001,169.83700000000002,0.0171,0.0229
27.01.2021 09:57:45.279 GMT+0100,169.85,169.80400000000003,0.0171,0.0229
27.01.2021 09:57:45.456 GMT+0100,169.86700000000002,169.82,0.0171,0.0229
27.01.2021 09:57:45.558 GMT+0100,169.885,169.83400000000003,0.0171,0.0229
27.01.2021 09:58:02.074 GMT+0100,169.854,169.80200000000002,0.0171,0.0229
27.01.2021 09:58:02.502 GMT+0100,169.868,169.822,0.0171,0.0229
27.01.2021 09:58:02.625 GMT+0100,169.883,169.84,0.0171,0.0229
27.01.2021 09:58:03.257 GMT+0100,169.85,169.80700000000002,0.0171,0.0229
27.01.2021 09:58:03.930 GMT+0100,169.881,169.83700000000002,0.0171,0.0229
27.01.2021 09:58:04.757 GMT+0100,169.84900000000002,169.80700000000002,0.0171,0.0229
27.01.2021 09:58:05.767 GMT+0100,169.88,169.83700000000002,0.0171,0.0229
27.01.2021 09:58:14.481 GMT+0100,169.854,169.80700000000002,0.0171,0.0229
27.01.2021 09:58:15.997 GMT+0100,169.883,169.83400000000003,0.0171,0.0229
27.01.2021 09:58:19.670 GMT+0100,169.868,169.824,0.0171,0.0229
27.01.2021 09:58:19.796 GMT+0100,169.85,169.805,0.0171,0.0229
27.01.2021 09:58:49.287 GMT+0100,169.83599999999998,169.787,0.0171,0.0229
27.01.2021 09:58:49.409 GMT+0100,169.85,169.80200000000002,0.0171,0.0229
27.01.2021 09:58:56.046 GMT+0100,169.81900000000002,169.77200000000002,0.0171,0.0229
27.01.2021 09:58:56.627 GMT+0100,169.847,169.805,0.0171,0.0229
27.01.2021 09:59:06.033 GMT+0100,169.822,169.773,0.0171,0.0229
27.01.2021 09:59:07.172 GMT+0100,169.852,169.80599999999998,0.0171,0.0229
27.01.2021 09:59:08.391 GMT+0100,169.815,169.77400000000003,0.0171,0.0229
27.01.2021 09:59:18.207 GMT+0100,169.85,169.80900000000003,0.0171,0.0229
27.01.2021 09:59:59.179 GMT+0100,169.81799999999998,169.77400000000003,0.0171,0.0229
27.01.2021 10:00:00.647 GMT+0100,169.854,169.80200000000002,0.0171,0.0229
27.01.2021 10:01:14.107 GMT+0100,169.82,169.77,0.0171,0.0229
27.01.2021 10:01:25.046 GMT+0100,169.852,169.80900000000003,0.0171,0.0229
27.01.2021 10:02:07.870 GMT+0100,169.882,169.83400000000003,0.0171,0.0229
27.01.2021 10:02:53.766 GMT+0100,169.84900000000002,169.80900000000003,0.0171,0.0229
27.01.2021 10:04:57.672 GMT+0100,169.821,169.77700000000002,0.0171,0.0229
27.01.2021 10:05:43.886 GMT+0100,169.851,169.80900000000003,0.0171,0.0229
27.01.2021 10:09:09.721 GMT+0100,169.817,169.773,0.0171,0.0229
27.01.2021 10:09:22.349 GMT+0100,169.84900000000002,169.80400000000003,0.0171,0.0229
27.01.2021 10:09:29.799 GMT+0100,169.82,169.775,0.0171,0.0229
27.01.2021 10:09:38.218 GMT+0100,169.852,169.80400000000003,0.0171,0.0229
27.01.2021 10:11:20.030 GMT+0100,169.882,169.83700000000002,0.0171,0.0229
27.01.2021 10:11:22.195 GMT+0100,169.868,169.821,0.0171,0.0229
27.01.2021 10:11:22.306 GMT+0100,169.852,169.80700000000002,0.0171,0.0229
27.01.2021 10:11:23.850 GMT+0100,169.882,169.838,0.0171,0.0229
27.01.2021 10:11:30.479 GMT+0100,169.86700000000002,169.822,0.0171,0.0229
27.01.2021 10:11:30.734 GMT+0100,169.852,169.80700000000002,0.0171,0.0229
27.01.2021 10:12:13.121 GMT+0100,169.878,169.835,0.0171,0.0229
27.01.2021 10:12:17.169 GMT+0100,169.852,169.80200000000002,0.0171,0.0229
27.01.2021 10:12:23.113 GMT+0100,169.885,169.83400000000003,0.0171,0.0229
27.01.2021 10:12:28.574 GMT+0100,169.854,169.80900000000003,0.0171,0.0229
27.01.2021 10:12:42.989 GMT+0100,169.882,169.83700000000002,0.0171,0.0229
27.01.2021 10:13:16.069 GMT+0100,169.852,169.80700000000002,0.0171,0.0229
27.01.2021 10:13:16.270 GMT+0100,169.885,169.838,0.0171,0.0229
27.01.2021 10:13:43.183 GMT+0100,169.851,169.805,0.0171,0.0229
27.01.2021 10:13:43.293 GMT+0100,169.868,169.824,0.0171,0.0229
27.01.2021 10:13:45.548 GMT+0100,169.852,169.80599999999998,0.0171,0.0229
27.01.2021 10:13:45.741 GMT+0100,169.88,169.838,0.0171,0.0229
27.01.2021 10:13:47.594 GMT+0100,169.854,169.803,0.0171,0.0229
27.01.2021 10:13:56.870 GMT+0100,169.883,169.83700000000002,0.0171,0.0229
27.01.2021 10:14:32.145 GMT+0100,169.916,169.864,0.0171,0.0229
27.01.2021 10:14:32.365 GMT+0100,169.945,169.896,0.0171,0.0229
27.01.2021 10:14:32.475 GMT+0100,169.91299999999998,169.86599999999999,0.0171,0.0229
27.01.2021 10:14:33.110 GMT+0100,169.945,169.898,0.0171,0.0229
27.01.2021 10:14:33.523 GMT+0100,169.90900000000002,169.865,0.0171,0.0229
27.01.2021 10:14:33.779 GMT+0100,169.945,169.89700000000002,0.0171,0.0229
27.01.2021 10:14:35.412 GMT+0100,169.972,169.93400000000003,0.0171,0.0229
27.01.2021 10:15:17.777 GMT+0100,169.94,169.898,0.0171,0.0229
27.01.2021 10:15:18.737 GMT+0100,169.976,169.93,0.0171,0.0229
27.01.2021 10:15:25.031 GMT+0100,169.942,169.896,0.0171,0.0229
27.01.2021 10:15:49.129 GMT+0100,169.911,169.865,0.0171,0.0229
27.01.2021 10:15:49.537 GMT+0100,169.94299999999998,169.898,0.0171,0.0229
27.01.2021 10:15:52.305 GMT+0100,169.90900000000002,169.868,0.0171,0.0229
27.01.2021 10:15:53.602 GMT+0100,169.94,169.89900000000003,0.0171,0.0229
27.01.2021 10:15:58.013 GMT+0100,169.91400000000002,169.865,0.0171,0.0229
27.01.2021 10:16:32.925 GMT+0100,169.88400000000001,169.84,0.0171,0.0229
27.01.2021 10:16:47.663 GMT+0100,169.854,169.80400000000003,0.0171,0.0229
27.01.2021 10:17:36.927 GMT+0100,169.878,169.84,0.0171,0.0229
27.01.2021 10:18:16.265 GMT+0100,169.85,169.80400000000003,0.0171,0.0229
27.01.2021 10:18:41.741 GMT+0100,169.88,169.83599999999998,0.0171,0.0229
27.01.2021 10:18:47.083 GMT+0100,169.86599999999999,169.822,0.0171,0.0229
27.01.2021 10:18:47.199 GMT+0100,169.847,169.80700000000002,0.0171,0.0229
27.01.2021 10:19:05.237 GMT+0100,169.881,169.835,0.0171,0.0229
27.01.2021 10:19:07.568 GMT+0100,169.851,169.80400000000003,0.0171,0.0229
27.01.2021 10:19:10.738 GMT+0100,169.878,169.84,0.0171,0.0229
27.01.2021 10:19:13.726 GMT+0100,169.851,169.80200000000002,0.0171,0.0229
27.01.2021 10:22:48.892 GMT+0100,169.815,169.77200000000002,0.0171,0.0229
27.01.2021 10:22:50.084 GMT+0100,169.833,169.793,0.0171,0.0229
27.01.2021 10:22:50.193 GMT+0100,169.854,169.80200000000002,0.0171,0.0229
27.01.2021 10:22:53.640 GMT+0100,169.822,169.775,0.0171,0.0229
27.01.2021 10:22:53.775 GMT+0100,169.852,169.80400000000003,0.0171,0.0229
27.01.2021 10:27:24.660 GMT+0100,169.82,169.775,0.0171,0.0229
27.01.2021 10:27:27.831 GMT+0100,169.853,169.805,0.0171,0.0229
27.01.2021 10:28:17.050 GMT+0100,169.81900000000002,169.77700000000002,0.0171,0.0229
27.01.2021 10:28:32.493 GMT+0100,169.852,169.80400000000003,0.0171,0.0229
27.01.2021 10:28:40.878 GMT+0100,169.815,169.771,0.0171,0.0229
27.01.2021 10:28:43.192 GMT+0100,169.85,169.80200000000002,0.0171,0.0229
27.01.2021 10:28:47.600 GMT+0100,169.838,169.791,0.0171,0.0229
27.01.2021 10:28:51.651 GMT+0100,169.81900000000002,169.77200000000002,0.0171,0.0229
27.01.2021 10:28:52.213 GMT+0100,169.831,169.79,0.0171,0.0229
27.01.2021 10:28:52.333 GMT+0100,169.854,169.80900000000003,0.0171,0.0229
27.01.2021 10:28:52.919 GMT+0100,169.83599999999998,169.793,0.0171,0.0229
27.01.2021 10:28:53.673 GMT+0100,169.81900000000002,169.77700000000002,0.0171,0.0229
27.01.2021 10:28:57.883 GMT+0100,169.852,169.80599999999998,0.0171,0.0229
27.01.2021 10:29:12.086 GMT+0100,169.88,169.83700000000002,0.0171,0.0229
27.01.2021 10:29:12.827 GMT+0100,169.853,169.80599999999998,0.0171,0.0229
27.01.2021 10:31:28.705 GMT+0100,169.821,169.77,0.0171,0.0229
27.01.2021 10:31:41.149 GMT+0100,169.847,169.80200000000002,0.0171,0.0229
27.01.2021 10:32:02.930 GMT+0100,169.881,169.835,0.0171,0.0229
27.01.2021 10:32:21.403 GMT+0100,169.911,169.86700000000002,0.0171,0.0229
27.01.2021 10:32:34.401 GMT+0100,169.881,169.833,0.0171,0.0229
27.01.2021 10:32:37.698 GMT+0100,169.854,169.803,0.0171,0.0229
27.01.2021 10:32:41.433 GMT+0100,169.878,169.84,0.0171,0.0229
27.01.2021 10:32:59.160 GMT+0100,169.84900000000002,169.80400000000003,0.0171,0.0229
27.01.2021 10:33:02.504 GMT+0100,169.88400000000001,169.838,0.0171,0.0229
27.01.2021 10:33:06.266 GMT+0100,169.85,169.80400000000003,0.0171,0.0229
27.01.2021 10:33:06.676 GMT+0100,169.88400000000001,169.838,0.0171,0.0229
27.01.2021 10:33:09.361 GMT+0100,169.86200000000002,169.821,0.0171,0.0229
27.01.2021 10:33:09.473 GMT+0100,169.853,169.80200000000002,0.0171,0.0229
27.01.2021 10:33:11.401 GMT+0100,169.88400000000001,169.83700000000002,0.0171,0.0229
27.01.2021 10:34:10.304 GMT+0100,169.85,169.80700000000002,0.0171,0.0229
27.01.2021 10:34:30.651 GMT+0100,169.88,169.83700000000002,0.0171,0.0229
27.01.2021 10:34:44.570 GMT+0100,169.854,169.80599999999998,0.0171,0.0229
27.01.2021 10:36:30.351 GMT+0100,169.88400000000001,169.83400000000003,0.0171,0.0229
27.01.2021 10:36:58.085 GMT+0100,169.852,169.805,0.0171,0.0229
27.01.2021 10:37:00.544 GMT+0100,169.88,169.838,0.0171,0.0229
27.01.2021 10:37:00.783 GMT+0100,169.84900000000002,169.805,0.0171,0.0229
27.01.2021 10:39:47.363 GMT+0100,169.883,169.83599999999998,0.0171,0.0229
27.01.2021 10:39:48.255 GMT+0100,169.84900000000002,169.803,0.0171,0.0229
27.01.2021 10:41:26.788 GMT+0100,169.821,169.77400000000003,0.0171,0.0229
27.01.2021 10:41:29.231 GMT+0100,169.847,169.80200000000002,0.0171,0.0229
27.01.2021 10:41:29.361 GMT+0100,169.821,169.77700000000002,0.0171,0.0229
27.01.2021 10:41:31.225 GMT+0100,169.852,169.80200000000002,0.0171,0.0229
27.01.2021 10:41:32.532 GMT+0100,169.82,169.77400000000003,0.0171,0.0229
27.01.2021 10:43:47.609 GMT+0100,169.853,169.80400000000003,0.0171,0.0229
27.01.2021 10:43:51.261 GMT+0100,169.817,169.773,0.0171,0.0229
27.01.2021 10:44:34.049 GMT+0100,169.853,169.80599999999998,0.0171,0.0229
27.01.2021 10:44:43.630 GMT+0100,169.82,169.77400000000003,0.0171,0.0229
27.01.2021 10:45:53.481 GMT+0100,169.852,169.80700000000002,0.0171,0.0229
27.01.2021 10:45:59.732 GMT+0100,169.821,169.77200000000002,0.0171,0.0229
27.01.2021 10:45:59.899 GMT+0100,169.851,169.80200000000002,0.0171,0.0229
27.01.2021 10:46:16.292 GMT+0100,169.81900000000002,169.771,0.0171,0.0229
27.01.2021 10:46:17.258 GMT+0100,169.84900000000002,169.805,0.0171,0.0229
27.01.2021 10:48:12.217 GMT+0100,169.821,169.773,0.0171,0.0229
27.01.2021 10:48:16.537 GMT+0100,169.83599999999998,169.78900000000002,0.0171,0.0229
27.01.2021 10:48:16.655 GMT+0100,169.854,169.805,0.0171,0.0229
27.01.2021 10:48:16.769 GMT+0100,169.821,169.77700000000002,0.0171,0.0229
27.01.2021 10:48:17.397 GMT+0100,169.84900000000002,169.805,0.0171,0.0229
27.01.2021 10:48:41.178 GMT+0100,169.82,169.77700000000002,0.0171,0.0229
27.01.2021 10:48:41.295 GMT+0100,169.835,169.78799999999998,0.0171,0.0229
27.01.2021 10:48:41.461 GMT+0100,169.82,169.771,0.0171,0.0229
27.01.2021 10:50:12.982 GMT+0100,169.84900000000002,169.80200000000002,0.0171,0.0229
27.01.2021 10:50:13.690 GMT+0100,169.815,169.77400000000003,0.0171,0.0229
27.01.2021 10:50:58.450 GMT+0100,169.853,169.803,0.0171,0.0229
27.01.2021 10:50:59.105 GMT+0100,169.817,169.771,0.0171,0.0229
27.01.2021 10:50:59.369 GMT+0100,169.847,169.80700000000002,0.0171,0.0229
27.01.2021 10:51:04.697 GMT+0100,169.838,169.786,0.0171,0.0229
27.01.2021 10:51:05.439 GMT+0100,169.854,169.80900000000003,0.0171,0.0229
27.01.2021 10:51:06.046 GMT+0100,169.831,169.787,0.0171,0.0229
27.01.2021 10:51:06.153 GMT+0100,169.821,169.77400000000003,0.0171,0.0229
27.01.2021 10:51:09.743 GMT+0100,169.84900000000002,169.80700000000002,0.0171,0.0229
27.01.2021 10:51:11.898 GMT+0100,169.822,169.773,0.0171,0.0229
27.01.2021 10:51:13.165 GMT+0100,169.854,169.80400000000003,0.0171,0.0229
27.01.2021 10:52:02.028 GMT+0100,169.822,169.77200000000002,0.0171,0.0229
27.01.2021 10:52:02.253 GMT+0100,169.852,169.80200000000002,0.0171,0.0229
27.01.2021 10:52:03.961 GMT+0100,169.81900000000002,169.773,0.0171,0.0229
27.01.2021 10:52:04.098 GMT+0100,169.852,169.80599999999998,0.0171,0.0229
27.01.2021 10:52:08.328 GMT+0100,169.81799999999998,169.77200000000002,0.0171,0.0229
27.01.2021 10:55:09.996 GMT+0100,169.78900000000002,169.743,0.0171,0.0229
27.01.2021 10:55:24.831 GMT+0100,169.822,169.775,0.0171,0.0229
27.01.2021 10:55:25.131 GMT+0100,169.786,169.743,0.0171,0.0229
27.01.2021 10:57:01.136 GMT+0100,169.79,169.74400000000003,0.0171,0.0229
27.01.2021 10:57:07.032 GMT+0100,169.81900000000002,169.775,0.0171,0.0229
27.01.2021 10:57:09.776 GMT+0100,169.786,169.74099999999999,0.0171,0.0229
27.01.2021 10:57:45.124 GMT+0100,169.81799999999998,169.773,0.0171,0.0229
27.01.2021 10:58:00.043 GMT+0100,169.786,169.743,0.0171,0.0229
27.01.2021 10:58:00.794 GMT+0100,169.817,169.77400000000003,0.0171,0.0229
27.01.2021 10:58:14.055 GMT+0100,169.78900000000002,169.74400000000003,0.0171,0.0229
27.01.2021 11:00:00.554 GMT+0100,169.81900000000002,169.775,0.0171,0.0229
27.01.2021 11:00:17.217 GMT+0100,169.791,169.743,0.0171,0.0229
27.01.2021 11:00:19.504 GMT+0100,169.817,169.771,0.0171,0.0229
27.01.2021 11:00:21.941 GMT+0100,169.79,169.74099999999999,0.0171,0.0229
27.01.2021 11:00:28.630 GMT+0100,169.80400000000003,169.757,0.0171,0.0229
27.01.2021 11:00:28.927 GMT+0100,169.81799999999998,169.773,0.0171,0.0229
27.01.2021 11:01:09.470 GMT+0100,169.84900000000002,169.80900000000003,0.0171,0.0229
27.01.2021 11:01:09.674 GMT+0100,169.82,169.771,0.0171,0.0229
27.01.2021 11:03:16.462 GMT+0100,169.85,169.80599999999998,0.0171,0.0229
27.01.2021 11:03:28.687 GMT+0100,169.815,169.77,0.0171,0.0229
27.01.2021 11:03:28.819 GMT+0100,169.83599999999998,169.791,0.0171,0.0229
27.01.2021 11:03:28.957 GMT+0100,169.821,169.771,0.0171,0.0229
27.01.2021 11:03:41.559 GMT+0100,169.852,169.805,0.0171,0.0229
27.01.2021 11:05:05.627 GMT+0100,169.881,169.83599999999998,0.0171,0.0229
27.01.2021 11:05:06.077 GMT+0100,169.85,169.803,0.0171,0.0229
27.01.2021 11:05:06.433 GMT+0100,169.885,169.838,0.0171,0.0229
27.01.2021 11:05:07.241 GMT+0100,169.865,169.824,0.0171,0.0229
27.01.2021 11:05:07.351 GMT+0100,169.853,169.80700000000002,0.0171,0.0229
27.01.2021 11:06:18.526 GMT+0100,169.882,169.83700000000002,0.0171,0.0229
27.01.2021 11:06:18.641 GMT+0100,169.847,169.80900000000003,0.0171,0.0229
27.01.2021 11:08:39.886 GMT+0100,169.88,169.833,0.0171,0.0229
27.01.2021 11:08:40.546 GMT+0100,169.852,169.80400000000003,0.0171,0.0229
27.01.2021 11:11:01.619 GMT+0100,169.88,169.84,0.0171,0.0229
27.01.2021 11:11:01.891 GMT+0100,169.847,169.80700000000002,0.0171,0.0229
27.01.2021 11:11:02.208 GMT+0100,169.88400000000001,169.83400000000003,0.0171,0.0229
27.01.2021 11:11:05.248 GMT+0100,169.85,169.80700000000002,0.0171,0.0229
27.01.2021 11:11:05.407 GMT+0100,169.88400000000001,169.84,0.0171,0.0229
27.01.2021 11:11:15.619 GMT+0100,169.854,169.80400000000003,0.0171,0.0229
27.01.2021 11:11:15.728 GMT+0100,169.881,169.835,0.0171,0.0229
27.01.2021 11:11:24.803 GMT+0100,169.85,169.805,0.0171,0.0229
27.01.2021 11:12:25.414 GMT+0100,169.878,169.838,0.0171,0.0229
27.01.2021 11:12:26.105 GMT+0100,169.852,169.80900000000003,0.0171,0.0229
27.01.2021 11:12:26.236 GMT+0100,169.86200000000002,169.824,0.0171,0.0229
27.01.2021 11:12:27.134 GMT+0100,169.853,169.805,0.0171,0.0229
27.01.2021 11:12:27.288 GMT+0100,169.883,169.84,0.0171,0.0229
27.01.2021 11:12:53.793 GMT+0100,169.85,169.80599999999998,0.0171,0.0229
27.01.2021 11:14:34.250 GMT+0100,169.815,169.771,0.0171,0.0229
27.01.2021 11:15:03.838 GMT+0100,169.852,169.805,0.0171,0.0229
27.01.2021 11:19:32.241 GMT+0100,169.81799999999998,169.77,0.0171,0.0229
27.01.2021 11:19:32.403 GMT+0100,169.838,169.787,0.0171,0.0229
27.01.2021 11:19:33.217 GMT+0100,169.853,169.805,0.0171,0.0229
27.01.2021 11:19:53.376 GMT+0100,169.815,169.771,0.0171,0.0229
27.01.2021 11:19:53.620 GMT+0100,169.838,169.793,0.0171,0.0229
27.01.2021 11:19:54.104 GMT+0100,169.82,169.77700000000002,0.0171,0.0229
27.01.2021 11:22:09.663 GMT+0100,169.84900000000002,169.80700000000002,0.0171,0.0229
27.01.2021 11:22:15.581 GMT+0100,169.81900000000002,169.771,0.0171,0.0229
27.01.2021 11:22:15.717 GMT+0100,169.838,169.78900000000002,0.0171,0.0229
27.01.2021 11:22:15.852 GMT+0100,169.851,169.80400000000003,0.0171,0.0229
27.01.2021 11:22:17.367 GMT+0100,169.82,169.773,0.0171,0.0229
27.01.2021 11:22:52.273 GMT+0100,169.786,169.743,0.0171,0.0229
27.01.2021 11:28:53.500 GMT+0100,169.756,169.71099999999998,0.0171,0.0229
27.01.2021 11:29:20.205 GMT+0100,169.722,169.68,0.0171,0.0229
27.01.2021 11:29:20.641 GMT+0100,169.753,169.713,0.0171,0.0229
27.01.2021 11:29:23.893 GMT+0100,169.729,169.68099999999998,0.0171,0.0229
27.01.2021 11:29:24.292 GMT+0100,169.755,169.715,0.0171,0.0229
27.01.2021 11:29:24.461 GMT+0100,169.72400000000002,169.67900000000003,0.0171,0.0229
27.01.2021 11:29:24.856 GMT+0100,169.757,169.70900000000003,0.0171,0.0229
27.01.2021 11:29:24.960 GMT+0100,169.74,169.692,0.0171,0.0229
27.01.2021 11:29:25.079 GMT+0100,169.725,169.678,0.0171,0.0229
27.01.2021 11:29:25.517 GMT+0100,169.758,169.71,0.0171,0.0229
27.01.2021 11:29:25.865 GMT+0100,169.729,169.68099999999998,0.0171,0.0229
27.01.2021 11:29:35.847 GMT+0100,169.75900000000001,169.70900000000003,0.0171,0.0229
27.01.2021 11:29:55.548 GMT+0100,169.72400000000002,169.68200000000002,0.0171,0.0229
27.01.2021 11:29:55.900 GMT+0100,169.76,169.71,0.0171,0.0229
27.01.2021 11:29:56.564 GMT+0100,169.72400000000002,169.67700000000002,0.0171,0.0229
27.01.2021 11:30:03.225 GMT+0100,169.739,169.696,0.0171,0.0229
27.01.2021 11:30:03.332 GMT+0100,169.758,169.71200000000002,0.0171,0.0229
27.01.2021 11:30:03.657 GMT+0100,169.72400000000002,169.68400000000003,0.0171,0.0229
27.01.2021 11:30:05.356 GMT+0100,169.758,169.71200000000002,0.0171,0.0229
27.01.2021 11:30:36.841 GMT+0100,169.727,169.68400000000003,0.0171,0.0229
27.01.2021 11:31:09.569 GMT+0100,169.755,169.71,0.0171,0.0229
27.01.2021 11:31:17.546 GMT+0100,169.726,169.68099999999998,0.0171,0.0229
27.01.2021 11:31:17.706 GMT+0100,169.753,169.71,0.0171,0.0229
27.01.2021 11:31:32.358 GMT+0100,169.722,169.678,0.0171,0.0229
27.01.2021 11:31:32.631 GMT+0100,169.739,169.697,0.0171,0.0229
27.01.2021 11:31:33.566 GMT+0100,169.75900000000001,169.71099999999998,0.0171,0.0229
27.01.2021 11:31:35.565 GMT+0100,169.729,169.67900000000003,0.0171,0.0229
27.01.2021 11:31:35.739 GMT+0100,169.757,169.715,0.0171,0.0229
27.01.2021 11:32:28.246 GMT+0100,169.725,169.68099999999998,0.0171,0.0229
27.01.2021 11:32:39.359 GMT+0100,169.757,169.708,0.0171,0.0229
27.01.2021 11:32:44.716 GMT+0100,169.72400000000002,169.678,0.0171,0.0229
27.01.2021 11:32:47.371 GMT+0100,169.758,169.713,0.0171,0.0229
27.01.2021 11:33:12.623 GMT+0100,169.72400000000002,169.67700000000002,0.0171,0.0229
27.01.2021 11:33:28.165 GMT+0100,169.755,169.713,0.0171,0.0229
27.01.2021 11:33:28.460 GMT+0100,169.727,169.68200000000002,0.0171,0.0229
27.01.2021 11:33:29.520 GMT+0100,169.74400000000003,169.692,0.0171,0.0229
27.01.2021 11:33:29.624 GMT+0100,169.729,169.68099999999998,0.0171,0.0229
27.01.2021 11:33:30.970 GMT+0100,169.758,169.713,0.0171,0.0229
27.01.2021 11:33:31.991 GMT+0100,169.729,169.67700000000002,0.0171,0.0229
27.01.2021 11:34:09.399 GMT+0100,169.697,169.65,0.0171,0.0229
27.01.2021 11:34:23.834 GMT+0100,169.666,169.61900000000003,0.0171,0.0229
27.01.2021 11:34:24.033 GMT+0100,169.692,169.645,0.0171,0.0229
27.01.2021 11:34:25.868 GMT+0100,169.662,169.61599999999999,0.0171,0.0229
27.01.2021 11:34:26.057 GMT+0100,169.695,169.64900000000003,0.0171,0.0229
27.01.2021 11:34:26.161 GMT+0100,169.666,169.614,0.0171,0.0229
27.01.2021 11:34:28.127 GMT+0100,169.697,169.65200000000002,0.0171,0.0229
27.01.2021 11:34:30.824 GMT+0100,169.662,169.61900000000003,0.0171,0.0229
27.01.2021 11:34:31.008 GMT+0100,169.695,169.648,0.0171,0.0229
27.01.2021 11:34:33.001 GMT+0100,169.66400000000002,169.61700000000002,0.0171,0.0229
27.01.2021 11:34:42.570 GMT+0100,169.692,169.64700000000002,0.0171,0.0229
27.01.2021 11:34:46.206 GMT+0100,169.67700000000002,169.637,0.0171,0.0229
27.01.2021 11:34:47.199 GMT+0100,169.692,169.65,0.0171,0.0229
27.01.2021 11:34:54.672 GMT+0100,169.71,169.666,0.0171,0.0229
27.01.2021 11:34:54.920 GMT+0100,169.725,169.67700000000002,0.0171,0.0229
27.01.2021 11:35:08.477 GMT+0100,169.755,169.70900000000003,0.0171,0.0229
27.01.2021 11:35:10.199 GMT+0100,169.72400000000002,169.67700000000002,0.0171,0.0229
27.01.2021 11:35:14.669 GMT+0100,169.757,169.71099999999998,0.0171,0.0229
27.01.2021 11:35:14.839 GMT+0100,169.722,169.68400000000003,0.0171,0.0229
27.01.2021 11:35:15.096 GMT+0100,169.739,169.699,0.0171,0.0229
27.01.2021 11:35:15.246 GMT+0100,169.757,169.713,0.0171,0.0229
27.01.2021 11:35:16.193 GMT+0100,169.728,169.68400000000003,0.0171,0.0229
27.01.2021 11:35:17.728 GMT+0100,169.76,169.70900000000003,0.0171,0.0229
27.01.2021 11:35:17.966 GMT+0100,169.726,169.68200000000002,0.0171,0.0229
27.01.2021 11:35:47.010 GMT+0100,169.756,169.71,0.0171,0.0229
27.01.2021 11:35:47.506 GMT+0100,169.743,169.695,0.0171,0.0229
27.01.2021 11:35:55.467 GMT+0100,169.756,169.71,0.0171,0.0229
27.01.2021 11:36:55.995 GMT+0100,169.722,169.678,0.0171,0.0229
27.01.2021 11:37:37.047 GMT+0100,169.75900000000001,169.713,0.0171,0.0229
27.01.2021 11:38:00.070 GMT+0100,169.72400000000002,169.68099999999998,0.0171,0.0229
27.01.2021 11:38:45.378 GMT+0100,169.69299999999998,169.65,0.0171,0.0229
27.01.2021 11:39:25.448 GMT+0100,169.727,169.68,0.0171,0.0229
27.01.2021 11:39:52.869 GMT+0100,169.69400000000002,169.65,0.0171,0.0229
27.01.2021 11:39:55.492 GMT+0100,169.725,169.67900000000003,0.0171,0.0229
27.01.2021 11:39:55.710 GMT+0100,169.692,169.65,0.0171,0.0229
27.01.2021 11:39:55.874 GMT+0100,169.722,169.68,0.0171,0.0229
27.01.2021 11:39:58.418 GMT+0100,169.695,169.64900000000003,0.0171,0.0229
27.01.2021 11:40:44.480 GMT+0100,169.72400000000002,169.68,0.0171,0.0229
27.01.2021 11:40:56.374 GMT+0100,169.69299999999998,169.65200000000002,0.0171,0.0229
27.01.2021 11:41:07.045 GMT+0100,169.729,169.68,0.0171,0.0229
27.01.2021 11:41:17.863 GMT+0100,169.696,169.645,0.0171,0.0229
27.01.2021 11:42:16.096 GMT+0100,169.726,169.67900000000003,0.0171,0.0229
27.01.2021 11:42:58.678 GMT+0100,169.758,169.71200000000002,0.0171,0.0229
27.01.2021 11:43:06.929 GMT+0100,169.728,169.678,0.0171,0.0229
27.01.2021 11:43:20.834 GMT+0100,169.74400000000003,169.69299999999998,0.0171,0.0229
27.01.2021 11:43:20.938 GMT+0100,169.755,169.713,0.0171,0.0229
27.01.2021 11:44:04.344 GMT+0100,169.727,169.678,0.0171,0.0229
27.01.2021 11:44:05.439 GMT+0100,169.757,169.71,0.0171,0.0229
27.01.2021 11:44:06.510 GMT+0100,169.753,169.708,0.0171,0.0229
27.01.2021 11:44:34.803 GMT+0100,169.727,169.68200000000002,0.0171,0.0229
27.01.2021 11:44:35.113 GMT+0100,169.757,169.708,0.0171,0.0229
27.01.2021 11:48:18.439 GMT+0100,169.786,169.743,0.0171,0.0229
27.01.2021 11:48:22.844 GMT+0100,169.758,169.715,0.0171,0.0229
27.01.2021 11:49:32.147 GMT+0100,169.79,169.739,0.0171,0.0229
27.01.2021 11:49:32.894 GMT+0100,169.756,169.71,0.0171,0.0229
27.01.2021 11:49:40.012 GMT+0100,169.77400000000003,169.725,0.0171,0.0229
27.01.2021 11:49:40.228 GMT+0100,169.787,169.739,0.0171,0.0229
27.01.2021 11:49:44.905 GMT+0100,169.81900000000002,169.77,0.0171,0.0229
27.01.2021 11:49:45.082 GMT+0100,169.78799999999998,169.743,0.0171,0.0229
27.01.2021 11:51:12.227 GMT+0100,169.817,169.773,0.0171,0.0229
27.01.2021 11:51:13.074 GMT+0100,169.79,169.74400000000003,0.0171,0.0229
27.01.2021 11:51:14.565 GMT+0100,169.822,169.773,0.0171,0.0229
27.01.2021 11:51:17.064 GMT+0100,169.787,169.74099999999999,0.0171,0.0229
27.01.2021 11:52:14.813 GMT+0100,169.756,169.70900000000003,0.0171,0.0229
27.01.2021 11:52:18.807 GMT+0100,169.791,169.74099999999999,0.0171,0.0229
27.01.2021 11:52:19.785 GMT+0100,169.755,169.71099999999998,0.0171,0.0229
27.01.2021 11:52:25.585 GMT+0100,169.786,169.74400000000003,0.0171,0.0229
27.01.2021 11:52:26.219 GMT+0100,169.757,169.708,0.0171,0.0229
27.01.2021 11:52:26.556 GMT+0100,169.78400000000002,169.74599999999998,0.0171,0.0229
27.01.2021 11:52:26.969 GMT+0100,169.75900000000001,169.71,0.0171,0.0229
27.01.2021 11:52:46.952 GMT+0100,169.79,169.74400000000003,0.0171,0.0229
27.01.2021 11:53:20.400 GMT+0100,169.821,169.77200000000002,0.0171,0.0229
27.01.2021 11:56:19.545 GMT+0100,169.787,169.74599999999998,0.0171,0.0229
27.01.2021 11:56:24.190 GMT+0100,169.81900000000002,169.77400000000003,0.0171,0.0229
27.01.2021 11:58:47.666 GMT+0100,169.847,169.80700000000002,0.0171,0.0229
27.01.2021 11:58:48.831 GMT+0100,169.815,169.771,0.0171,0.0229
27.01.2021 11:59:21.493 GMT+0100,169.83700000000002,169.78799999999998,0.0171,0.0229
27.01.2021 11:59:21.690 GMT+0100,169.817,169.77200000000002,0.0171,0.0229
27.01.2021 11:59:25.178 GMT+0100,169.854,169.80700000000002,0.0171,0.0229
27.01.2021 12:00:21.701 GMT+0100,169.885,169.84,0.0171,0.0229
27.01.2021 12:00:21.818 GMT+0100,169.86200000000002,169.817,0.0171,0.0229
27.01.2021 12:00:21.933 GMT+0100,169.881,169.83700000000002,0.0171,0.0229
27.01.2021 12:00:22.685 GMT+0100,169.852,169.80200000000002,0.0171,0.0229
27.01.2021 12:01:00.885 GMT+0100,169.882,169.838,0.0171,0.0229
27.01.2021 12:01:01.069 GMT+0100,169.84900000000002,169.80700000000002,0.0171,0.0229
27.01.2021 12:01:09.883 GMT+0100,169.86900000000003,169.817,0.0171,0.0229
27.01.2021 12:01:09.988 GMT+0100,169.85,169.80900000000003,0.0171,0.0229
27.01.2021 12:01:10.267 GMT+0100,169.885,169.83700000000002,0.0171,0.0229
27.01.2021 12:02:38.921 GMT+0100,169.911,169.865,0.0171,0.0229
27.01.2021 12:04:33.952 GMT+0100,169.88400000000001,169.83700000000002,0.0171,0.0229
27.01.2021 12:07:41.663 GMT+0100,169.852,169.803,0.0171,0.0229
27.01.2021 12:07:46.244 GMT+0100,169.878,169.84,0.0171,0.0229
27.01.2021 12:07:48.753 GMT+0100,169.853,169.805,0.0171,0.0229
27.01.2021 12:07:49.554 GMT+0100,169.881,169.83400000000003,0.0171,0.0229
27.01.2021 12:07:49.757 GMT+0100,169.85,169.805,0.0171,0.0229
27.01.2021 12:07:50.212 GMT+0100,169.86200000000002,169.81799999999998,0.0171,0.0229
27.01.2021 12:07:53.283 GMT+0100,169.881,169.84,0.0171,0.0229
27.01.2021 12:07:55.719 GMT+0100,169.854,169.803,0.0171,0.0229
27.01.2021 12:07:56.627 GMT+0100,169.878,169.833,0.0171,0.0229
27.01.2021 12:07:58.364 GMT+0100,169.84900000000002,169.80200000000002,0.0171,0.0229
27.01.2021 12:08:14.175 GMT+0100,169.81900000000002,169.771,0.0171,0.0229
27.01.2021 12:08:14.957 GMT+0100,169.851,169.80400000000003,0.0171,0.0229
27.01.2021 12:08:45.154 GMT+0100,169.822,169.771,0.0171,0.0229
27.01.2021 12:11:42.154 GMT+0100,169.79,169.743,0.0171,0.0229
27.01.2021 12:11:42.664 GMT+0100,169.817,169.77,0.0171,0.0229
27.01.2021 12:12:50.715 GMT+0100,169.78900000000002,169.74,0.0171,0.0229
27.01.2021 12:12:55.917 GMT+0100,169.81799999999998,169.775,0.0171,0.0229
27.01.2021 12:12:56.398 GMT+0100,169.79,169.74400000000003,0.0171,0.0229
27.01.2021 12:12:56.507 GMT+0100,169.82,169.771,0.0171,0.0229
27.01.2021 12:21:33.814 GMT+0100,169.853,169.803,0.0171,0.0229
27.01.2021 12:22:02.316 GMT+0100,169.81900000000002,169.771,0.0171,0.0229
27.01.2021 12:23:35.018 GMT+0100,169.84900000000002,169.805,0.0171,0.0229
27.01.2021 12:23:46.942 GMT+0100,169.815,169.77,0.0171,0.0229
27.01.2021 12:23:47.118 GMT+0100,169.854,169.80599999999998,0.0171,0.0229
27.01.2021 12:23:47.396 GMT+0100,169.822,169.77700000000002,0.0171,0.0229
27.01.2021 12:23:47.656 GMT+0100,169.83700000000002,169.786,0.0171,0.0229
27.01.2021 12:23:48.467 GMT+0100,169.821,169.77200000000002,0.0171,0.0229
27.01.2021 12:24:21.410 GMT+0100,169.83599999999998,169.78799999999998,0.0171,0.0229
27.01.2021 12:24:21.875 GMT+0100,169.85,169.80900000000003,0.0171,0.0229
27.01.2021 12:25:43.628 GMT+0100,169.88400000000001,169.83700000000002,0.0171,0.0229
27.01.2021 12:25:46.418 GMT+0100,169.853,169.803,0.0171,0.0229
27.01.2021 12:26:20.789 GMT+0100,169.885,169.838,0.0171,0.0229
27.01.2021 12:27:12.514 GMT+0100,169.847,169.80700000000002,0.0171,0.0229
27.01.2021 12:27:15.067 GMT+0100,169.88,169.835,0.0171,0.0229
27.01.2021 12:28:08.029 GMT+0100,169.853,169.80200000000002,0.0171,0.0229
27.01.2021 12:28:08.323 GMT+0100,169.882,169.83599999999998,0.0171,0.0229
27.01.2021 12:28:21.229 GMT+0100,169.85,169.80900000000003,0.0171,0.0229
27.01.2021 12:28:21.426 GMT+0100,169.878,169.84,0.0171,0.0229
27.01.2021 12:28:22.612 GMT+0100,169.84900000000002,169.803,0.0171,0.0229
27.01.2021 12:28:23.231 GMT+0100,169.885,169.83599999999998,0.0171,0.0229
27.01.2021 12:28:23.829 GMT+0100,169.84900000000002,169.80900000000003,0.0171,0.0229
27.01.2021 12:28:36.768 GMT+0100,169.88,169.838,0.0171,0.0229
27.01.2021 12:29:50.140 GMT+0100,169.84900000000002,169.80400000000003,0.0171,0.0229
27.01.2021 12:29:55.556 GMT+0100,169.878,169.838,0.0171,0.0229
27.01.2021 12:29:55.888 GMT+0100,169.847,169.803,0.0171,0.0229
27.01.2021 12:30:09.831 GMT+0100,169.883,169.833,0.0171,0.0229
27.01.2021 12:30:09.982 GMT+0100,169.852,169.805,0.0171,0.0229
27.01.2021 12:30:10.125 GMT+0100,169.88,169.83700000000002,0.0171,0.0229
27.01.2021 12:32:33.982 GMT+0100,169.851,169.80599999999998,0.0171,0.0229
27.01.2021 12:32:49.129 GMT+0100,169.882,169.835,0.0171,0.0229
27.01.2021 12:32:49.301 GMT+0100,169.852,169.803,0.0171,0.0229
27.01.2021 12:32:50.143 GMT+0100,169.883,169.838,0.0171,0.0229
27.01.2021 12:32:52.319 GMT+0100,169.84900000000002,169.80400000000003,0.0171,0.0229
27.01.2021 12:32:52.420 GMT+0100,169.882,169.833,0.0171,0.0229
27.01.2021 12:32:52.903 GMT+0100,169.853,169.80900000000003,0.0171,0.0229
27.01.2021 12:32:54.894 GMT+0100,169.86700000000002,169.824,0.0171,0.0229
27.01.2021 12:32:55.277 GMT+0100,169.84900000000002,169.805,0.0171,0.0229
27.01.2021 12:32:55.446 GMT+0100,169.882,169.83599999999998,0.0171,0.0229
27.01.2021 12:32:57.500 GMT+0100,169.853,169.80599999999998,0.0171,0.0229
27.01.2021 12:33:22.406 GMT+0100,169.88,169.84,0.0171,0.0229
27.01.2021 12:35:04.024 GMT+0100,169.91299999999998,169.86900000000003,0.0171,0.0229
27.01.2021 12:35:37.344 GMT+0100,169.94,169.89900000000003,0.0171,0.0229
27.01.2021 12:35:38.198 GMT+0100,169.911,169.865,0.0171,0.0229
27.01.2021 12:35:59.131 GMT+0100,169.94400000000002,169.895,0.0171,0.0229
27.01.2021 12:36:00.869 GMT+0100,169.91299999999998,169.865,0.0171,0.0229
27.01.2021 12:36:09.092 GMT+0100,169.94400000000002,169.90200000000002,0.0171,0.0229
27.01.2021 12:36:10.119 GMT+0100,169.91400000000002,169.86599999999999,0.0171,0.0229
27.01.2021 12:36:10.348 GMT+0100,169.925,169.882,0.0171,0.0229
27.01.2021 12:36:10.480 GMT+0100,169.91299999999998,169.87099999999998,0.0171,0.0229
27.01.2021 12:36:21.108 GMT+0100,169.945,169.9,0.0171,0.0229
27.01.2021 12:37:12.969 GMT+0100,169.97400000000002,169.92700000000002,0.0171,0.0229
27.01.2021 12:37:13.133 GMT+0100,169.94,169.89900000000003,0.0171,0.0229
27.01.2021 12:37:22.985 GMT+0100,169.978,169.92700000000002,0.0171,0.0229
27.01.2021 12:37:26.660 GMT+0100,169.94400000000002,169.90200000000002,0.0171,0.0229
27.01.2021 12:37:27.982 GMT+0100,169.976,169.92700000000002,0.0171,0.0229
27.01.2021 12:37:28.134 GMT+0100,169.946,169.89700000000002,0.0171,0.0229
27.01.2021 12:37:28.816 GMT+0100,169.958,169.91400000000002,0.0171,0.0229
27.01.2021 12:37:28.930 GMT+0100,169.975,169.93400000000003,0.0171,0.0229
27.01.2021 12:38:13.145 GMT+0100,170.01,169.95900000000003,0.0171,0.0229
27.01.2021 12:38:17.683 GMT+0100,169.977,169.92700000000002,0.0171,0.0229
27.01.2021 12:38:34.612 GMT+0100,170.00900000000001,169.96099999999998,0.0171,0.0229
27.01.2021 12:38:41.907 GMT+0100,169.976,169.93,0.0171,0.0229
27.01.2021 12:38:55.113 GMT+0100,169.99200000000002,169.945,0.0171,0.0229
27.01.2021 12:38:55.247 GMT+0100,169.972,169.92700000000002,0.0171,0.0229
27.01.2021 12:38:57.734 GMT+0100,170.00900000000001,169.96200000000002,0.0171,0.0229
27.01.2021 12:39:00.682 GMT+0100,169.979,169.93,0.0171,0.0229
27.01.2021 12:39:00.993 GMT+0100,170.003,169.96099999999998,0.0171,0.0229
27.01.2021 12:39:01.848 GMT+0100,169.976,169.92900000000003,0.0171,0.0229
27.01.2021 12:39:04.502 GMT+0100,170.01,169.96,0.0171,0.0229
27.01.2021 12:39:05.285 GMT+0100,169.978,169.93,0.0171,0.0229
27.01.2021 12:39:06.430 GMT+0100,169.99099999999999,169.945,0.0171,0.0229
27.01.2021 12:39:06.563 GMT+0100,170.008,169.958,0.0171,0.0229
27.01.2021 12:39:13.745 GMT+0100,169.975,169.93200000000002,0.0171,0.0229
27.01.2021 12:41:01.251 GMT+0100,170.00900000000001,169.965,0.0171,0.0229
27.01.2021 12:41:06.970 GMT+0100,169.977,169.92700000000002,0.0171,0.0229
27.01.2021 12:41:32.125 GMT+0100,170.008,169.963,0.0171,0.0229
27.01.2021 12:41:32.878 GMT+0100,169.98700000000002,169.94299999999998,0.0171,0.0229
27.01.2021 12:41:33.033 GMT+0100,169.975,169.928,0.0171,0.0229
27.01.2021 12:42:14.983 GMT+0100,169.98700000000002,169.94400000000002,0.0171,0.0229
27.01.2021 12:42:15.122 GMT+0100,169.976,169.92700000000002,0.0171,0.0229
27.01.2021 12:43:13.954 GMT+0100,170.006,169.95900000000003,0.0171,0.0229
27.01.2021 12:43:14.124 GMT+0100,169.979,169.93,0.0171,0.0229
27.01.2021 12:44:16.290 GMT+0100,169.945,169.898,0.0171,0.0229
27.01.2021 12:44:22.490 GMT+0100,169.975,169.92700000000002,0.0171,0.0229
27.01.2021 12:44:28.825 GMT+0100,169.947,169.898,0.0171,0.0229
27.01.2021 12:44:34.542 GMT+0100,169.972,169.93099999999998,0.0171,0.0229
27.01.2021 12:44:39.119 GMT+0100,169.946,169.90200000000002,0.0171,0.0229
27.01.2021 12:45:12.036 GMT+0100,169.975,169.93099999999998,0.0171,0.0229
27.01.2021 12:46:39.362 GMT+0100,170.01,169.96,0.0171,0.0229
27.01.2021 12:46:40.154 GMT+0100,169.97400000000002,169.93400000000003,0.0171,0.0229
27.01.2021 12:46:41.605 GMT+0100,170.008,169.965,0.0171,0.0229
27.01.2021 12:46:43.294 GMT+0100,169.97400000000002,169.928,0.0171,0.0229
27.01.2021 12:46:43.984 GMT+0100,170.007,169.96200000000002,0.0171,0.0229
27.01.2021 12:46:44.687 GMT+0100,169.976,169.92900000000003,0.0171,0.0229
27.01.2021 12:46:49.872 GMT+0100,170.01,169.958,0.0171,0.0229
27.01.2021 12:47:40.166 GMT+0100,170.03799999999998,169.989,0.0171,0.0229
27.01.2021 12:47:41.508 GMT+0100,170.003,169.965,0.0171,0.0229
27.01.2021 12:47:42.023 GMT+0100,170.04,169.989,0.0171,0.0229
27.01.2021 12:47:44.208 GMT+0100,170.01,169.96200000000002,0.0171,0.0229
27.01.2021 12:47:44.406 GMT+0100,170.037,169.989,0.0171,0.0229
27.01.2021 12:47:44.563 GMT+0100,170.008,169.963,0.0171,0.0229
27.01.2021 12:47:45.491 GMT+0100,170.03900000000002,169.99400000000003,0.0171,0.0229
27.01.2021 12:48:05.753 GMT+0100,170.06900000000002,170.023,0.0171,0.0229
27.01.2021 12:48:11.674 GMT+0100,170.03400000000002,169.99400000000003,0.0171,0.0229
27.01.2021 12:48:13.438 GMT+0100,170.06900000000002,170.023,0.0171,0.0229
27.01.2021 12:48:22.849 GMT+0100,170.041,169.99200000000002,0.0171,0.0229
27.01.2021 12:48:23.611 GMT+0100,170.072,170.02200000000002,0.0171,0.0229
27.01.2021 12:48:35.911 GMT+0100,170.06900000000002,170.023,0.0171,0.0229
27.01.2021 12:48:36.918 GMT+0100,170.097,170.053,0.0171,0.0229
27.01.2021 12:48:48.839 GMT+0100,170.101,170.055,0.0171,0.0229
27.01.2021 12:48:51.259 GMT+0100,170.067,170.02700000000002,0.0171,0.0229
27.01.2021 12:48:51.796 GMT+0100,170.101,170.05599999999998,0.0171,0.0229
27.01.2021 12:48:52.028 GMT+0100,170.06900000000002,170.023,0.0171,0.0229
27.01.2021 12:48:53.004 GMT+0100,170.103,170.05200000000002,0.0171,0.0229
27.01.2021 12:48:56.886 GMT+0100,170.07,170.02,0.0171,0.0229
27.01.2021 12:48:56.988 GMT+0100,170.104,170.05599999999998,0.0171,0.0229
27.01.2021 12:48:58.015 GMT+0100,170.07,170.02700000000002,0.0171,0.0229
27.01.2021 12:48:58.452 GMT+0100,170.102,170.05900000000003,0.0171,0.0229
27.01.2021 12:49:16.593 GMT+0100,170.07,170.02,0.0171,0.0229
27.01.2021 12:49:26.526 GMT+0100,170.103,170.053,0.0171,0.0229
27.01.2021 12:49:30.286 GMT+0100,170.071,170.023,0.0171,0.0229
27.01.2021 12:49:31.158 GMT+0100,170.104,170.05599999999998,0.0171,0.0229
27.01.2021 12:49:35.631 GMT+0100,170.06799999999998,170.02,0.0171,0.0229
27.01.2021 12:49:36.688 GMT+0100,170.09900000000002,170.05900000000003,0.0171,0.0229
27.01.2021 12:49:42.579 GMT+0100,170.06799999999998,170.02700000000002,0.0171,0.0229
27.01.2021 12:50:00.640 GMT+0100,170.08700000000002,170.036,0.0171,0.0229
27.01.2021 12:50:01.085 GMT+0100,170.09900000000002,170.05599999999998,0.0171,0.0229
27.01.2021 12:50:01.201 GMT+0100,170.06900000000002,170.021,0.0171,0.0229
27.01.2021 12:50:01.539 GMT+0100,170.09900000000002,170.05200000000002,0.0171,0.0229
27.01.2021 12:50:02.125 GMT+0100,170.072,170.021,0.0171,0.0229
27.01.2021 12:50:04.841 GMT+0100,170.09900000000002,170.05599999999998,0.0171,0.0229
27.01.2021 12:50:21.889 GMT+0100,170.072,170.023,0.0171,0.0229
27.01.2021 12:50:22.764 GMT+0100,170.097,170.05700000000002,0.0171,0.0229
27.01.2021 12:53:00.253 GMT+0100,170.072,170.02200000000002,0.0171,0.0229
27.01.2021 12:53:03.040 GMT+0100,170.085,170.043,0.0171,0.0229
27.01.2021 12:53:03.539 GMT+0100,170.097,170.05900000000003,0.0171,0.0229
27.01.2021 12:53:06.501 GMT+0100,170.06799999999998,170.021,0.0171,0.0229
27.01.2021 12:53:08.497 GMT+0100,170.102,170.05200000000002,0.0171,0.0229
27.01.2021 12:53:15.310 GMT+0100,170.07,170.025,0.0171,0.0229
27.01.2021 12:53:32.941 GMT+0100,170.037,169.99599999999998,0.0171,0.0229
27.01.2021 12:53:33.281 GMT+0100,170.06799999999998,170.02200000000002,0.0171,0.0229
27.01.2021 12:53:40.107 GMT+0100,170.041,169.989,0.0171,0.0229
27.01.2021 12:53:44.150 GMT+0100,170.06799999999998,170.02,0.0171,0.0229
27.01.2021 12:54:01.672 GMT+0100,170.036,169.99099999999999,0.0171,0.0229
27.01.2021 12:54:02.101 GMT+0100,170.06900000000002,170.02200000000002,0.0171,0.0229
27.01.2021 12:54:20.908 GMT+0100,170.03799999999998,169.99200000000002,0.0171,0.0229
27.01.2021 12:54:21.829 GMT+0100,170.071,170.02200000000002,0.0171,0.0229
27.01.2021 12:56:48.483 GMT+0100,170.104,170.05200000000002,0.0171,0.0229
27.01.2021 12:56:51.096 GMT+0100,170.07,170.02700000000002,0.0171,0.0229
27.01.2021 12:56:52.695 GMT+0100,170.097,170.053,0.0171,0.0229
27.01.2021 12:56:52.804 GMT+0100,170.06799999999998,170.021,0.0171,0.0229
27.01.2021 12:56:59.815 GMT+0100,170.1,170.05900000000003,0.0171,0.0229
27.01.2021 12:57:01.129 GMT+0100,170.071,170.02400000000003,0.0171,0.0229
27.01.2021 12:57:03.425 GMT+0100,170.08599999999998,170.03900000000002,0.0171,0.0229
27.01.2021 12:57:03.624 GMT+0100,170.071,170.02,0.0171,0.0229
27.01.2021 12:57:04.395 GMT+0100,170.1,170.05599999999998,0.0171,0.0229
27.01.2021 12:57:05.257 GMT+0100,170.065,170.02,0.0171,0.0229
27.01.2021 12:57:09.506 GMT+0100,170.097,170.05900000000003,0.0171,0.0229
27.01.2021 12:57:12.641 GMT+0100,170.06900000000002,170.023,0.0171,0.0229
27.01.2021 12:57:14.471 GMT+0100,170.102,170.053,0.0171,0.0229
27.01.2021 12:58:35.461 GMT+0100,170.071,170.025,0.0171,0.0229
27.01.2021 12:58:40.307 GMT+0100,170.103,170.053,0.0171,0.0229
27.01.2021 12:58:52.190 GMT+0100,170.06900000000002,170.021,0.0171,0.0229
27.01.2021 12:59:52.704 GMT+0100,170.1,170.05599999999998,0.0171,0.0229
27.01.2021 13:00:10.536 GMT+0100,170.13400000000001,170.08700000000002,0.0171,0.0229
27.01.2021 13:00:10.773 GMT+0100,170.103,170.05200000000002,0.0171,0.0229
27.01.2021 13:01:00.834 GMT+0100,170.13,170.088,0.0171,0.0229
27.01.2021 13:01:01.192 GMT+0100,170.101,170.05400000000003,0.0171,0.0229
27.01.2021 13:01:02.210 GMT+0100,170.128,170.088,0.0171,0.0229
27.01.2021 13:01:03.105 GMT+0100,170.103,170.05200000000002,0.0171,0.0229
27.01.2021 13:01:03.737 GMT+0100,170.135,170.08700000000002,0.0171,0.0229
27.01.2021 13:01:04.072 GMT+0100,170.104,170.053,0.0171,0.0229
27.01.2021 13:01:08.822 GMT+0100,170.135,170.083,0.0171,0.0229
27.01.2021 13:01:13.547 GMT+0100,170.103,170.05599999999998,0.0171,0.0229
27.01.2021 13:01:14.420 GMT+0100,170.135,170.09,0.0171,0.0229
27.01.2021 13:01:15.457 GMT+0100,170.101,170.05400000000003,0.0171,0.0229
27.01.2021 13:01:21.702 GMT+0100,170.11200000000002,170.06900000000002,0.0171,0.0229
27.01.2021 13:01:21.810 GMT+0100,170.131,170.08400000000003,0.0171,0.0229
27.01.2021 13:01:22.332 GMT+0100,170.102,170.05900000000003,0.0171,0.0229
27.01.2021 13:01:48.585 GMT+0100,170.13400000000001,170.08700000000002,0.0171,0.0229
27.01.2021 13:02:03.628 GMT+0100,170.097,170.05900000000003,0.0171,0.0229
27.01.2021 13:02:29.766 GMT+0100,170.135,170.08400000000003,0.0171,0.0229
27.01.2021 13:02:30.108 GMT+0100,170.104,170.05400000000003,0.0171,0.0229
27.01.2021 13:02:31.402 GMT+0100,170.13400000000001,170.088,0.0171,0.0229
27.01.2021 13:02:49.690 GMT+0100,170.101,170.05599999999998,0.0171,0.0229
27.01.2021 13:02:51.360 GMT+0100,170.11200000000002,170.072,0.0171,0.0229
27.01.2021 13:02:51.475 GMT+0100,170.1,170.055,0.0171,0.0229
27.01.2021 13:02:51.611 GMT+0100,170.135,170.085,0.0171,0.0229
27.01.2021 13:03:26.732 GMT+0100,170.162,170.114,0.0171,0.0229
27.01.2021 13:03:29.768 GMT+0100,170.13400000000001,170.09,0.0171,0.0229
27.01.2021 13:03:39.348 GMT+0100,170.16400000000002,170.11900000000003,0.0171,0.0229
27.01.2021 13:03:39.646 GMT+0100,170.133,170.083,0.0171,0.0229
27.01.2021 13:03:40.669 GMT+0100,170.161,170.114,0.0171,0.0229
27.01.2021 13:03:57.161 GMT+0100,170.133,170.083,0.0171,0.0229
27.01.2021 13:03:59.981 GMT+0100,170.16299999999998,170.118,0.0171,0.0229
27.01.2021 13:04:42.756 GMT+0100,170.13400000000001,170.088,0.0171,0.0229
27.01.2021 13:04:43.473 GMT+0100,170.15900000000002,170.118,0.0171,0.0229
27.01.2021 13:04:44.139 GMT+0100,170.13400000000001,170.08599999999998,0.0171,0.0229
27.01.2021 13:04:44.536 GMT+0100,170.161,170.114,0.0171,0.0229
27.01.2021 13:04:45.777 GMT+0100,170.135,170.09,0.0171,0.0229
27.01.2021 13:04:49.308 GMT+0100,170.165,170.12099999999998,0.0171,0.0229
27.01.2021 13:06:02.100 GMT+0100,170.131,170.085,0.0171,0.0229
27.01.2021 13:06:03.231 GMT+0100,170.15900000000002,170.11700000000002,0.0171,0.0229
27.01.2021 13:06:32.604 GMT+0100,170.13400000000001,170.08400000000003,0.0171,0.0229
27.01.2021 13:06:33.634 GMT+0100,170.165,170.11900000000003,0.0171,0.0229
27.01.2021 13:06:35.235 GMT+0100,170.128,170.088,0.0171,0.0229
27.01.2021 13:07:17.135 GMT+0100,170.103,170.05200000000002,0.0171,0.0229
27.01.2021 13:07:20.279 GMT+0100,170.132,170.088,0.0171,0.0229
27.01.2021 13:07:28.792 GMT+0100,170.104,170.05400000000003,0.0171,0.0229
27.01.2021 13:07:29.451 GMT+0100,170.131,170.083,0.0171,0.0229
27.01.2021 13:07:37.104 GMT+0100,170.1,170.05700000000002,0.0171,0.0229
27.01.2021 13:07:42.102 GMT+0100,170.13400000000001,170.083,0.0171,0.0229
27.01.2021 13:07:43.059 GMT+0100,170.101,170.05900000000003,0.0171,0.0229
27.01.2021 13:07:43.304 GMT+0100,170.132,170.085,0.0171,0.0229
27.01.2021 13:07:43.671 GMT+0100,170.11200000000002,170.07,0.0171,0.0229
27.01.2021 13:07:46.409 GMT+0100,170.09900000000002,170.05700000000002,0.0171,0.0229
27.01.2021 13:07:46.514 GMT+0100,170.11700000000002,170.071,0.0171,0.0229
27.01.2021 13:07:46.626 GMT+0100,170.132,170.09,0.0171,0.0229
27.01.2021 13:08:57.975 GMT+0100,170.103,170.05599999999998,0.0171,0.0229
27.01.2021 13:08:58.372 GMT+0100,170.13,170.08599999999998,0.0171,0.0229
27.01.2021 13:08:58.638 GMT+0100,170.115,170.071,0.0171,0.0229
27.01.2021 13:08:59.823 GMT+0100,170.101,170.05400000000003,0.0171,0.0229
27.01.2021 13:09:03.085 GMT+0100,170.135,170.085,0.0171,0.0229
27.01.2021 13:09:07.465 GMT+0100,170.101,170.055,0.0171,0.0229
27.01.2021 13:09:08.274 GMT+0100,170.13,170.08700000000002,0.0171,0.0229
27.01.2021 13:09:14.868 GMT+0100,170.115,170.074,0.0171,0.0229
27.01.2021 13:09:15.867 GMT+0100,170.13,170.08400000000003,0.0171,0.0229
27.01.2021 13:09:40.875 GMT+0100,170.15900000000002,170.118,0.0171,0.0229
27.01.2021 13:09:42.321 GMT+0100,170.128,170.08400000000003,0.0171,0.0229
27.01.2021 13:09:48.901 GMT+0100,170.16299999999998,170.12099999999998,0.0171,0.0229
27.01.2021 13:10:09.130 GMT+0100,170.13,170.09,0.0171,0.0229
27.01.2021 13:10:10.273 GMT+0100,170.165,170.11599999999999,0.0171,0.0229
27.01.2021 13:10:11.538 GMT+0100,170.15099999999998,170.1,0.0171,0.0229
27.01.2021 13:10:12.489 GMT+0100,170.13,170.088,0.0171,0.0229
27.01.2021 13:11:36.721 GMT+0100,170.16400000000002,170.115,0.0171,0.0229
27.01.2021 13:11:59.392 GMT+0100,170.19299999999998,170.15,0.0171,0.0229
27.01.2021 13:12:00.483 GMT+0100,170.161,170.115,0.0171,0.0229
27.01.2021 13:12:16.095 GMT+0100,170.196,170.145,0.0171,0.0229
27.01.2021 13:12:42.492 GMT+0100,170.222,170.18200000000002,0.0171,0.0229
27.01.2021 13:12:43.392 GMT+0100,170.19,170.145,0.0171,0.0229
27.01.2021 13:14:23.792 GMT+0100,170.22400000000002,170.18400000000003,0.0171,0.0229
27.01.2021 13:14:23.903 GMT+0100,170.19400000000002,170.15200000000002,0.0171,0.0229
27.01.2021 13:15:40.263 GMT+0100,170.166,170.114,0.0171,0.0229
27.01.2021 13:15:40.401 GMT+0100,170.197,170.146,0.0171,0.0229
27.01.2021 13:15:53.745 GMT+0100,170.166,170.11900000000003,0.0171,0.0229
27.01.2021 13:15:53.978 GMT+0100,170.197,170.14700000000002,0.0171,0.0229
27.01.2021 13:15:54.432 GMT+0100,170.166,170.114,0.0171,0.0229
27.01.2021 13:16:11.944 GMT+0100,170.195,170.14900000000003,0.0171,0.0229
27.01.2021 13:16:14.239 GMT+0100,170.161,170.11700000000002,0.0171,0.0229
27.01.2021 13:16:15.869 GMT+0100,170.19299999999998,170.146,0.0171,0.0229
27.01.2021 13:16:38.614 GMT+0100,170.16400000000002,170.11700000000002,0.0171,0.0229
27.01.2021 13:16:38.895 GMT+0100,170.195,170.14900000000003,0.0171,0.0229
27.01.2021 13:18:08.071 GMT+0100,170.165,170.11599999999999,0.0171,0.0229
27.01.2021 13:18:08.241 GMT+0100,170.197,170.14900000000003,0.0171,0.0229
27.01.2021 13:18:08.479 GMT+0100,170.15900000000002,170.11700000000002,0.0171,0.0229
27.01.2021 13:18:10.119 GMT+0100,170.192,170.145,0.0171,0.0229
27.01.2021 13:18:14.701 GMT+0100,170.166,170.12099999999998,0.0171,0.0229
27.01.2021 13:18:20.533 GMT+0100,170.196,170.15,0.0171,0.0229
27.01.2021 13:18:45.582 GMT+0100,170.166,170.114,0.0171,0.0229
27.01.2021 13:18:50.566 GMT+0100,170.18,170.13,0.0171,0.0229
27.01.2021 13:18:50.722 GMT+0100,170.19400000000002,170.148,0.0171,0.0229
27.01.2021 13:19:01.966 GMT+0100,170.229,170.178,0.0171,0.0229
27.01.2021 13:19:02.681 GMT+0100,170.196,170.15,0.0171,0.0229
27.01.2021 13:19:02.792 GMT+0100,170.213,170.16299999999998,0.0171,0.0229
27.01.2021 13:19:02.903 GMT+0100,170.192,170.14700000000002,0.0171,0.0229
27.01.2021 13:19:03.196 GMT+0100,170.22400000000002,170.18400000000003,0.0171,0.0229
27.01.2021 13:19:06.148 GMT+0100,170.256,170.21,0.0171,0.0229
27.01.2021 13:19:11.901 GMT+0100,170.228,170.17700000000002,0.0171,0.0229
27.01.2021 13:19:22.450 GMT+0100,170.255,170.208,0.0171,0.0229
27.01.2021 13:19:22.770 GMT+0100,170.227,170.178,0.0171,0.0229
27.01.2021 13:19:23.194 GMT+0100,170.25900000000001,170.20900000000003,0.0171,0.0229
27.01.2021 13:19:28.202 GMT+0100,170.24200000000002,170.19400000000002,0.0171,0.0229
27.01.2021 13:19:28.954 GMT+0100,170.258,170.21200000000002,0.0171,0.0229
27.01.2021 13:19:29.091 GMT+0100,170.229,170.18099999999998,0.0171,0.0229
27.01.2021 13:19:29.439 GMT+0100,170.25900000000001,170.21099999999998,0.0171,0.0229
27.01.2021 13:19:29.705 GMT+0100,170.226,170.18,0.0171,0.0229
27.01.2021 13:19:33.495 GMT+0100,170.256,170.21099999999998,0.0171,0.0229
27.01.2021 13:19:43.971 GMT+0100,170.222,170.178,0.0171,0.0229
27.01.2021 13:19:44.364 GMT+0100,170.253,170.21200000000002,0.0171,0.0229
27.01.2021 13:19:45.208 GMT+0100,170.229,170.18,0.0171,0.0229
27.01.2021 13:19:46.024 GMT+0100,170.256,170.208,0.0171,0.0229
27.01.2021 13:19:47.121 GMT+0100,170.22400000000002,170.18,0.0171,0.0229
