Local time,Ask,Bid,AskVolume,BidVolume
16.06.2021 00:00:05.415 GMT+0200,4248.255,4247.545,0.0022,0.0022
16.06.2021 00:00:07.083 GMT+0200,4248.152,4247.454000000001,0.0022,0.0031
16.06.2021 00:00:07.133 GMT+0200,4248.152,4247.454000000001,0.0022,0.0022
16.06.2021 00:00:08.168 GMT+0200,4247.946,4247.236,0.0022,0.0031
16.06.2021 00:00:08.218 GMT+0200,4247.958,4247.299,0.0022,0.0022
16.06.2021 00:00:08.329 GMT+0200,4247.951,4247.454000000001,0.0005,0.0022
16.06.2021 00:00:08.379 GMT+0200,4248.161,4247.439,0.0022,0.0022
16.06.2021 00:00:08.492 GMT+0200,4248.157,4247.533,0.0005,0.0022
16.06.2021 00:00:08.542 GMT+0200,4248.267,4247.542,0.0022,0.0022
16.06.2021 00:00:10.777 GMT+0200,4247.958,4247.242,0.0022,0.0031
16.06.2021 00:00:10.828 GMT+0200,4247.958,4247.2390000000005,0.0022,0.0022
16.06.2021 00:00:11.247 GMT+0200,4247.96,4247.542,0.0005,0.0022
16.06.2021 00:00:11.298 GMT+0200,4248.2609999999995,4247.548,0.0022,0.0022
16.06.2021 00:00:11.968 GMT+0200,4248.158,4247.451,0.0022,0.0031
16.06.2021 00:00:12.018 GMT+0200,4248.161,4247.451,0.0022,0.0022
16.06.2021 00:00:12.257 GMT+0200,4248.148,4247.5509999999995,0.0005,0.0022
16.06.2021 00:00:12.308 GMT+0200,4248.255,4247.548,0.0022,0.0022
16.06.2021 00:00:16.593 GMT+0200,4248.263,4247.633,0.0005,0.0022
16.06.2021 00:00:16.643 GMT+0200,4248.349,4247.642,0.0022,0.0022
16.06.2021 00:00:16.753 GMT+0200,4248.303,4247.733,0.0005,0.0022
16.06.2021 00:00:16.803 GMT+0200,4248.458,4247.7390000000005,0.0022,0.0022
16.06.2021 00:00:21.582 GMT+0200,4248.403,4248.039000000001,0.0005,0.0022
16.06.2021 00:00:21.633 GMT+0200,4248.746,4248.039000000001,0.0022,0.0022
16.06.2021 00:00:32.787 GMT+0200,4248.76,4248.236,0.0005,0.0022
16.06.2021 00:00:32.837 GMT+0200,4248.955,4248.245,0.0022,0.0022
16.06.2021 00:00:34.592 GMT+0200,4248.858,4248.1359999999995,0.0022,0.0031
16.06.2021 00:00:34.643 GMT+0200,4248.867,4248.1359999999995,0.0022,0.0022
16.06.2021 00:00:34.941 GMT+0200,4248.866,4248.245,0.0005,0.0022
16.06.2021 00:00:34.991 GMT+0200,4248.961,4248.233,0.0022,0.0022
16.06.2021 00:00:37.838 GMT+0200,4248.954000000001,4248.539000000001,0.0005,0.0022
16.06.2021 00:00:37.889 GMT+0200,4249.249000000001,4248.539000000001,0.0022,0.0022
16.06.2021 00:00:41.531 GMT+0200,4248.9490000000005,4248.245,0.0022,0.0031
16.06.2021 00:00:41.581 GMT+0200,4248.952,4248.242,0.0022,0.0022
16.06.2021 00:00:59.759 GMT+0200,4248.749000000001,4248.0509999999995,0.0022,0.0031
16.06.2021 00:00:59.810 GMT+0200,4248.758,4248.048,0.0022,0.0022
16.06.2021 00:01:00.310 GMT+0200,4248.748,4248.154,0.0005,0.0022
16.06.2021 00:01:00.360 GMT+0200,4248.861,4248.1990000000005,0.0022,0.0022
16.06.2021 00:01:03.759 GMT+0200,4248.752,4248.045,0.0022,0.0031
16.06.2021 00:01:03.809 GMT+0200,4248.746,4248.036,0.0022,0.0022
16.06.2021 00:01:03.920 GMT+0200,4248.7029999999995,4248.248,0.0005,0.0022
16.06.2021 00:01:03.970 GMT+0200,4248.901,4248.299,0.0022,0.0022
16.06.2021 00:01:07.518 GMT+0200,4248.8550000000005,4248.151,0.0022,0.0031
16.06.2021 00:01:07.568 GMT+0200,4248.8550000000005,4248.1359999999995,0.0022,0.0022
16.06.2021 00:01:08.332 GMT+0200,4248.967000000001,4248.251,0.0022,0.0022
16.06.2021 00:01:16.176 GMT+0200,4248.96,4248.533,0.0005,0.0022
16.06.2021 00:01:16.227 GMT+0200,4249.267,4248.548,0.0022,0.0022
16.06.2021 00:01:29.045 GMT+0200,4249.2029999999995,4248.748,0.0005,0.0022
16.06.2021 00:01:29.095 GMT+0200,4249.464,4248.736,0.0022,0.0022
16.06.2021 00:01:37.229 GMT+0200,4249.465999999999,4248.999000000001,0.0005,0.0022
16.06.2021 00:01:37.280 GMT+0200,4249.664000000001,4248.945,0.0022,0.0022
16.06.2021 00:01:37.390 GMT+0200,4249.458,4248.742,0.0022,0.0031
16.06.2021 00:01:37.444 GMT+0200,4249.401,4248.736,0.0022,0.0022
16.06.2021 00:01:41.344 GMT+0200,4249.752,4249.099,0.0022,0.0022
16.06.2021 00:01:41.481 GMT+0200,4249.658,4248.945,0.0022,0.0031
16.06.2021 00:01:41.531 GMT+0200,4249.661,4248.951,0.0022,0.0022
16.06.2021 00:01:43.654 GMT+0200,4249.446,4248.748,0.0022,0.0022
16.06.2021 00:01:48.140 GMT+0200,4249.454000000001,4249.099,0.0005,0.0022
16.06.2021 00:01:48.190 GMT+0200,4249.701,4249.039000000001,0.0022,0.0022
16.06.2021 00:01:52.066 GMT+0200,4249.446,4248.745,0.0022,0.0031
16.06.2021 00:01:52.117 GMT+0200,4249.458,4248.748,0.0022,0.0022
16.06.2021 00:01:52.237 GMT+0200,4249.7609999999995,4249.036,0.0022,0.0022
16.06.2021 00:01:54.398 GMT+0200,4249.646,4248.936,0.0022,0.0031
16.06.2021 00:01:54.448 GMT+0200,4249.601,4248.999000000001,0.0022,0.0022
16.06.2021 00:01:54.719 GMT+0200,4249.654,4249.048,0.0005,0.0022
16.06.2021 00:01:54.769 GMT+0200,4249.758,4249.099,0.0022,0.0022
16.06.2021 00:01:56.412 GMT+0200,4249.748,4249.254,0.0005,0.0022
16.06.2021 00:01:56.463 GMT+0200,4249.901,4249.236,0.0022,0.0022
16.06.2021 00:02:02.071 GMT+0200,4249.749000000001,4249.033,0.0022,0.0031
16.06.2021 00:02:02.121 GMT+0200,4249.749000000001,4249.039000000001,0.0022,0.0022
16.06.2021 00:02:04.968 GMT+0200,4249.754,4249.233,0.0005,0.0022
16.06.2021 00:02:05.018 GMT+0200,4249.901,4249.2390000000005,0.0022,0.0022
16.06.2021 00:02:05.289 GMT+0200,4249.755,4249.042,0.0022,0.0022
16.06.2021 00:02:13.606 GMT+0200,4249.452,4248.733,0.0022,0.0031
16.06.2021 00:02:13.656 GMT+0200,4249.467000000001,4248.742,0.0022,0.0022
16.06.2021 00:02:23.297 GMT+0200,4249.457,4248.939,0.0005,0.0022
16.06.2021 00:02:23.347 GMT+0200,4249.646,4248.954000000001,0.0022,0.0022
16.06.2021 00:02:24.263 GMT+0200,4249.461,4248.736,0.0022,0.0031
16.06.2021 00:02:24.313 GMT+0200,4249.446,4248.748,0.0022,0.0022
16.06.2021 00:02:24.424 GMT+0200,4249.454000000001,4249.099,0.0005,0.0022
16.06.2021 00:02:24.474 GMT+0200,4249.7609999999995,4249.036,0.0022,0.0022
16.06.2021 00:02:25.158 GMT+0200,4249.464,4248.751,0.0022,0.0031
16.06.2021 00:02:25.208 GMT+0200,4249.446,4248.748,0.0022,0.0022
16.06.2021 00:02:25.959 GMT+0200,4249.454000000001,4249.048,0.0005,0.0022
16.06.2021 00:02:26.010 GMT+0200,4249.752,4249.054,0.0022,0.0022
16.06.2021 00:02:54.244 GMT+0200,4249.464,4248.742,0.0022,0.0031
16.06.2021 00:02:54.295 GMT+0200,4249.458,4248.733,0.0022,0.0022
16.06.2021 00:02:58.238 GMT+0200,4249.403,4249.099,0.0005,0.0022
16.06.2021 00:02:58.288 GMT+0200,4249.7609999999995,4249.099,0.0022,0.0022
16.06.2021 00:03:16.890 GMT+0200,4249.401,4248.733,0.0022,0.0031
16.06.2021 00:03:16.940 GMT+0200,4249.401,4248.748,0.0022,0.0022
16.06.2021 00:03:29.526 GMT+0200,4249.264,4248.548,0.0022,0.0031
16.06.2021 00:03:29.577 GMT+0200,4249.2609999999995,4248.554,0.0022,0.0022
16.06.2021 00:03:33.369 GMT+0200,4249.2029999999995,4248.745,0.0005,0.0022
16.06.2021 00:03:33.419 GMT+0200,4249.452,4248.754,0.0022,0.0022
16.06.2021 00:04:49.065 GMT+0200,4249.451,4249.054,0.0005,0.0022
16.06.2021 00:04:49.116 GMT+0200,4249.746,4249.045,0.0022,0.0022
16.06.2021 00:05:00.429 GMT+0200,4249.748,4249.236,0.0005,0.0022
16.06.2021 00:05:00.480 GMT+0200,4249.964,4249.236,0.0022,0.0022
16.06.2021 00:05:01.648 GMT+0200,4249.758,4249.042,0.0022,0.0022
16.06.2021 00:05:26.592 GMT+0200,4249.455,4248.748,0.0022,0.0031
16.06.2021 00:05:26.642 GMT+0200,4249.4490000000005,4248.7390000000005,0.0022,0.0022
16.06.2021 00:05:28.595 GMT+0200,4249.403,4249.039000000001,0.0005,0.0022
16.06.2021 00:05:28.645 GMT+0200,4249.749000000001,4249.036,0.0022,0.0022
16.06.2021 00:06:05.477 GMT+0200,4249.763,4249.242,0.0005,0.0022
16.06.2021 00:06:05.528 GMT+0200,4249.958,4249.299,0.0022,0.0022
16.06.2021 00:06:54.899 GMT+0200,4249.7609999999995,4249.054,0.0022,0.0031
16.06.2021 00:06:54.949 GMT+0200,4249.701,4249.048,0.0022,0.0022
16.06.2021 00:06:58.269 GMT+0200,4249.901,4249.248,0.0022,0.0022
16.06.2021 00:09:02.091 GMT+0200,4249.764,4249.039000000001,0.0022,0.0031
16.06.2021 00:09:02.142 GMT+0200,4249.758,4249.0509999999995,0.0022,0.0022
16.06.2021 00:10:09.831 GMT+0200,4249.452,4248.748,0.0022,0.0031
16.06.2021 00:10:09.882 GMT+0200,4249.467000000001,4248.799,0.0022,0.0022
16.06.2021 00:10:13.714 GMT+0200,4249.249000000001,4248.548,0.0022,0.0022
16.06.2021 00:15:13.959 GMT+0200,4249.269,4248.552000000001,0.0005,0.0009
16.06.2021 00:15:34.828 GMT+0200,4249.352,4248.651,0.0022,0.0022
16.06.2021 00:15:38.823 GMT+0200,4249.249000000001,4248.545,0.0022,0.0031
16.06.2021 00:15:38.873 GMT+0200,4249.258,4248.554,0.0022,0.0022
16.06.2021 00:15:39.141 GMT+0200,4249.266,4248.6359999999995,0.0005,0.0022
16.06.2021 00:15:39.192 GMT+0200,4249.358,4248.648,0.0022,0.0022
16.06.2021 00:15:41.916 GMT+0200,4249.246,4248.542,0.0022,0.0031
16.06.2021 00:15:41.966 GMT+0200,4249.246,4248.536,0.0022,0.0022
16.06.2021 00:15:47.221 GMT+0200,4249.26,4248.645,0.0005,0.0022
16.06.2021 00:15:47.271 GMT+0200,4249.367,4248.651,0.0022,0.0022
16.06.2021 00:15:48.542 GMT+0200,4249.348,4248.748,0.0005,0.0022
16.06.2021 00:15:48.593 GMT+0200,4249.467000000001,4248.754,0.0022,0.0022
16.06.2021 00:17:47.535 GMT+0200,4249.764,4249.0509999999995,0.0022,0.0022
16.06.2021 00:18:13.202 GMT+0200,4249.464,4248.754,0.0022,0.0031
16.06.2021 00:18:13.252 GMT+0200,4249.4490000000005,4248.799,0.0022,0.0022
16.06.2021 00:20:06.466 GMT+0200,4249.46,4249.054,0.0005,0.0022
16.06.2021 00:20:06.516 GMT+0200,4249.752,4249.036,0.0022,0.0022
16.06.2021 00:20:44.605 GMT+0200,4249.455,4248.754,0.0022,0.0031
16.06.2021 00:20:44.656 GMT+0200,4249.452,4248.748,0.0022,0.0022
16.06.2021 00:21:56.482 GMT+0200,4249.46,4249.054,0.0005,0.0022
16.06.2021 00:21:56.532 GMT+0200,4249.767,4249.036,0.0022,0.0022
16.06.2021 00:22:49.760 GMT+0200,4249.458,4248.754,0.0022,0.0031
16.06.2021 00:22:49.811 GMT+0200,4249.4490000000005,4248.742,0.0022,0.0022
16.06.2021 00:23:37.490 GMT+0200,4249.454000000001,4249.045,0.0005,0.0022
16.06.2021 00:23:37.540 GMT+0200,4249.767,4249.048,0.0022,0.0022
16.06.2021 00:23:55.322 GMT+0200,4249.461,4248.751,0.0022,0.0031
16.06.2021 00:23:55.372 GMT+0200,4249.461,4248.751,0.0022,0.0022
16.06.2021 00:23:55.651 GMT+0200,4249.46,4249.039000000001,0.0005,0.0022
16.06.2021 00:23:55.701 GMT+0200,4249.7609999999995,4249.039000000001,0.0022,0.0022
16.06.2021 00:26:03.877 GMT+0200,4249.467000000001,4248.799,0.0022,0.0031
16.06.2021 00:26:03.927 GMT+0200,4249.452,4248.7390000000005,0.0022,0.0022
16.06.2021 00:29:59.403 GMT+0200,4248.961,4248.248,0.0022,0.0031
16.06.2021 00:29:59.453 GMT+0200,4248.955,4248.242,0.0022,0.0022
16.06.2021 00:30:03.624 GMT+0200,4248.965999999999,4248.536,0.0005,0.0022
16.06.2021 00:30:03.675 GMT+0200,4249.267,4248.545,0.0022,0.0022
16.06.2021 00:30:04.864 GMT+0200,4248.967000000001,4248.242,0.0022,0.0031
16.06.2021 00:30:04.914 GMT+0200,4248.946,4248.254,0.0022,0.0022
16.06.2021 00:30:19.444 GMT+0200,4248.764,4248.054,0.0022,0.0022
16.06.2021 00:30:25.055 GMT+0200,4248.955,4248.2390000000005,0.0022,0.0022
16.06.2021 00:30:46.844 GMT+0200,4248.963,4248.599,0.0005,0.0022
16.06.2021 00:30:46.894 GMT+0200,4249.255,4248.545,0.0022,0.0022
16.06.2021 00:31:47.338 GMT+0200,4248.967000000001,4248.242,0.0022,0.0031
16.06.2021 00:31:47.389 GMT+0200,4248.955,4248.2390000000005,0.0022,0.0022
16.06.2021 00:33:02.674 GMT+0200,4248.755,4248.036,0.0022,0.0022
16.06.2021 00:33:03.786 GMT+0200,4248.7029999999995,4248.148,0.0005,0.0022
16.06.2021 00:33:03.836 GMT+0200,4248.846,4248.133,0.0022,0.0022
16.06.2021 00:33:05.673 GMT+0200,4248.764,4248.039000000001,0.0022,0.0031
16.06.2021 00:33:05.723 GMT+0200,4248.755,4248.048,0.0022,0.0022
16.06.2021 00:35:16.801 GMT+0200,4248.763,4248.2390000000005,0.0005,0.0022
16.06.2021 00:35:16.851 GMT+0200,4248.946,4248.299,0.0022,0.0022
16.06.2021 00:36:02.448 GMT+0200,4248.7609999999995,4248.0509999999995,0.0022,0.0031
16.06.2021 00:36:02.498 GMT+0200,4248.752,4248.036,0.0022,0.0022
16.06.2021 00:36:29.737 GMT+0200,4248.751,4248.242,0.0005,0.0022
16.06.2021 00:36:29.787 GMT+0200,4248.955,4248.236,0.0022,0.0022
16.06.2021 00:36:31.805 GMT+0200,4248.764,4248.036,0.0022,0.0031
16.06.2021 00:36:31.855 GMT+0200,4248.758,4248.042,0.0022,0.0022
16.06.2021 00:37:44.693 GMT+0200,4248.464,4247.736,0.0022,0.0031
16.06.2021 00:37:44.744 GMT+0200,4248.464,4247.748,0.0022,0.0022
16.06.2021 00:38:08.533 GMT+0200,4248.2609999999995,4247.542,0.0022,0.0031
16.06.2021 00:38:08.583 GMT+0200,4248.258,4247.542,0.0022,0.0022
16.06.2021 00:38:24.321 GMT+0200,4247.955,4247.299,0.0022,0.0031
16.06.2021 00:38:24.372 GMT+0200,4247.946,4247.248,0.0022,0.0022
16.06.2021 00:39:15.046 GMT+0200,4247.746,4247.099,0.0022,0.0031
16.06.2021 00:39:15.097 GMT+0200,4247.758,4247.0509999999995,0.0022,0.0022
16.06.2021 00:40:02.450 GMT+0200,4247.754,4247.251,0.0005,0.0022
16.06.2021 00:40:02.500 GMT+0200,4247.901,4247.2390000000005,0.0022,0.0022
16.06.2021 00:40:02.611 GMT+0200,4247.767,4247.036,0.0022,0.0031
16.06.2021 00:40:02.661 GMT+0200,4247.755,4247.039000000001,0.0022,0.0022
16.06.2021 00:40:05.336 GMT+0200,4247.748,4247.1359999999995,0.0005,0.0022
16.06.2021 00:40:05.386 GMT+0200,4247.861,4247.142,0.0022,0.0022
16.06.2021 00:40:05.500 GMT+0200,4247.869000000001,4247.248,0.0005,0.0022
16.06.2021 00:40:05.551 GMT+0200,4247.946,4247.251,0.0022,0.0022
16.06.2021 00:40:28.353 GMT+0200,4247.764,4247.033,0.0022,0.0031
16.06.2021 00:40:28.404 GMT+0200,4247.701,4247.099,0.0022,0.0022
16.06.2021 00:42:02.420 GMT+0200,4247.452,4246.7390000000005,0.0022,0.0031
16.06.2021 00:42:02.470 GMT+0200,4247.455,4246.754,0.0022,0.0022
16.06.2021 00:42:03.946 GMT+0200,4247.465999999999,4247.042,0.0005,0.0022
16.06.2021 00:42:03.996 GMT+0200,4247.746,4247.045,0.0022,0.0022
16.06.2021 00:42:53.776 GMT+0200,4247.751,4247.251,0.0005,0.0022
16.06.2021 00:42:53.827 GMT+0200,4247.952,4247.242,0.0022,0.0022
16.06.2021 00:43:04.609 GMT+0200,4247.969,4247.599,0.0005,0.0022
16.06.2021 00:43:04.660 GMT+0200,4248.2609999999995,4247.5509999999995,0.0022,0.0022
16.06.2021 00:43:04.782 GMT+0200,4247.961,4247.254,0.0022,0.0022
16.06.2021 00:43:09.477 GMT+0200,4247.963,4247.542,0.0005,0.0022
16.06.2021 00:43:09.527 GMT+0200,4248.255,4247.533,0.0022,0.0022
16.06.2021 00:43:15.444 GMT+0200,4248.254,4247.745,0.0005,0.0022
16.06.2021 00:43:15.494 GMT+0200,4248.467000000001,4247.799,0.0022,0.0022
16.06.2021 00:43:23.931 GMT+0200,4248.255,4247.599,0.0022,0.0022
16.06.2021 00:43:28.596 GMT+0200,4248.26,4247.7390000000005,0.0005,0.0022
16.06.2021 00:43:28.649 GMT+0200,4248.464,4247.751,0.0022,0.0022
16.06.2021 00:44:07.631 GMT+0200,4248.255,4247.599,0.0022,0.0031
16.06.2021 00:44:07.682 GMT+0200,4248.252,4247.548,0.0022,0.0022
16.06.2021 00:44:36.941 GMT+0200,4248.269,4247.736,0.0005,0.0022
16.06.2021 00:44:36.991 GMT+0200,4248.458,4247.733,0.0022,0.0022
16.06.2021 00:45:32.199 GMT+0200,4248.252,4247.5509999999995,0.0022,0.0031
16.06.2021 00:45:32.250 GMT+0200,4248.264,4247.536,0.0022,0.0022
16.06.2021 00:45:55.726 GMT+0200,4248.2570000000005,4247.799,0.0005,0.0022
16.06.2021 00:45:55.776 GMT+0200,4248.446,4247.754,0.0022,0.0022
16.06.2021 00:46:02.507 GMT+0200,4248.263,4247.754,0.0005,0.0022
16.06.2021 00:46:02.557 GMT+0200,4248.264,4247.536,0.0022,0.0022
16.06.2021 00:46:39.831 GMT+0200,4247.958,4247.236,0.0022,0.0031
16.06.2021 00:46:39.882 GMT+0200,4247.946,4247.254,0.0022,0.0022
16.06.2021 00:47:18.107 GMT+0200,4247.701,4247.099,0.0022,0.0031
16.06.2021 00:47:18.158 GMT+0200,4247.701,4247.042,0.0022,0.0022
16.06.2021 00:47:35.178 GMT+0200,4247.4490000000005,4246.733,0.0022,0.0022
16.06.2021 00:47:50.104 GMT+0200,4247.454000000001,4247.039000000001,0.0005,0.0022
16.06.2021 00:47:50.155 GMT+0200,4247.752,4247.048,0.0022,0.0022
16.06.2021 00:48:46.508 GMT+0200,4247.748,4247.251,0.0005,0.0022
16.06.2021 00:48:46.559 GMT+0200,4247.961,4247.245,0.0022,0.0022
16.06.2021 00:49:03.195 GMT+0200,4247.701,4247.033,0.0022,0.0031
16.06.2021 00:49:03.246 GMT+0200,4247.701,4247.042,0.0022,0.0022
16.06.2021 00:50:37.560 GMT+0200,4247.452,4246.799,0.0022,0.0031
16.06.2021 00:50:37.611 GMT+0200,4247.452,4246.799,0.0022,0.0022
16.06.2021 00:50:59.706 GMT+0200,4247.255,4246.542,0.0022,0.0031
16.06.2021 00:50:59.756 GMT+0200,4247.201,4246.536,0.0022,0.0022
16.06.2021 00:51:01.173 GMT+0200,4247.251,4246.751,0.0005,0.0022
16.06.2021 00:51:01.223 GMT+0200,4247.455,4246.733,0.0022,0.0022
16.06.2021 00:51:11.677 GMT+0200,4247.249000000001,4246.5509999999995,0.0022,0.0031
16.06.2021 00:51:11.728 GMT+0200,4247.264,4246.542,0.0022,0.0022
16.06.2021 00:51:11.838 GMT+0200,4247.254,4246.748,0.0005,0.0022
16.06.2021 00:51:11.888 GMT+0200,4247.458,4246.7390000000005,0.0022,0.0022
16.06.2021 00:51:14.614 GMT+0200,4247.267,4246.545,0.0022,0.0031
16.06.2021 00:51:14.665 GMT+0200,4247.258,4246.542,0.0022,0.0022
16.06.2021 00:51:15.691 GMT+0200,4247.2029999999995,4246.748,0.0005,0.0022
16.06.2021 00:51:15.741 GMT+0200,4247.401,4246.7390000000005,0.0022,0.0022
16.06.2021 00:51:17.712 GMT+0200,4247.367,4246.654,0.0022,0.0031
16.06.2021 00:51:17.762 GMT+0200,4247.346,4246.642,0.0022,0.0022
16.06.2021 00:51:22.459 GMT+0200,4247.267,4246.542,0.0022,0.0022
16.06.2021 00:51:34.837 GMT+0200,4247.254,4246.799,0.0005,0.0022
16.06.2021 00:51:34.888 GMT+0200,4247.446,4246.745,0.0022,0.0022
16.06.2021 00:51:49.980 GMT+0200,4247.267,4246.533,0.0022,0.0031
16.06.2021 00:51:50.031 GMT+0200,4247.249000000001,4246.545,0.0022,0.0022
16.06.2021 00:52:14.257 GMT+0200,4247.266,4246.751,0.0005,0.0022
16.06.2021 00:52:14.307 GMT+0200,4247.4490000000005,4246.754,0.0022,0.0022
16.06.2021 00:52:38.928 GMT+0200,4247.46,4247.039000000001,0.0005,0.0022
16.06.2021 00:52:38.979 GMT+0200,4247.749000000001,4247.048,0.0022,0.0022
16.06.2021 00:54:02.491 GMT+0200,4247.455,4246.799,0.0022,0.0022
16.06.2021 00:54:39.863 GMT+0200,4247.457,4247.033,0.0005,0.0022
16.06.2021 00:54:39.914 GMT+0200,4247.749000000001,4247.033,0.0022,0.0022
16.06.2021 00:54:42.353 GMT+0200,4247.464,4246.751,0.0022,0.0031
16.06.2021 00:54:42.404 GMT+0200,4247.461,4246.754,0.0022,0.0022
16.06.2021 00:58:17.161 GMT+0200,4247.403,4247.0509999999995,0.0005,0.0022
16.06.2021 00:58:17.211 GMT+0200,4247.701,4247.039000000001,0.0022,0.0022
16.06.2021 01:00:00.306 GMT+0200,4247.458,4246.751,0.0022,0.0031
16.06.2021 01:00:00.357 GMT+0200,4247.401,4246.754,0.0022,0.0022
16.06.2021 01:00:01.353 GMT+0200,4247.465999999999,4247.048,0.0005,0.0022
16.06.2021 01:00:01.403 GMT+0200,4247.746,4247.048,0.0022,0.0022
16.06.2021 01:00:02.014 GMT+0200,4247.401,4246.745,0.0022,0.0022
16.06.2021 01:01:02.542 GMT+0200,4247.361,4246.639,0.0022,0.0031
16.06.2021 01:01:02.592 GMT+0200,4247.361,4246.654,0.0022,0.0022
16.06.2021 01:01:02.701 GMT+0200,4247.264,4246.554,0.0022,0.0031
16.06.2021 01:01:02.751 GMT+0200,4247.201,4246.545,0.0022,0.0022
16.06.2021 01:02:26.943 GMT+0200,4246.746,4246.036,0.0022,0.0031
16.06.2021 01:02:26.994 GMT+0200,4246.7609999999995,4246.0509999999995,0.0022,0.0022
16.06.2021 01:02:31.668 GMT+0200,4246.766,4246.236,0.0005,0.0022
16.06.2021 01:02:31.718 GMT+0200,4246.958,4246.245,0.0022,0.0022
16.06.2021 01:02:38.624 GMT+0200,4246.963,4246.536,0.0005,0.0022
16.06.2021 01:02:38.674 GMT+0200,4247.255,4246.542,0.0022,0.0022
16.06.2021 01:02:40.223 GMT+0200,4246.901,4246.233,0.0022,0.0031
16.06.2021 01:02:40.273 GMT+0200,4246.946,4246.248,0.0022,0.0022
16.06.2021 01:02:40.396 GMT+0200,4246.948,4246.454000000001,0.0005,0.0022
16.06.2021 01:02:40.446 GMT+0200,4247.164000000001,4246.439,0.0022,0.0022
16.06.2021 01:02:40.734 GMT+0200,4247.151,4246.554,0.0005,0.0022
16.06.2021 01:02:40.784 GMT+0200,4247.258,4246.536,0.0022,0.0022
16.06.2021 01:02:40.989 GMT+0200,4247.158,4246.439,0.0022,0.0031
16.06.2021 01:02:41.039 GMT+0200,4247.167,4246.448,0.0022,0.0022
16.06.2021 01:02:44.934 GMT+0200,4246.958,4246.251,0.0022,0.0031
16.06.2021 01:02:44.985 GMT+0200,4246.961,4246.254,0.0022,0.0022
16.06.2021 01:02:46.354 GMT+0200,4246.903,4246.433,0.0005,0.0022
16.06.2021 01:02:46.405 GMT+0200,4247.161,4246.445,0.0022,0.0022
16.06.2021 01:02:47.165 GMT+0200,4247.148,4246.548,0.0005,0.0022
16.06.2021 01:02:47.215 GMT+0200,4247.249000000001,4246.536,0.0022,0.0022
16.06.2021 01:02:59.741 GMT+0200,4247.2570000000005,4246.742,0.0005,0.0022
16.06.2021 01:02:59.791 GMT+0200,4247.464,4246.742,0.0022,0.0022
16.06.2021 01:03:04.528 GMT+0200,4247.258,4246.599,0.0022,0.0031
16.06.2021 01:03:04.579 GMT+0200,4247.267,4246.554,0.0022,0.0022
16.06.2021 01:03:39.377 GMT+0200,4247.251,4246.733,0.0005,0.0022
16.06.2021 01:03:39.427 GMT+0200,4247.401,4246.754,0.0022,0.0022
16.06.2021 01:03:39.698 GMT+0200,4247.252,4246.536,0.0022,0.0031
16.06.2021 01:03:39.748 GMT+0200,4247.246,4246.548,0.0022,0.0022
16.06.2021 01:03:41.604 GMT+0200,4247.2570000000005,4246.742,0.0005,0.0022
16.06.2021 01:03:41.655 GMT+0200,4247.452,4246.733,0.0022,0.0022
16.06.2021 01:04:53.301 GMT+0200,4247.457,4247.036,0.0005,0.0022
16.06.2021 01:04:53.351 GMT+0200,4247.701,4247.045,0.0022,0.0022
16.06.2021 01:05:07.420 GMT+0200,4247.464,4246.754,0.0022,0.0031
16.06.2021 01:05:07.470 GMT+0200,4247.461,4246.748,0.0022,0.0022
16.06.2021 01:06:06.228 GMT+0200,4247.457,4247.036,0.0005,0.0022
16.06.2021 01:06:06.278 GMT+0200,4247.767,4247.033,0.0022,0.0022
16.06.2021 01:06:24.009 GMT+0200,4247.452,4246.799,0.0022,0.0022
16.06.2021 01:06:53.475 GMT+0200,4247.267,4246.5509999999995,0.0022,0.0031
16.06.2021 01:06:53.525 GMT+0200,4247.255,4246.5509999999995,0.0022,0.0022
16.06.2021 01:07:00.401 GMT+0200,4246.967000000001,4246.242,0.0022,0.0022
16.06.2021 01:07:00.560 GMT+0200,4246.948,4246.539000000001,0.0005,0.0022
16.06.2021 01:07:00.610 GMT+0200,4247.264,4246.5509999999995,0.0022,0.0022
16.06.2021 01:07:00.722 GMT+0200,4247.251,4246.748,0.0005,0.0022
16.06.2021 01:07:00.773 GMT+0200,4247.4490000000005,4246.745,0.0022,0.0022
16.06.2021 01:07:59.720 GMT+0200,4247.457,4247.099,0.0005,0.0022
16.06.2021 01:07:59.771 GMT+0200,4247.752,4247.042,0.0022,0.0022
16.06.2021 01:08:51.351 GMT+0200,4247.961,4247.233,0.0022,0.0022
16.06.2021 01:09:02.391 GMT+0200,4247.8640000000005,4247.154,0.0022,0.0031
16.06.2021 01:09:02.441 GMT+0200,4247.861,4247.151,0.0022,0.0022
16.06.2021 01:09:04.171 GMT+0200,4247.86,4247.242,0.0005,0.0022
16.06.2021 01:09:04.221 GMT+0200,4247.958,4247.242,0.0022,0.0022
16.06.2021 01:09:09.949 GMT+0200,4247.755,4247.054,0.0022,0.0031
16.06.2021 01:09:09.999 GMT+0200,4247.764,4247.033,0.0022,0.0022
16.06.2021 01:09:16.817 GMT+0200,4247.751,4247.233,0.0005,0.0022
16.06.2021 01:09:16.867 GMT+0200,4247.964,4247.251,0.0022,0.0022
16.06.2021 01:09:53.324 GMT+0200,4247.764,4247.036,0.0022,0.0031
16.06.2021 01:09:53.376 GMT+0200,4247.746,4247.042,0.0022,0.0022
16.06.2021 01:10:12.061 GMT+0200,4247.455,4246.799,0.0022,0.0031
16.06.2021 01:10:12.112 GMT+0200,4247.452,4246.733,0.0022,0.0022
16.06.2021 01:10:13.950 GMT+0200,4247.457,4247.045,0.0005,0.0022
16.06.2021 01:10:14.001 GMT+0200,4247.7609999999995,4247.042,0.0022,0.0022
16.06.2021 01:10:26.455 GMT+0200,4247.766,4247.245,0.0005,0.0022
16.06.2021 01:10:26.505 GMT+0200,4247.958,4247.299,0.0022,0.0022
16.06.2021 01:11:14.283 GMT+0200,4247.749000000001,4247.054,0.0022,0.0031
16.06.2021 01:11:14.333 GMT+0200,4247.758,4247.048,0.0022,0.0022
16.06.2021 01:12:22.303 GMT+0200,4247.464,4246.754,0.0022,0.0031
16.06.2021 01:12:22.353 GMT+0200,4247.401,4246.736,0.0022,0.0022
16.06.2021 01:13:46.883 GMT+0200,4247.469,4247.039000000001,0.0005,0.0022
16.06.2021 01:13:46.933 GMT+0200,4247.7609999999995,4247.033,0.0022,0.0022
16.06.2021 01:15:01.281 GMT+0200,4247.446,4246.742,0.0022,0.0031
16.06.2021 01:15:01.331 GMT+0200,4247.455,4246.7390000000005,0.0022,0.0022
16.06.2021 01:15:10.222 GMT+0200,4247.255,4246.545,0.0022,0.0031
16.06.2021 01:15:10.272 GMT+0200,4247.249000000001,4246.548,0.0022,0.0022
16.06.2021 01:15:17.639 GMT+0200,4247.269,4246.736,0.0005,0.0022
16.06.2021 01:15:17.689 GMT+0200,4247.458,4246.748,0.0022,0.0022
16.06.2021 01:15:36.259 GMT+0200,4247.465999999999,4247.042,0.0005,0.0022
16.06.2021 01:15:36.309 GMT+0200,4247.7609999999995,4247.033,0.0022,0.0022
16.06.2021 01:15:55.077 GMT+0200,4247.664000000001,4246.933,0.0022,0.0031
16.06.2021 01:15:55.127 GMT+0200,4247.655,4246.945,0.0022,0.0022
16.06.2021 01:15:55.234 GMT+0200,4247.461,4246.751,0.0022,0.0022
16.06.2021 01:16:01.059 GMT+0200,4247.469,4247.033,0.0005,0.0022
16.06.2021 01:16:01.109 GMT+0200,4247.746,4247.054,0.0022,0.0022
16.06.2021 01:16:01.506 GMT+0200,4247.655,4246.936,0.0022,0.0022
16.06.2021 01:16:01.900 GMT+0200,4247.455,4246.733,0.0022,0.0031
16.06.2021 01:16:01.950 GMT+0200,4247.4490000000005,4246.799,0.0022,0.0022
16.06.2021 01:17:02.458 GMT+0200,4247.701,4247.036,0.0022,0.0022
16.06.2021 01:17:18.629 GMT+0200,4247.446,4246.733,0.0022,0.0031
16.06.2021 01:17:18.679 GMT+0200,4247.452,4246.7390000000005,0.0022,0.0022
16.06.2021 01:17:18.796 GMT+0200,4247.451,4246.951,0.0005,0.0022
16.06.2021 01:17:18.846 GMT+0200,4247.661,4246.951,0.0022,0.0022
16.06.2021 01:17:19.730 GMT+0200,4247.467000000001,4246.742,0.0022,0.0031
16.06.2021 01:17:19.781 GMT+0200,4247.4490000000005,4246.799,0.0022,0.0022
16.06.2021 01:17:20.282 GMT+0200,4247.463,4247.036,0.0005,0.0022
16.06.2021 01:17:20.332 GMT+0200,4247.767,4247.099,0.0022,0.0022
16.06.2021 01:17:44.732 GMT+0200,4247.446,4246.742,0.0022,0.0031
16.06.2021 01:17:44.783 GMT+0200,4247.461,4246.742,0.0022,0.0022
16.06.2021 01:17:45.122 GMT+0200,4247.746,4247.045,0.0022,0.0022
16.06.2021 01:19:38.645 GMT+0200,4247.4490000000005,4246.736,0.0022,0.0031
16.06.2021 01:19:38.695 GMT+0200,4247.4490000000005,4246.751,0.0022,0.0022
16.06.2021 01:20:30.376 GMT+0200,4247.346,4246.648,0.0022,0.0022
16.06.2021 01:20:32.198 GMT+0200,4247.201,4246.554,0.0022,0.0031
16.06.2021 01:20:32.249 GMT+0200,4247.252,4246.542,0.0022,0.0022
16.06.2021 01:21:09.829 GMT+0200,4246.952,4246.233,0.0022,0.0031
16.06.2021 01:21:09.880 GMT+0200,4246.967000000001,4246.254,0.0022,0.0022
16.06.2021 01:21:55.630 GMT+0200,4246.758,4246.045,0.0022,0.0031
16.06.2021 01:21:55.680 GMT+0200,4246.755,4246.045,0.0022,0.0022
16.06.2021 01:22:23.413 GMT+0200,4246.766,4246.2390000000005,0.0005,0.0022
16.06.2021 01:22:23.464 GMT+0200,4246.961,4246.254,0.0022,0.0022
16.06.2021 01:22:30.627 GMT+0200,4246.758,4246.054,0.0022,0.0031
16.06.2021 01:22:30.677 GMT+0200,4246.701,4246.0509999999995,0.0022,0.0022
16.06.2021 01:23:41.472 GMT+0200,4246.467000000001,4245.7390000000005,0.0022,0.0031
16.06.2021 01:23:41.524 GMT+0200,4246.467000000001,4245.733,0.0022,0.0022
16.06.2021 01:23:41.634 GMT+0200,4246.249000000001,4245.5509999999995,0.0022,0.0031
16.06.2021 01:23:41.684 GMT+0200,4246.264,4245.599,0.0022,0.0022
16.06.2021 01:24:10.052 GMT+0200,4245.9490000000005,4245.236,0.0022,0.0031
16.06.2021 01:24:10.103 GMT+0200,4245.946,4245.236,0.0022,0.0022
16.06.2021 01:24:19.501 GMT+0200,4245.96,4245.554,0.0005,0.0022
16.06.2021 01:24:19.551 GMT+0200,4246.201,4245.5509999999995,0.0022,0.0022
16.06.2021 01:24:21.092 GMT+0200,4246.2029999999995,4245.7390000000005,0.0005,0.0022
16.06.2021 01:24:21.143 GMT+0200,4246.452,4245.733,0.0022,0.0022
16.06.2021 01:24:21.401 GMT+0200,4246.255,4245.554,0.0022,0.0031
16.06.2021 01:24:21.452 GMT+0200,4246.258,4245.548,0.0022,0.0022
16.06.2021 01:24:23.732 GMT+0200,4246.2029999999995,4245.6990000000005,0.0005,0.0022
16.06.2021 01:24:23.783 GMT+0200,4246.3640000000005,4245.648,0.0022,0.0022
16.06.2021 01:24:23.900 GMT+0200,4246.363,4245.736,0.0005,0.0022
16.06.2021 01:24:23.951 GMT+0200,4246.4490000000005,4245.736,0.0022,0.0022
16.06.2021 01:25:00.759 GMT+0200,4246.403,4246.033,0.0005,0.0022
16.06.2021 01:25:00.809 GMT+0200,4246.758,4246.048,0.0022,0.0022
16.06.2021 01:25:02.400 GMT+0200,4246.464,4245.751,0.0022,0.0031
16.06.2021 01:25:02.450 GMT+0200,4246.455,4245.733,0.0022,0.0022
16.06.2021 01:26:28.900 GMT+0200,4246.457,4246.099,0.0005,0.0022
16.06.2021 01:26:28.950 GMT+0200,4246.746,4246.042,0.0022,0.0022
16.06.2021 01:26:49.433 GMT+0200,4246.401,4245.754,0.0022,0.0031
16.06.2021 01:26:49.484 GMT+0200,4246.458,4245.748,0.0022,0.0022
16.06.2021 01:27:26.460 GMT+0200,4246.255,4245.554,0.0022,0.0022
16.06.2021 01:30:12.558 GMT+0200,4245.946,4245.242,0.0022,0.0022
16.06.2021 01:30:18.411 GMT+0200,4245.755,4245.036,0.0022,0.0031
16.06.2021 01:30:18.462 GMT+0200,4245.764,4245.048,0.0022,0.0022
16.06.2021 01:30:25.051 GMT+0200,4245.7570000000005,4245.236,0.0005,0.0022
16.06.2021 01:30:25.102 GMT+0200,4245.955,4245.251,0.0022,0.0022
16.06.2021 01:33:06.387 GMT+0200,4245.752,4245.054,0.0022,0.0031
16.06.2021 01:33:06.437 GMT+0200,4245.767,4245.099,0.0022,0.0022
16.06.2021 01:33:14.117 GMT+0200,4245.401,4244.733,0.0022,0.0022
16.06.2021 01:33:19.958 GMT+0200,4245.46,4245.048,0.0005,0.0022
16.06.2021 01:33:20.008 GMT+0200,4245.749000000001,4245.036,0.0022,0.0022
16.06.2021 01:33:37.761 GMT+0200,4245.7570000000005,4245.299,0.0005,0.0022
16.06.2021 01:33:37.811 GMT+0200,4245.961,4245.254,0.0022,0.0022
16.06.2021 01:35:05.250 GMT+0200,4245.749000000001,4245.036,0.0022,0.0022
16.06.2021 01:35:26.255 GMT+0200,4245.769,4245.299,0.0005,0.0022
16.06.2021 01:35:26.306 GMT+0200,4245.952,4245.254,0.0022,0.0022
16.06.2021 01:35:32.464 GMT+0200,4245.764,4245.0509999999995,0.0022,0.0031
16.06.2021 01:35:32.514 GMT+0200,4245.758,4245.033,0.0022,0.0022
16.06.2021 01:35:39.366 GMT+0200,4245.901,4245.299,0.0022,0.0022
16.06.2021 01:36:24.100 GMT+0200,4245.903,4245.5509999999995,0.0005,0.0022
16.06.2021 01:36:24.150 GMT+0200,4246.264,4245.554,0.0022,0.0022
16.06.2021 01:36:36.174 GMT+0200,4245.955,4245.245,0.0022,0.0031
16.06.2021 01:36:36.225 GMT+0200,4245.967000000001,4245.242,0.0022,0.0022
16.06.2021 01:36:38.133 GMT+0200,4245.903,4245.536,0.0005,0.0022
16.06.2021 01:36:38.184 GMT+0200,4246.201,4245.539000000001,0.0022,0.0022
16.06.2021 01:36:59.325 GMT+0200,4246.458,4245.799,0.0022,0.0022
16.06.2021 01:39:01.123 GMT+0200,4246.451,4246.039000000001,0.0005,0.0022
16.06.2021 01:39:01.173 GMT+0200,4246.755,4246.036,0.0022,0.0022
16.06.2021 01:39:02.501 GMT+0200,4246.461,4245.736,0.0022,0.0022
16.06.2021 01:39:04.386 GMT+0200,4246.403,4246.045,0.0005,0.0022
16.06.2021 01:39:04.436 GMT+0200,4246.755,4246.054,0.0022,0.0022
16.06.2021 01:39:09.589 GMT+0200,4246.649,4245.939,0.0022,0.0031
16.06.2021 01:39:09.640 GMT+0200,4246.655,4245.948,0.0022,0.0022
16.06.2021 01:39:09.764 GMT+0200,4246.455,4245.751,0.0022,0.0022
16.06.2021 01:40:59.827 GMT+0200,4246.451,4246.039000000001,0.0005,0.0022
16.06.2021 01:40:59.878 GMT+0200,4246.764,4246.036,0.0022,0.0022
16.06.2021 01:41:02.450 GMT+0200,4246.467000000001,4245.745,0.0022,0.0031
16.06.2021 01:41:02.501 GMT+0200,4246.446,4245.751,0.0022,0.0022
16.06.2021 01:42:00.785 GMT+0200,4246.455,4245.7390000000005,0.0022,0.0031
16.06.2021 01:42:00.835 GMT+0200,4246.767,4246.048,0.0022,0.0022
16.06.2021 01:42:20.638 GMT+0200,4246.455,4245.754,0.0022,0.0031
16.06.2021 01:42:20.688 GMT+0200,4246.467000000001,4245.7390000000005,0.0022,0.0022
16.06.2021 01:43:14.426 GMT+0200,4246.755,4246.042,0.0022,0.0022
16.06.2021 01:44:02.380 GMT+0200,4246.467000000001,4245.733,0.0022,0.0031
16.06.2021 01:44:02.430 GMT+0200,4246.464,4245.733,0.0022,0.0022
16.06.2021 01:44:02.965 GMT+0200,4246.752,4246.054,0.0022,0.0022
16.06.2021 01:44:21.293 GMT+0200,4246.458,4245.754,0.0022,0.0031
16.06.2021 01:44:21.344 GMT+0200,4246.446,4245.754,0.0022,0.0022
16.06.2021 01:44:34.350 GMT+0200,4246.457,4245.951,0.0005,0.0022
16.06.2021 01:44:34.400 GMT+0200,4246.667,4245.936,0.0022,0.0022
16.06.2021 01:44:35.810 GMT+0200,4246.464,4245.799,0.0022,0.0031
16.06.2021 01:44:35.861 GMT+0200,4246.455,4245.745,0.0022,0.0022
16.06.2021 01:44:58.834 GMT+0200,4246.448,4246.0509999999995,0.0005,0.0022
16.06.2021 01:44:58.885 GMT+0200,4246.746,4246.054,0.0022,0.0022
16.06.2021 01:44:59.170 GMT+0200,4246.649,4245.951,0.0022,0.0031
16.06.2021 01:44:59.220 GMT+0200,4246.652,4245.939,0.0022,0.0022
16.06.2021 01:44:59.422 GMT+0200,4246.458,4245.748,0.0022,0.0022
16.06.2021 01:44:59.753 GMT+0200,4246.661,4245.948,0.0022,0.0022
16.06.2021 01:45:00.083 GMT+0200,4246.764,4246.045,0.0022,0.0022
16.06.2021 01:45:21.336 GMT+0200,4246.452,4245.733,0.0022,0.0031
16.06.2021 01:45:21.386 GMT+0200,4246.467000000001,4245.736,0.0022,0.0022
16.06.2021 01:45:43.386 GMT+0200,4246.258,4245.536,0.0022,0.0031
16.06.2021 01:45:43.436 GMT+0200,4246.249000000001,4245.554,0.0022,0.0022
16.06.2021 01:45:47.222 GMT+0200,4245.948,4245.539000000001,0.0005,0.0022
16.06.2021 01:45:47.273 GMT+0200,4245.952,4245.299,0.0022,0.0022
16.06.2021 01:46:25.015 GMT+0200,4245.965999999999,4245.5509999999995,0.0005,0.0022
16.06.2021 01:46:25.066 GMT+0200,4246.264,4245.554,0.0022,0.0022
16.06.2021 01:47:10.864 GMT+0200,4246.248,4245.736,0.0005,0.0022
16.06.2021 01:47:10.915 GMT+0200,4246.446,4245.733,0.0022,0.0022
16.06.2021 01:47:17.926 GMT+0200,4246.403,4246.054,0.0005,0.0022
16.06.2021 01:47:17.976 GMT+0200,4246.764,4246.036,0.0022,0.0022
16.06.2021 01:47:28.157 GMT+0200,4246.461,4245.7390000000005,0.0022,0.0022
16.06.2021 01:48:09.758 GMT+0200,4246.752,4246.045,0.0022,0.0022
16.06.2021 01:48:57.885 GMT+0200,4246.748,4246.233,0.0005,0.0022
16.06.2021 01:48:57.935 GMT+0200,4246.961,4246.254,0.0022,0.0022
16.06.2021 01:49:18.884 GMT+0200,4246.948,4246.533,0.0005,0.0022
16.06.2021 01:49:18.934 GMT+0200,4247.264,4246.554,0.0022,0.0022
16.06.2021 01:49:20.530 GMT+0200,4246.958,4246.248,0.0022,0.0031
16.06.2021 01:49:20.580 GMT+0200,4246.955,4246.248,0.0022,0.0022
16.06.2021 01:49:22.233 GMT+0200,4246.963,4246.542,0.0005,0.0022
16.06.2021 01:49:22.284 GMT+0200,4247.252,4246.533,0.0022,0.0022
16.06.2021 01:49:38.153 GMT+0200,4247.452,4246.733,0.0022,0.0022
16.06.2021 01:49:41.612 GMT+0200,4247.46,4247.054,0.0005,0.0022
16.06.2021 01:49:41.663 GMT+0200,4247.7609999999995,4247.0509999999995,0.0022,0.0022
16.06.2021 01:50:05.021 GMT+0200,4247.751,4247.233,0.0005,0.0022
16.06.2021 01:50:05.072 GMT+0200,4247.955,4247.299,0.0022,0.0022
16.06.2021 01:50:10.060 GMT+0200,4247.948,4247.536,0.0005,0.0022
16.06.2021 01:50:10.110 GMT+0200,4248.264,4247.539000000001,0.0022,0.0022
16.06.2021 01:50:15.158 GMT+0200,4247.948,4247.545,0.0005,0.0022
16.06.2021 01:50:15.209 GMT+0200,4247.9490000000005,4247.248,0.0022,0.0022
16.06.2021 01:50:16.492 GMT+0200,4247.746,4247.042,0.0022,0.0031
16.06.2021 01:50:16.542 GMT+0200,4247.764,4247.054,0.0022,0.0022
16.06.2021 01:50:20.738 GMT+0200,4247.961,4247.248,0.0022,0.0022
16.06.2021 01:50:22.387 GMT+0200,4248.258,4247.554,0.0022,0.0022
16.06.2021 01:50:25.148 GMT+0200,4248.167,4247.442,0.0022,0.0031
16.06.2021 01:50:25.199 GMT+0200,4248.152,4247.433,0.0022,0.0022
16.06.2021 01:50:25.907 GMT+0200,4248.169,4247.539000000001,0.0005,0.0022
16.06.2021 01:50:25.958 GMT+0200,4248.201,4247.545,0.0022,0.0022
16.06.2021 01:50:27.504 GMT+0200,4248.2029999999995,4247.799,0.0005,0.0022
16.06.2021 01:50:27.555 GMT+0200,4248.446,4247.754,0.0022,0.0022
16.06.2021 01:50:28.922 GMT+0200,4248.3550000000005,4247.651,0.0022,0.0031
16.06.2021 01:50:28.972 GMT+0200,4248.361,4247.6359999999995,0.0022,0.0022
16.06.2021 01:50:29.082 GMT+0200,4248.255,4247.536,0.0022,0.0031
16.06.2021 01:50:29.133 GMT+0200,4248.246,4247.539000000001,0.0022,0.0022
16.06.2021 01:50:42.328 GMT+0200,4248.2029999999995,4247.7390000000005,0.0005,0.0022
16.06.2021 01:50:42.379 GMT+0200,4248.452,4247.799,0.0022,0.0022
16.06.2021 01:50:54.511 GMT+0200,4248.358,4247.633,0.0022,0.0031
16.06.2021 01:50:54.561 GMT+0200,4248.349,4247.6990000000005,0.0022,0.0022
16.06.2021 01:50:54.992 GMT+0200,4248.366,4247.748,0.0005,0.0022
16.06.2021 01:50:55.043 GMT+0200,4248.467000000001,4247.733,0.0022,0.0022
16.06.2021 01:50:55.153 GMT+0200,4248.358,4247.639,0.0022,0.0031
16.06.2021 01:50:55.203 GMT+0200,4248.3550000000005,4247.642,0.0022,0.0022
16.06.2021 01:50:56.413 GMT+0200,4248.255,4247.599,0.0022,0.0031
16.06.2021 01:50:56.464 GMT+0200,4248.258,4247.548,0.0022,0.0022
16.06.2021 01:50:58.763 GMT+0200,4248.266,4247.7390000000005,0.0005,0.0022
16.06.2021 01:50:58.813 GMT+0200,4248.464,4247.748,0.0022,0.0022
16.06.2021 01:50:59.762 GMT+0200,4248.246,4247.5509999999995,0.0022,0.0031
16.06.2021 01:50:59.813 GMT+0200,4248.201,4247.554,0.0022,0.0022
16.06.2021 01:51:02.798 GMT+0200,4248.2029999999995,4247.742,0.0005,0.0022
16.06.2021 01:51:02.848 GMT+0200,4248.452,4247.754,0.0022,0.0022
16.06.2021 01:51:05.340 GMT+0200,4248.252,4247.536,0.0022,0.0031
16.06.2021 01:51:05.391 GMT+0200,4248.252,4247.542,0.0022,0.0022
16.06.2021 01:51:09.026 GMT+0200,4248.269,4247.751,0.0005,0.0022
16.06.2021 01:51:09.076 GMT+0200,4248.4490000000005,4247.736,0.0022,0.0022
16.06.2021 01:51:09.546 GMT+0200,4248.255,4247.548,0.0022,0.0031
16.06.2021 01:51:09.597 GMT+0200,4248.201,4247.539000000001,0.0022,0.0022
16.06.2021 01:51:09.862 GMT+0200,4248.251,4247.799,0.0005,0.0022
16.06.2021 01:51:09.913 GMT+0200,4248.455,4247.748,0.0022,0.0022
16.06.2021 01:51:31.724 GMT+0200,4248.752,4248.045,0.0022,0.0022
16.06.2021 01:51:33.203 GMT+0200,4248.769,4247.299,0.0005,0.0031
16.06.2021 01:51:33.254 GMT+0200,4247.9490000000005,4247.248,0.0022,0.0022
16.06.2021 01:51:41.682 GMT+0200,4247.96,4247.548,0.0005,0.0022
16.06.2021 01:51:41.733 GMT+0200,4248.258,4247.542,0.0022,0.0022
16.06.2021 01:51:42.783 GMT+0200,4248.26,4247.733,0.0005,0.0022
16.06.2021 01:51:42.834 GMT+0200,4248.4490000000005,4247.745,0.0022,0.0022
16.06.2021 01:51:45.746 GMT+0200,4248.448,4248.045,0.0005,0.0022
16.06.2021 01:51:45.797 GMT+0200,4248.755,4248.099,0.0022,0.0022
16.06.2021 01:51:47.026 GMT+0200,4248.467000000001,4247.736,0.0022,0.0031
16.06.2021 01:51:47.076 GMT+0200,4248.461,4247.7390000000005,0.0022,0.0022
16.06.2021 01:51:47.822 GMT+0200,4248.451,4248.054,0.0005,0.0022
16.06.2021 01:51:47.872 GMT+0200,4248.701,4248.0509999999995,0.0022,0.0022
16.06.2021 01:51:51.205 GMT+0200,4248.658,4247.999000000001,0.0022,0.0022
16.06.2021 01:51:51.323 GMT+0200,4248.467000000001,4247.754,0.0022,0.0031
16.06.2021 01:51:51.373 GMT+0200,4248.458,4247.733,0.0022,0.0022
16.06.2021 01:52:02.346 GMT+0200,4248.2609999999995,4247.536,0.0022,0.0031
16.06.2021 01:52:02.397 GMT+0200,4248.255,4247.5509999999995,0.0022,0.0022
16.06.2021 01:52:07.043 GMT+0200,4248.2029999999995,4247.7390000000005,0.0005,0.0022
16.06.2021 01:52:07.094 GMT+0200,4248.401,4247.736,0.0022,0.0022
16.06.2021 01:52:07.418 GMT+0200,4248.346,4247.633,0.0022,0.0031
16.06.2021 01:52:07.468 GMT+0200,4248.349,4247.648,0.0022,0.0022
16.06.2021 01:52:09.582 GMT+0200,4248.363,4247.754,0.0005,0.0022
16.06.2021 01:52:09.633 GMT+0200,4248.461,4247.751,0.0022,0.0022
16.06.2021 01:52:19.058 GMT+0200,4248.255,4247.554,0.0022,0.0031
16.06.2021 01:52:19.109 GMT+0200,4248.252,4247.542,0.0022,0.0022
16.06.2021 01:52:19.702 GMT+0200,4248.254,4247.733,0.0005,0.0022
16.06.2021 01:52:19.752 GMT+0200,4248.461,4247.751,0.0022,0.0022
16.06.2021 01:52:32.226 GMT+0200,4248.267,4247.545,0.0022,0.0022
16.06.2021 01:52:33.666 GMT+0200,4248.251,4247.751,0.0005,0.0022
16.06.2021 01:52:33.716 GMT+0200,4248.446,4247.736,0.0022,0.0022
16.06.2021 01:52:46.370 GMT+0200,4248.457,4248.039000000001,0.0005,0.0022
16.06.2021 01:52:46.420 GMT+0200,4248.752,4248.045,0.0022,0.0022
16.06.2021 01:53:09.058 GMT+0200,4248.458,4247.7390000000005,0.0022,0.0031
16.06.2021 01:53:09.108 GMT+0200,4248.452,4247.742,0.0022,0.0022
16.06.2021 01:53:09.231 GMT+0200,4248.465999999999,4248.033,0.0005,0.0022
16.06.2021 01:53:09.281 GMT+0200,4248.752,4248.0509999999995,0.0022,0.0022
16.06.2021 01:53:20.338 GMT+0200,4248.401,4247.754,0.0022,0.0031
16.06.2021 01:53:20.388 GMT+0200,4248.467000000001,4247.754,0.0022,0.0022
16.06.2021 01:53:23.445 GMT+0200,4248.2609999999995,4247.5509999999995,0.0022,0.0031
16.06.2021 01:53:23.495 GMT+0200,4248.258,4247.533,0.0022,0.0022
16.06.2021 01:53:29.636 GMT+0200,4248.26,4247.745,0.0005,0.0022
16.06.2021 01:53:29.686 GMT+0200,4248.467000000001,4247.748,0.0022,0.0022
16.06.2021 01:53:31.122 GMT+0200,4248.3550000000005,4247.642,0.0022,0.0031
16.06.2021 01:53:31.172 GMT+0200,4248.358,4247.642,0.0022,0.0022
16.06.2021 01:53:32.273 GMT+0200,4248.357,4247.754,0.0005,0.0022
16.06.2021 01:53:32.323 GMT+0200,4248.452,4247.748,0.0022,0.0022
16.06.2021 01:53:57.738 GMT+0200,4248.255,4247.599,0.0022,0.0031
16.06.2021 01:53:57.788 GMT+0200,4248.267,4247.539000000001,0.0022,0.0022
16.06.2021 01:55:05.930 GMT+0200,4248.254,4247.745,0.0005,0.0022
16.06.2021 01:55:05.981 GMT+0200,4248.446,4247.799,0.0022,0.0022
16.06.2021 01:55:17.268 GMT+0200,4248.246,4247.539000000001,0.0022,0.0031
16.06.2021 01:55:17.318 GMT+0200,4248.267,4247.539000000001,0.0022,0.0022
16.06.2021 01:55:32.067 GMT+0200,4247.955,4247.245,0.0022,0.0022
16.06.2021 01:55:42.960 GMT+0200,4248.258,4247.5509999999995,0.0022,0.0022
16.06.2021 01:55:52.865 GMT+0200,4247.964,4247.251,0.0022,0.0031
16.06.2021 01:55:52.915 GMT+0200,4247.958,4247.236,0.0022,0.0022
16.06.2021 01:56:12.574 GMT+0200,4248.255,4247.548,0.0022,0.0022
16.06.2021 01:56:13.665 GMT+0200,4248.161,4247.442,0.0022,0.0031
16.06.2021 01:56:13.715 GMT+0200,4248.161,4247.448,0.0022,0.0022
16.06.2021 01:56:16.809 GMT+0200,4247.952,4247.248,0.0022,0.0031
16.06.2021 01:56:16.860 GMT+0200,4247.955,4247.236,0.0022,0.0022
16.06.2021 01:56:19.224 GMT+0200,4247.767,4247.039000000001,0.0022,0.0031
16.06.2021 01:56:19.275 GMT+0200,4247.752,4247.036,0.0022,0.0022
16.06.2021 01:56:19.379 GMT+0200,4247.452,4246.742,0.0022,0.0031
16.06.2021 01:56:19.430 GMT+0200,4247.446,4246.751,0.0022,0.0022
16.06.2021 01:56:19.932 GMT+0200,4247.457,4247.099,0.0005,0.0022
16.06.2021 01:56:19.982 GMT+0200,4247.767,4247.042,0.0022,0.0022
16.06.2021 01:57:59.846 GMT+0200,4247.461,4246.742,0.0022,0.0031
16.06.2021 01:57:59.896 GMT+0200,4247.446,4246.733,0.0022,0.0022
16.06.2021 01:58:16.622 GMT+0200,4247.201,4246.533,0.0022,0.0022
16.06.2021 01:58:19.043 GMT+0200,4246.961,4246.248,0.0022,0.0031
16.06.2021 01:58:19.093 GMT+0200,4246.958,4246.254,0.0022,0.0022
16.06.2021 01:58:23.333 GMT+0200,4246.758,4246.045,0.0022,0.0031
16.06.2021 01:58:23.383 GMT+0200,4246.767,4246.048,0.0022,0.0022
16.06.2021 01:58:23.908 GMT+0200,4246.763,4246.242,0.0005,0.0022
16.06.2021 01:58:23.958 GMT+0200,4246.901,4246.245,0.0022,0.0022
16.06.2021 01:58:28.413 GMT+0200,4246.969,4246.542,0.0005,0.0022
16.06.2021 01:58:28.464 GMT+0200,4247.255,4246.599,0.0022,0.0022
16.06.2021 01:58:33.384 GMT+0200,4246.948,4246.548,0.0005,0.0022
16.06.2021 01:58:33.434 GMT+0200,4246.958,4246.233,0.0022,0.0022
16.06.2021 01:58:41.388 GMT+0200,4247.267,4246.5509999999995,0.0022,0.0022
16.06.2021 01:58:51.413 GMT+0200,4246.9490000000005,4246.236,0.0022,0.0031
16.06.2021 01:58:51.463 GMT+0200,4246.967000000001,4246.2390000000005,0.0022,0.0022
16.06.2021 01:59:22.141 GMT+0200,4246.903,4246.5509999999995,0.0005,0.0022
16.06.2021 01:59:22.192 GMT+0200,4247.201,4246.545,0.0022,0.0022
16.06.2021 01:59:31.705 GMT+0200,4247.26,4246.754,0.0005,0.0022
16.06.2021 01:59:31.756 GMT+0200,4247.464,4246.751,0.0022,0.0022
16.06.2021 01:59:51.786 GMT+0200,4247.255,4246.539000000001,0.0022,0.0031
16.06.2021 01:59:51.836 GMT+0200,4247.2609999999995,4246.542,0.0022,0.0022
16.06.2021 01:59:52.418 GMT+0200,4247.269,4246.7390000000005,0.0005,0.0022
16.06.2021 01:59:52.468 GMT+0200,4247.452,4246.799,0.0022,0.0022
16.06.2021 01:59:52.948 GMT+0200,4247.358,4246.651,0.0022,0.0031
16.06.2021 01:59:52.999 GMT+0200,4247.361,4246.648,0.0022,0.0022
16.06.2021 01:59:53.612 GMT+0200,4247.264,4246.533,0.0022,0.0031
16.06.2021 01:59:53.663 GMT+0200,4247.258,4246.545,0.0022,0.0022
16.06.2021 01:59:53.772 GMT+0200,4247.251,4246.633,0.0005,0.0022
16.06.2021 01:59:53.822 GMT+0200,4247.3009999999995,4246.654,0.0022,0.0022
16.06.2021 01:59:56.322 GMT+0200,4247.252,4246.548,0.0022,0.0022
16.06.2021 01:59:56.460 GMT+0200,4247.26,4246.639,0.0005,0.0022
16.06.2021 01:59:56.511 GMT+0200,4247.3550000000005,4246.6990000000005,0.0022,0.0022
16.06.2021 01:59:57.313 GMT+0200,4247.264,4246.599,0.0022,0.0022
16.06.2021 02:00:01.296 GMT+0200,4247.446,4246.748,0.0022,0.0022
16.06.2021 02:00:02.852 GMT+0200,4247.267,4246.548,0.0022,0.0031
16.06.2021 02:00:02.902 GMT+0200,4247.258,4246.548,0.0022,0.0022
16.06.2021 02:00:04.970 GMT+0200,4247.263,4246.736,0.0005,0.0022
16.06.2021 02:00:05.020 GMT+0200,4247.461,4246.733,0.0022,0.0022
16.06.2021 02:00:08.491 GMT+0200,4247.454000000001,4247.054,0.0005,0.0022
16.06.2021 02:00:08.542 GMT+0200,4247.746,4247.042,0.0022,0.0022
16.06.2021 02:00:09.729 GMT+0200,4247.458,4246.733,0.0022,0.0031
16.06.2021 02:00:09.779 GMT+0200,4247.458,4246.742,0.0022,0.0022
16.06.2021 02:00:09.892 GMT+0200,4247.403,4247.048,0.0005,0.0022
16.06.2021 02:00:09.943 GMT+0200,4247.752,4247.045,0.0022,0.0022
16.06.2021 02:00:10.376 GMT+0200,4247.646,4246.954000000001,0.0022,0.0031
16.06.2021 02:00:10.426 GMT+0200,4247.661,4246.948,0.0022,0.0022
16.06.2021 02:00:10.871 GMT+0200,4247.446,4246.733,0.0022,0.0022
16.06.2021 02:00:17.610 GMT+0200,4247.457,4247.042,0.0005,0.0022
16.06.2021 02:00:17.660 GMT+0200,4247.758,4247.048,0.0022,0.0022
16.06.2021 02:00:18.591 GMT+0200,4247.467000000001,4246.751,0.0022,0.0031
16.06.2021 02:00:18.641 GMT+0200,4247.467000000001,4246.742,0.0022,0.0022
16.06.2021 02:00:41.224 GMT+0200,4247.249000000001,4246.545,0.0022,0.0031
16.06.2021 02:00:41.274 GMT+0200,4247.249000000001,4246.5509999999995,0.0022,0.0022
16.06.2021 02:00:45.103 GMT+0200,4246.901,4246.242,0.0022,0.0031
16.06.2021 02:00:45.154 GMT+0200,4246.946,4246.254,0.0022,0.0022
16.06.2021 02:00:46.210 GMT+0200,4246.903,4246.536,0.0005,0.0022
16.06.2021 02:00:46.260 GMT+0200,4247.246,4246.5509999999995,0.0022,0.0022
16.06.2021 02:00:48.975 GMT+0200,4247.452,4246.742,0.0022,0.0022
16.06.2021 02:00:49.140 GMT+0200,4247.258,4246.545,0.0022,0.0031
16.06.2021 02:00:49.192 GMT+0200,4247.255,4246.533,0.0022,0.0022
16.06.2021 02:00:49.306 GMT+0200,4247.361,4246.654,0.0022,0.0022
16.06.2021 02:00:49.890 GMT+0200,4247.369000000001,4246.733,0.0005,0.0022
16.06.2021 02:00:49.940 GMT+0200,4247.446,4246.799,0.0022,0.0022
16.06.2021 02:00:54.256 GMT+0200,4247.7609999999995,4247.0509999999995,0.0022,0.0022
16.06.2021 02:00:56.937 GMT+0200,4247.763,4247.148,0.0005,0.0022
16.06.2021 02:00:56.988 GMT+0200,4247.849,4247.154,0.0022,0.0022
16.06.2021 02:00:57.556 GMT+0200,4247.755,4247.054,0.0022,0.0022
16.06.2021 02:00:58.217 GMT+0200,4247.861,4247.133,0.0022,0.0022
16.06.2021 02:00:58.671 GMT+0200,4247.752,4247.036,0.0022,0.0031
16.06.2021 02:00:58.721 GMT+0200,4247.701,4247.045,0.0022,0.0022
16.06.2021 02:00:59.399 GMT+0200,4247.766,4247.139,0.0005,0.0022
16.06.2021 02:00:59.449 GMT+0200,4247.8550000000005,4247.142,0.0022,0.0022
16.06.2021 02:00:59.523 GMT+0200,4247.863,4247.251,0.0005,0.0022
16.06.2021 02:00:59.574 GMT+0200,4247.952,4247.299,0.0022,0.0022
16.06.2021 02:00:59.689 GMT+0200,4247.858,4247.148,0.0022,0.0031
16.06.2021 02:00:59.739 GMT+0200,4247.852,4247.139,0.0022,0.0022
16.06.2021 02:01:00.006 GMT+0200,4247.869000000001,4247.242,0.0005,0.0022
16.06.2021 02:01:00.056 GMT+0200,4247.955,4247.299,0.0022,0.0022
16.06.2021 02:01:00.316 GMT+0200,4247.746,4247.042,0.0022,0.0031
16.06.2021 02:01:00.367 GMT+0200,4247.758,4247.042,0.0022,0.0022
16.06.2021 02:01:06.796 GMT+0200,4247.464,4246.751,0.0022,0.0031
16.06.2021 02:01:06.847 GMT+0200,4247.467000000001,4246.751,0.0022,0.0022
16.06.2021 02:01:10.840 GMT+0200,4247.403,4246.999000000001,0.0005,0.0022
16.06.2021 02:01:10.891 GMT+0200,4247.664000000001,4246.942,0.0022,0.0022
16.06.2021 02:01:11.038 GMT+0200,4247.666,4247.054,0.0005,0.0022
16.06.2021 02:01:11.088 GMT+0200,4247.767,4247.048,0.0022,0.0022
16.06.2021 02:01:11.357 GMT+0200,4247.467000000001,4246.754,0.0022,0.0031
16.06.2021 02:01:11.408 GMT+0200,4247.401,4246.7390000000005,0.0022,0.0022
16.06.2021 02:01:13.706 GMT+0200,4247.249000000001,4246.554,0.0022,0.0031
16.06.2021 02:01:13.757 GMT+0200,4247.246,4246.536,0.0022,0.0022
16.06.2021 02:01:15.234 GMT+0200,4246.952,4246.233,0.0022,0.0031
16.06.2021 02:01:15.285 GMT+0200,4246.955,4246.2390000000005,0.0022,0.0022
16.06.2021 02:01:22.822 GMT+0200,4246.951,4246.533,0.0005,0.0022
16.06.2021 02:01:22.873 GMT+0200,4247.249000000001,4246.536,0.0022,0.0022
16.06.2021 02:01:25.582 GMT+0200,4247.263,4246.733,0.0005,0.0022
16.06.2021 02:01:25.632 GMT+0200,4247.458,4246.736,0.0022,0.0022
16.06.2021 02:01:26.647 GMT+0200,4247.255,4246.599,0.0022,0.0022
16.06.2021 02:01:32.919 GMT+0200,4247.464,4246.745,0.0022,0.0022
16.06.2021 02:01:33.390 GMT+0200,4247.267,4246.533,0.0022,0.0031
16.06.2021 02:01:33.441 GMT+0200,4247.2609999999995,4246.542,0.0022,0.0022
16.06.2021 02:01:40.262 GMT+0200,4247.2570000000005,4246.645,0.0005,0.0022
16.06.2021 02:01:40.312 GMT+0200,4247.3640000000005,4246.648,0.0022,0.0022
16.06.2021 02:01:40.584 GMT+0200,4247.366,4246.799,0.0005,0.0022
16.06.2021 02:01:40.634 GMT+0200,4247.455,4246.745,0.0022,0.0022
16.06.2021 02:01:43.575 GMT+0200,4247.2609999999995,4246.539000000001,0.0022,0.0031
16.06.2021 02:01:43.625 GMT+0200,4247.201,4246.545,0.0022,0.0022
16.06.2021 02:01:43.897 GMT+0200,4247.2570000000005,4246.6359999999995,0.0005,0.0022
16.06.2021 02:01:43.948 GMT+0200,4247.358,4246.645,0.0022,0.0022
16.06.2021 02:01:44.141 GMT+0200,4247.201,4246.533,0.0022,0.0022
16.06.2021 02:01:45.389 GMT+0200,4247.2570000000005,4246.642,0.0005,0.0022
16.06.2021 02:01:45.439 GMT+0200,4247.349,4246.651,0.0022,0.0022
16.06.2021 02:01:45.858 GMT+0200,4247.258,4246.548,0.0022,0.0031
16.06.2021 02:01:45.909 GMT+0200,4247.2609999999995,4246.539000000001,0.0022,0.0022
16.06.2021 02:01:46.021 GMT+0200,4247.266,4246.733,0.0005,0.0022
16.06.2021 02:01:46.072 GMT+0200,4247.446,4246.733,0.0022,0.0022
16.06.2021 02:01:47.241 GMT+0200,4247.201,4246.536,0.0022,0.0031
16.06.2021 02:01:47.291 GMT+0200,4247.246,4246.533,0.0022,0.0022
16.06.2021 02:01:48.289 GMT+0200,4247.266,4246.745,0.0005,0.0022
16.06.2021 02:01:48.340 GMT+0200,4247.461,4246.754,0.0022,0.0022
16.06.2021 02:01:57.634 GMT+0200,4247.463,4247.042,0.0005,0.0022
16.06.2021 02:01:57.685 GMT+0200,4247.764,4247.054,0.0022,0.0022
16.06.2021 02:01:58.794 GMT+0200,4247.455,4246.754,0.0022,0.0031
16.06.2021 02:01:58.844 GMT+0200,4247.452,4246.742,0.0022,0.0022
16.06.2021 02:02:00.352 GMT+0200,4247.457,4246.951,0.0005,0.0022
16.06.2021 02:02:00.402 GMT+0200,4247.601,4246.936,0.0022,0.0022
16.06.2021 02:02:00.544 GMT+0200,4247.755,4247.099,0.0022,0.0022
16.06.2021 02:02:02.402 GMT+0200,4247.458,4246.7390000000005,0.0022,0.0031
16.06.2021 02:02:02.452 GMT+0200,4247.401,4246.751,0.0022,0.0022
16.06.2021 02:02:02.563 GMT+0200,4247.465999999999,4246.999000000001,0.0005,0.0022
16.06.2021 02:02:02.614 GMT+0200,4247.649,4246.936,0.0022,0.0022
16.06.2021 02:02:03.101 GMT+0200,4247.603,4247.033,0.0005,0.0022
16.06.2021 02:02:03.152 GMT+0200,4247.746,4247.048,0.0022,0.0022
16.06.2021 02:02:17.612 GMT+0200,4247.769,4247.2390000000005,0.0005,0.0022
16.06.2021 02:02:17.663 GMT+0200,4247.958,4247.251,0.0022,0.0022
16.06.2021 02:02:35.834 GMT+0200,4247.965999999999,4247.533,0.0005,0.0022
16.06.2021 02:02:35.884 GMT+0200,4248.201,4247.536,0.0022,0.0022
16.06.2021 02:02:42.426 GMT+0200,4248.26,4247.742,0.0005,0.0022
16.06.2021 02:02:42.477 GMT+0200,4248.401,4247.754,0.0022,0.0022
16.06.2021 02:02:43.678 GMT+0200,4248.249000000001,4247.539000000001,0.0022,0.0031
16.06.2021 02:02:43.729 GMT+0200,4248.246,4247.5509999999995,0.0022,0.0022
16.06.2021 02:02:44.151 GMT+0200,4248.269,4247.733,0.0005,0.0022
16.06.2021 02:02:44.202 GMT+0200,4248.401,4247.799,0.0022,0.0022
16.06.2021 02:02:49.271 GMT+0200,4248.249000000001,4247.533,0.0022,0.0022
16.06.2021 02:02:52.243 GMT+0200,4247.958,4247.236,0.0022,0.0022
16.06.2021 02:03:01.193 GMT+0200,4247.767,4247.033,0.0022,0.0022
16.06.2021 02:03:02.323 GMT+0200,4247.901,4247.242,0.0022,0.0022
16.06.2021 02:03:07.356 GMT+0200,4247.951,4247.599,0.0005,0.0022
16.06.2021 02:03:07.406 GMT+0200,4248.252,4247.536,0.0022,0.0022
16.06.2021 02:03:08.136 GMT+0200,4247.9490000000005,4247.251,0.0022,0.0031
16.06.2021 02:03:08.187 GMT+0200,4247.901,4247.251,0.0022,0.0022
16.06.2021 02:03:09.478 GMT+0200,4247.96,4247.542,0.0005,0.0022
16.06.2021 02:03:09.528 GMT+0200,4248.249000000001,4247.5509999999995,0.0022,0.0022
16.06.2021 02:03:10.220 GMT+0200,4247.901,4247.242,0.0022,0.0031
16.06.2021 02:03:10.270 GMT+0200,4247.961,4247.251,0.0022,0.0022
16.06.2021 02:03:13.777 GMT+0200,4247.963,4247.439,0.0005,0.0022
16.06.2021 02:03:13.827 GMT+0200,4248.149,4247.442,0.0022,0.0022
16.06.2021 02:03:15.439 GMT+0200,4247.901,4247.251,0.0022,0.0031
16.06.2021 02:03:15.490 GMT+0200,4247.9490000000005,4247.299,0.0022,0.0022
16.06.2021 02:03:23.178 GMT+0200,4247.749000000001,4247.0509999999995,0.0022,0.0031
16.06.2021 02:03:23.228 GMT+0200,4247.758,4247.048,0.0022,0.0022
16.06.2021 02:03:26.479 GMT+0200,4247.751,4247.233,0.0005,0.0022
16.06.2021 02:03:26.530 GMT+0200,4247.946,4247.242,0.0022,0.0022
16.06.2021 02:03:30.683 GMT+0200,4247.749000000001,4247.039000000001,0.0022,0.0031
16.06.2021 02:03:30.733 GMT+0200,4247.752,4247.099,0.0022,0.0022
16.06.2021 02:03:46.587 GMT+0200,4247.467000000001,4246.799,0.0022,0.0031
16.06.2021 02:03:46.637 GMT+0200,4247.458,4246.736,0.0022,0.0022
16.06.2021 02:03:57.858 GMT+0200,4247.463,4247.033,0.0005,0.0022
16.06.2021 02:03:57.908 GMT+0200,4247.701,4247.099,0.0022,0.0022
16.06.2021 02:04:12.585 GMT+0200,4247.751,4247.154,0.0005,0.0022
16.06.2021 02:04:12.635 GMT+0200,4247.867,4247.151,0.0022,0.0022
16.06.2021 02:04:12.907 GMT+0200,4247.746,4247.039000000001,0.0022,0.0031
16.06.2021 02:04:12.958 GMT+0200,4247.752,4247.045,0.0022,0.0022
16.06.2021 02:04:17.773 GMT+0200,4247.467000000001,4246.751,0.0022,0.0022
16.06.2021 02:04:18.104 GMT+0200,4247.701,4247.0509999999995,0.0022,0.0022
16.06.2021 02:04:44.284 GMT+0200,4247.746,4247.033,0.0022,0.0031
16.06.2021 02:04:44.334 GMT+0200,4247.8550000000005,4247.139,0.0022,0.0022
16.06.2021 02:04:44.451 GMT+0200,4247.869000000001,4247.233,0.0005,0.0022
16.06.2021 02:04:44.502 GMT+0200,4247.961,4247.254,0.0022,0.0022
16.06.2021 02:04:45.368 GMT+0200,4247.754,4247.254,0.0005,0.0022
16.06.2021 02:04:45.418 GMT+0200,4247.746,4247.036,0.0022,0.0022
16.06.2021 02:04:45.857 GMT+0200,4247.751,4247.251,0.0005,0.0022
16.06.2021 02:04:45.907 GMT+0200,4247.901,4247.251,0.0022,0.0022
16.06.2021 02:04:48.588 GMT+0200,4247.8640000000005,4247.1990000000005,0.0022,0.0031
16.06.2021 02:04:48.639 GMT+0200,4247.8640000000005,4247.145,0.0022,0.0022
16.06.2021 02:04:48.741 GMT+0200,4247.752,4247.036,0.0022,0.0031
16.06.2021 02:04:48.792 GMT+0200,4247.746,4247.042,0.0022,0.0022
16.06.2021 02:04:54.787 GMT+0200,4247.751,4247.233,0.0005,0.0022
16.06.2021 02:04:54.837 GMT+0200,4247.967000000001,4247.254,0.0022,0.0022
16.06.2021 02:04:54.948 GMT+0200,4247.755,4247.045,0.0022,0.0031
16.06.2021 02:04:54.999 GMT+0200,4247.755,4247.048,0.0022,0.0022
16.06.2021 02:04:59.452 GMT+0200,4247.751,4247.145,0.0005,0.0022
16.06.2021 02:04:59.503 GMT+0200,4247.858,4247.145,0.0022,0.0022
16.06.2021 02:04:59.611 GMT+0200,4247.803,4247.251,0.0005,0.0022
16.06.2021 02:04:59.662 GMT+0200,4247.952,4247.242,0.0022,0.0022
16.06.2021 02:05:00.734 GMT+0200,4247.963,4247.542,0.0005,0.0022
16.06.2021 02:05:00.784 GMT+0200,4248.264,4247.5509999999995,0.0022,0.0022
16.06.2021 02:05:08.232 GMT+0200,4248.269,4247.799,0.0005,0.0022
16.06.2021 02:05:08.283 GMT+0200,4248.4490000000005,4247.748,0.0022,0.0022
16.06.2021 02:05:24.546 GMT+0200,4248.258,4247.542,0.0022,0.0031
16.06.2021 02:05:24.596 GMT+0200,4248.252,4247.554,0.0022,0.0022
16.06.2021 02:05:33.276 GMT+0200,4248.452,4247.742,0.0022,0.0022
16.06.2021 02:05:34.347 GMT+0200,4248.255,4247.554,0.0022,0.0031
16.06.2021 02:05:34.398 GMT+0200,4248.255,4247.539000000001,0.0022,0.0022
16.06.2021 02:05:35.263 GMT+0200,4248.266,4247.733,0.0005,0.0022
16.06.2021 02:05:35.313 GMT+0200,4248.458,4247.742,0.0022,0.0022
16.06.2021 02:05:35.423 GMT+0200,4248.361,4247.642,0.0022,0.0031
16.06.2021 02:05:35.473 GMT+0200,4248.352,4247.6990000000005,0.0022,0.0022
16.06.2021 02:05:35.722 GMT+0200,4248.201,4247.533,0.0022,0.0031
16.06.2021 02:05:35.773 GMT+0200,4248.264,4247.548,0.0022,0.0022
16.06.2021 02:05:36.823 GMT+0200,4248.26,4247.651,0.0005,0.0022
16.06.2021 02:05:36.873 GMT+0200,4248.349,4247.651,0.0022,0.0022
16.06.2021 02:05:37.086 GMT+0200,4248.201,4247.539000000001,0.0022,0.0031
16.06.2021 02:05:37.137 GMT+0200,4248.246,4247.5509999999995,0.0022,0.0022
16.06.2021 02:05:42.871 GMT+0200,4248.269,4247.7390000000005,0.0005,0.0022
16.06.2021 02:05:42.921 GMT+0200,4248.4490000000005,4247.742,0.0022,0.0022
16.06.2021 02:05:59.605 GMT+0200,4248.2609999999995,4247.554,0.0022,0.0031
16.06.2021 02:05:59.655 GMT+0200,4248.201,4247.554,0.0022,0.0022
16.06.2021 02:06:00.855 GMT+0200,4248.269,4247.751,0.0005,0.0022
16.06.2021 02:06:00.906 GMT+0200,4248.452,4247.742,0.0022,0.0022
16.06.2021 02:06:10.739 GMT+0200,4248.457,4248.036,0.0005,0.0022
16.06.2021 02:06:10.790 GMT+0200,4248.764,4248.099,0.0022,0.0022
16.06.2021 02:06:13.979 GMT+0200,4248.452,4247.748,0.0022,0.0031
16.06.2021 02:06:14.030 GMT+0200,4248.458,4247.751,0.0022,0.0022
16.06.2021 02:06:32.116 GMT+0200,4248.46,4248.048,0.0005,0.0022
16.06.2021 02:06:32.167 GMT+0200,4248.749000000001,4248.039000000001,0.0022,0.0022
16.06.2021 02:06:35.427 GMT+0200,4248.455,4247.754,0.0022,0.0031
16.06.2021 02:06:35.478 GMT+0200,4248.455,4247.733,0.0022,0.0022
16.06.2021 02:06:49.619 GMT+0200,4248.451,4247.939,0.0005,0.0022
16.06.2021 02:06:49.669 GMT+0200,4248.661,4247.951,0.0022,0.0022
16.06.2021 02:06:49.780 GMT+0200,4248.657,4248.054,0.0005,0.0022
16.06.2021 02:06:49.830 GMT+0200,4248.767,4248.0509999999995,0.0022,0.0022
16.06.2021 02:06:49.997 GMT+0200,4248.464,4247.751,0.0022,0.0031
16.06.2021 02:06:50.047 GMT+0200,4248.401,4247.754,0.0022,0.0022
16.06.2021 02:06:50.988 GMT+0200,4248.457,4248.042,0.0005,0.0022
16.06.2021 02:06:51.039 GMT+0200,4248.755,4248.042,0.0022,0.0022
16.06.2021 02:06:57.112 GMT+0200,4248.455,4247.736,0.0022,0.0031
16.06.2021 02:06:57.162 GMT+0200,4248.452,4247.742,0.0022,0.0022
16.06.2021 02:06:57.641 GMT+0200,4248.469,4248.036,0.0005,0.0022
16.06.2021 02:06:57.691 GMT+0200,4248.764,4248.033,0.0022,0.0022
16.06.2021 02:07:01.013 GMT+0200,4248.464,4247.754,0.0022,0.0031
16.06.2021 02:07:01.063 GMT+0200,4248.461,4247.733,0.0022,0.0022
16.06.2021 02:07:02.539 GMT+0200,4248.46,4248.039000000001,0.0005,0.0022
16.06.2021 02:07:02.590 GMT+0200,4248.752,4248.042,0.0022,0.0022
16.06.2021 02:07:10.700 GMT+0200,4249.264,4248.533,0.0022,0.0022
16.06.2021 02:07:11.690 GMT+0200,4248.952,4248.245,0.0022,0.0022
16.06.2021 02:07:44.948 GMT+0200,4248.96,4248.536,0.0005,0.0022
16.06.2021 02:07:44.998 GMT+0200,4249.201,4248.539000000001,0.0022,0.0022
16.06.2021 02:07:45.266 GMT+0200,4248.952,4248.251,0.0022,0.0031
16.06.2021 02:07:45.317 GMT+0200,4248.952,4248.254,0.0022,0.0022
16.06.2021 02:07:52.829 GMT+0200,4248.749000000001,4248.042,0.0022,0.0031
16.06.2021 02:07:52.880 GMT+0200,4248.764,4248.099,0.0022,0.0022
16.06.2021 02:07:53.426 GMT+0200,4248.76,4248.299,0.0005,0.0022
16.06.2021 02:07:53.476 GMT+0200,4248.952,4248.2390000000005,0.0022,0.0022
16.06.2021 02:07:54.936 GMT+0200,4248.767,4248.033,0.0022,0.0022
16.06.2021 02:07:55.081 GMT+0200,4248.76,4248.154,0.0005,0.0022
16.06.2021 02:07:55.131 GMT+0200,4248.858,4248.145,0.0022,0.0022
16.06.2021 02:07:56.118 GMT+0200,4248.86,4248.245,0.0005,0.0022
16.06.2021 02:07:56.169 GMT+0200,4248.955,4248.251,0.0022,0.0022
16.06.2021 02:08:07.810 GMT+0200,4249.101,4248.451,0.0022,0.0022
16.06.2021 02:08:09.236 GMT+0200,4249.166,4248.599,0.0005,0.0022
16.06.2021 02:08:09.286 GMT+0200,4249.267,4248.5509999999995,0.0022,0.0022
16.06.2021 02:08:09.875 GMT+0200,4248.9490000000005,4248.245,0.0022,0.0031
16.06.2021 02:08:09.926 GMT+0200,4248.967000000001,4248.233,0.0022,0.0022
16.06.2021 02:08:13.632 GMT+0200,4248.958,4248.242,0.0022,0.0031
16.06.2021 02:08:13.682 GMT+0200,4249.2609999999995,4248.545,0.0022,0.0022
16.06.2021 02:08:14.678 GMT+0200,4249.158,4248.451,0.0022,0.0031
16.06.2021 02:08:14.728 GMT+0200,4249.146,4248.448,0.0022,0.0022
16.06.2021 02:08:14.847 GMT+0200,4248.952,4248.299,0.0022,0.0031
16.06.2021 02:08:14.898 GMT+0200,4248.961,4248.236,0.0022,0.0022
16.06.2021 02:08:15.158 GMT+0200,4248.903,4248.548,0.0005,0.0022
16.06.2021 02:08:15.209 GMT+0200,4249.249000000001,4248.536,0.0022,0.0022
16.06.2021 02:08:16.395 GMT+0200,4248.901,4248.299,0.0022,0.0022
16.06.2021 02:08:26.862 GMT+0200,4248.749000000001,4248.054,0.0022,0.0031
16.06.2021 02:08:26.913 GMT+0200,4248.755,4248.045,0.0022,0.0022
16.06.2021 02:08:27.342 GMT+0200,4248.76,4248.248,0.0005,0.0022
16.06.2021 02:08:27.392 GMT+0200,4248.961,4248.242,0.0022,0.0022
16.06.2021 02:08:29.460 GMT+0200,4248.749000000001,4248.054,0.0022,0.0031
16.06.2021 02:08:29.510 GMT+0200,4248.7609999999995,4248.0509999999995,0.0022,0.0022
16.06.2021 02:08:30.073 GMT+0200,4248.754,4248.242,0.0005,0.0022
16.06.2021 02:08:30.123 GMT+0200,4248.955,4248.251,0.0022,0.0022
16.06.2021 02:08:46.497 GMT+0200,4248.7609999999995,4248.099,0.0022,0.0031
16.06.2021 02:08:46.548 GMT+0200,4248.767,4248.036,0.0022,0.0022
16.06.2021 02:09:40.661 GMT+0200,4248.452,4247.748,0.0022,0.0031
16.06.2021 02:09:40.711 GMT+0200,4248.467000000001,4247.736,0.0022,0.0022
16.06.2021 02:10:02.808 GMT+0200,4248.46,4248.042,0.0005,0.0022
16.06.2021 02:10:02.859 GMT+0200,4248.755,4248.099,0.0022,0.0022
16.06.2021 02:10:20.843 GMT+0200,4248.401,4247.799,0.0022,0.0031
16.06.2021 02:10:20.893 GMT+0200,4248.461,4247.742,0.0022,0.0022
16.06.2021 02:10:30.541 GMT+0200,4248.463,4248.054,0.0005,0.0022
16.06.2021 02:10:30.592 GMT+0200,4248.767,4248.036,0.0022,0.0022
16.06.2021 02:10:30.642 GMT+0200,4248.4490000000005,4247.799,0.0022,0.0022
16.06.2021 02:10:34.310 GMT+0200,4248.46,4248.036,0.0005,0.0022
16.06.2021 02:10:34.364 GMT+0200,4248.749000000001,4248.036,0.0022,0.0022
16.06.2021 02:10:56.062 GMT+0200,4248.766,4248.151,0.0005,0.0022
16.06.2021 02:10:56.112 GMT+0200,4248.867,4248.145,0.0022,0.0022
16.06.2021 02:10:56.221 GMT+0200,4248.746,4248.036,0.0022,0.0031
16.06.2021 02:10:56.271 GMT+0200,4248.767,4248.033,0.0022,0.0022
16.06.2021 02:11:26.424 GMT+0200,4248.458,4247.748,0.0022,0.0031
16.06.2021 02:11:26.475 GMT+0200,4248.464,4247.748,0.0022,0.0022
16.06.2021 02:11:27.815 GMT+0200,4248.403,4248.045,0.0005,0.0022
16.06.2021 02:11:27.866 GMT+0200,4248.758,4248.054,0.0022,0.0022
16.06.2021 02:11:29.173 GMT+0200,4248.4490000000005,4247.748,0.0022,0.0031
16.06.2021 02:11:29.224 GMT+0200,4248.446,4247.742,0.0022,0.0022
16.06.2021 02:11:45.222 GMT+0200,4248.46,4248.042,0.0005,0.0022
16.06.2021 02:11:45.273 GMT+0200,4248.764,4248.099,0.0022,0.0022
16.06.2021 02:12:16.916 GMT+0200,4248.4490000000005,4247.799,0.0022,0.0022
16.06.2021 02:13:26.047 GMT+0200,4248.767,4248.036,0.0022,0.0022
16.06.2021 02:13:51.134 GMT+0200,4248.467000000001,4247.751,0.0022,0.0022
16.06.2021 02:14:01.773 GMT+0200,4248.246,4247.536,0.0022,0.0031
16.06.2021 02:14:01.823 GMT+0200,4248.246,4247.542,0.0022,0.0022
16.06.2021 02:14:34.380 GMT+0200,4248.455,4247.799,0.0022,0.0022
16.06.2021 02:14:36.063 GMT+0200,4248.2609999999995,4247.539000000001,0.0022,0.0031
16.06.2021 02:14:36.113 GMT+0200,4248.252,4247.542,0.0022,0.0022
16.06.2021 02:14:36.222 GMT+0200,4248.2570000000005,4247.742,0.0005,0.0022
16.06.2021 02:14:36.272 GMT+0200,4248.455,4247.799,0.0022,0.0022
16.06.2021 02:14:37.858 GMT+0200,4248.252,4247.539000000001,0.0022,0.0031
16.06.2021 02:14:37.909 GMT+0200,4248.2609999999995,4247.539000000001,0.0022,0.0022
16.06.2021 02:14:40.343 GMT+0200,4248.248,4247.799,0.0005,0.0022
16.06.2021 02:14:40.393 GMT+0200,4248.452,4247.754,0.0022,0.0022
16.06.2021 02:14:40.492 GMT+0200,4248.361,4247.642,0.0022,0.0031
16.06.2021 02:14:40.542 GMT+0200,4248.361,4247.654,0.0022,0.0022
16.06.2021 02:14:40.651 GMT+0200,4248.363,4247.733,0.0005,0.0022
16.06.2021 02:14:40.702 GMT+0200,4248.455,4247.748,0.0022,0.0022
16.06.2021 02:14:41.199 GMT+0200,4248.346,4247.6990000000005,0.0022,0.0031
16.06.2021 02:14:41.250 GMT+0200,4248.3640000000005,4247.633,0.0022,0.0022
16.06.2021 02:14:41.833 GMT+0200,4248.252,4247.539000000001,0.0022,0.0031
16.06.2021 02:14:41.884 GMT+0200,4248.249000000001,4247.5509999999995,0.0022,0.0022
16.06.2021 02:14:49.962 GMT+0200,4248.248,4247.799,0.0005,0.0022
16.06.2021 02:14:50.013 GMT+0200,4248.461,4247.754,0.0022,0.0022
16.06.2021 02:15:02.599 GMT+0200,4248.746,4248.048,0.0022,0.0022
16.06.2021 02:15:03.988 GMT+0200,4248.461,4247.742,0.0022,0.0031
16.06.2021 02:15:04.038 GMT+0200,4248.401,4247.742,0.0022,0.0022
16.06.2021 02:15:25.717 GMT+0200,4248.201,4247.539000000001,0.0022,0.0031
16.06.2021 02:15:25.767 GMT+0200,4248.201,4247.533,0.0022,0.0022
16.06.2021 02:16:02.044 GMT+0200,4247.952,4247.245,0.0022,0.0031
16.06.2021 02:16:02.094 GMT+0200,4247.961,4247.251,0.0022,0.0022
16.06.2021 02:16:24.204 GMT+0200,4247.96,4247.533,0.0005,0.0022
16.06.2021 02:16:24.255 GMT+0200,4248.201,4247.548,0.0022,0.0022
16.06.2021 02:16:24.727 GMT+0200,4247.946,4247.236,0.0022,0.0031
16.06.2021 02:16:24.778 GMT+0200,4247.964,4247.299,0.0022,0.0022
16.06.2021 02:16:25.055 GMT+0200,4247.954000000001,4247.542,0.0005,0.0022
16.06.2021 02:16:25.105 GMT+0200,4248.255,4247.533,0.0022,0.0022
16.06.2021 02:17:00.146 GMT+0200,4248.266,4247.742,0.0005,0.0022
16.06.2021 02:17:00.197 GMT+0200,4248.4490000000005,4247.733,0.0022,0.0022
16.06.2021 02:17:00.683 GMT+0200,4248.3640000000005,4247.648,0.0022,0.0031
16.06.2021 02:17:00.734 GMT+0200,4248.349,4247.6359999999995,0.0022,0.0022
16.06.2021 02:17:01.014 GMT+0200,4248.357,4247.799,0.0005,0.0022
16.06.2021 02:17:01.064 GMT+0200,4248.467000000001,4247.7390000000005,0.0022,0.0022
16.06.2021 02:17:01.756 GMT+0200,4248.255,4247.536,0.0022,0.0031
16.06.2021 02:17:01.806 GMT+0200,4248.264,4247.536,0.0022,0.0022
16.06.2021 02:17:05.440 GMT+0200,4248.248,4247.748,0.0005,0.0022
16.06.2021 02:17:05.491 GMT+0200,4248.4490000000005,4247.748,0.0022,0.0022
16.06.2021 02:17:06.394 GMT+0200,4248.249000000001,4247.548,0.0022,0.0031
16.06.2021 02:17:06.445 GMT+0200,4248.255,4247.599,0.0022,0.0022
16.06.2021 02:17:19.946 GMT+0200,4248.248,4247.633,0.0005,0.0022
16.06.2021 02:17:19.996 GMT+0200,4248.358,4247.633,0.0022,0.0022
16.06.2021 02:17:20.287 GMT+0200,4248.264,4247.542,0.0022,0.0031
16.06.2021 02:17:20.337 GMT+0200,4248.255,4247.548,0.0022,0.0022
16.06.2021 02:17:58.151 GMT+0200,4247.901,4247.2390000000005,0.0022,0.0031
16.06.2021 02:17:58.202 GMT+0200,4247.961,4247.233,0.0022,0.0022
16.06.2021 02:18:00.040 GMT+0200,4247.96,4247.5509999999995,0.0005,0.0022
16.06.2021 02:18:00.090 GMT+0200,4248.246,4247.542,0.0022,0.0022
16.06.2021 02:18:00.617 GMT+0200,4247.901,4247.233,0.0022,0.0031
16.06.2021 02:18:00.667 GMT+0200,4247.961,4247.245,0.0022,0.0022
16.06.2021 02:18:04.271 GMT+0200,4247.767,4247.048,0.0022,0.0031
16.06.2021 02:18:04.322 GMT+0200,4247.758,4247.033,0.0022,0.0022
16.06.2021 02:18:07.723 GMT+0200,4247.452,4246.748,0.0022,0.0031
16.06.2021 02:18:07.773 GMT+0200,4247.458,4246.733,0.0022,0.0022
16.06.2021 02:18:10.631 GMT+0200,4247.454000000001,4246.936,0.0005,0.0022
16.06.2021 02:18:10.682 GMT+0200,4247.652,4246.945,0.0022,0.0022
16.06.2021 02:18:10.793 GMT+0200,4247.666,4247.045,0.0005,0.0022
16.06.2021 02:18:10.843 GMT+0200,4247.7609999999995,4247.099,0.0022,0.0022
16.06.2021 02:18:12.242 GMT+0200,4247.461,4246.799,0.0022,0.0022
16.06.2021 02:18:13.835 GMT+0200,4247.451,4247.033,0.0005,0.0022
16.06.2021 02:18:13.885 GMT+0200,4247.767,4247.036,0.0022,0.0022
16.06.2021 02:18:16.405 GMT+0200,4247.766,4247.2390000000005,0.0005,0.0022
16.06.2021 02:18:16.456 GMT+0200,4247.9490000000005,4247.242,0.0022,0.0022
16.06.2021 02:18:22.176 GMT+0200,4247.752,4247.033,0.0022,0.0031
16.06.2021 02:18:22.226 GMT+0200,4247.764,4247.0509999999995,0.0022,0.0022
16.06.2021 02:18:22.339 GMT+0200,4247.8550000000005,4247.145,0.0022,0.0022
16.06.2021 02:18:23.146 GMT+0200,4247.857,4247.248,0.0005,0.0022
16.06.2021 02:18:23.196 GMT+0200,4247.952,4247.248,0.0022,0.0022
16.06.2021 02:18:28.422 GMT+0200,4247.767,4247.054,0.0022,0.0022
16.06.2021 02:18:42.904 GMT+0200,4247.751,4247.251,0.0005,0.0022
16.06.2021 02:18:42.954 GMT+0200,4247.964,4247.245,0.0022,0.0022
16.06.2021 02:20:01.472 GMT+0200,4247.764,4247.0509999999995,0.0022,0.0031
16.06.2021 02:20:01.522 GMT+0200,4247.752,4247.048,0.0022,0.0022
16.06.2021 02:20:04.750 GMT+0200,4247.766,4247.139,0.0005,0.0022
16.06.2021 02:20:04.800 GMT+0200,4247.8009999999995,4247.145,0.0022,0.0022
16.06.2021 02:20:04.910 GMT+0200,4247.851,4247.254,0.0005,0.0022
16.06.2021 02:20:04.960 GMT+0200,4247.946,4247.245,0.0022,0.0022
16.06.2021 02:20:09.517 GMT+0200,4247.755,4247.036,0.0022,0.0031
16.06.2021 02:20:09.567 GMT+0200,4247.764,4247.042,0.0022,0.0022
16.06.2021 02:20:10.553 GMT+0200,4247.7029999999995,4247.251,0.0005,0.0022
16.06.2021 02:20:10.603 GMT+0200,4247.946,4247.2390000000005,0.0022,0.0022
16.06.2021 02:20:14.449 GMT+0200,4247.746,4247.033,0.0022,0.0031
16.06.2021 02:20:14.499 GMT+0200,4247.752,4247.099,0.0022,0.0022
16.06.2021 02:20:36.985 GMT+0200,4247.766,4247.142,0.0005,0.0022
16.06.2021 02:20:37.036 GMT+0200,4247.858,4247.133,0.0022,0.0022
16.06.2021 02:20:37.162 GMT+0200,4247.901,4247.2390000000005,0.0022,0.0022
16.06.2021 02:20:55.565 GMT+0200,4247.957,4247.548,0.0005,0.0022
16.06.2021 02:20:55.615 GMT+0200,4248.264,4247.5509999999995,0.0022,0.0022
16.06.2021 02:21:07.412 GMT+0200,4248.152,4247.433,0.0022,0.0031
16.06.2021 02:21:07.462 GMT+0200,4248.146,4247.499000000001,0.0022,0.0022
16.06.2021 02:21:07.620 GMT+0200,4248.103,4247.554,0.0005,0.0022
16.06.2021 02:21:07.671 GMT+0200,4248.249000000001,4247.545,0.0022,0.0022
16.06.2021 02:21:40.405 GMT+0200,4248.263,4247.642,0.0005,0.0022
16.06.2021 02:21:40.456 GMT+0200,4248.352,4247.6359999999995,0.0022,0.0022
16.06.2021 02:21:40.559 GMT+0200,4248.351,4247.736,0.0005,0.0022
16.06.2021 02:21:40.609 GMT+0200,4248.446,4247.736,0.0022,0.0022
16.06.2021 02:21:43.980 GMT+0200,4248.201,4247.545,0.0022,0.0031
16.06.2021 02:21:44.030 GMT+0200,4248.246,4247.548,0.0022,0.0022
16.06.2021 02:22:01.499 GMT+0200,4248.266,4247.6359999999995,0.0005,0.0022
16.06.2021 02:22:01.549 GMT+0200,4248.358,4247.639,0.0022,0.0022
16.06.2021 02:22:01.890 GMT+0200,4248.201,4247.599,0.0022,0.0031
16.06.2021 02:22:01.940 GMT+0200,4248.246,4247.599,0.0022,0.0022
16.06.2021 02:22:15.432 GMT+0200,4248.26,4247.645,0.0005,0.0022
16.06.2021 02:22:15.482 GMT+0200,4248.367,4247.639,0.0022,0.0022
16.06.2021 02:22:18.509 GMT+0200,4248.2609999999995,4247.536,0.0022,0.0022
16.06.2021 02:22:19.304 GMT+0200,4248.2570000000005,4247.648,0.0005,0.0022
16.06.2021 02:22:19.354 GMT+0200,4248.3550000000005,4247.6359999999995,0.0022,0.0022
16.06.2021 02:22:20.097 GMT+0200,4248.357,4247.733,0.0005,0.0022
16.06.2021 02:22:20.148 GMT+0200,4248.452,4247.748,0.0022,0.0022
16.06.2021 02:22:20.256 GMT+0200,4248.201,4247.548,0.0022,0.0031
16.06.2021 02:22:20.307 GMT+0200,4248.255,4247.599,0.0022,0.0022
16.06.2021 02:22:26.924 GMT+0200,4247.961,4247.299,0.0022,0.0031
16.06.2021 02:22:26.974 GMT+0200,4247.946,4247.299,0.0022,0.0022
16.06.2021 02:23:03.869 GMT+0200,4247.867,4247.1990000000005,0.0022,0.0031
16.06.2021 02:23:03.919 GMT+0200,4247.846,4247.133,0.0022,0.0022
16.06.2021 02:23:04.032 GMT+0200,4247.749000000001,4247.036,0.0022,0.0031
16.06.2021 02:23:04.082 GMT+0200,4247.755,4247.0509999999995,0.0022,0.0022
16.06.2021 02:23:07.377 GMT+0200,4247.748,4247.233,0.0005,0.0022
16.06.2021 02:23:07.428 GMT+0200,4247.967000000001,4247.236,0.0022,0.0022
16.06.2021 02:23:07.704 GMT+0200,4247.764,4247.048,0.0022,0.0031
16.06.2021 02:23:07.755 GMT+0200,4247.752,4247.033,0.0022,0.0022
16.06.2021 02:23:08.716 GMT+0200,4247.7570000000005,4247.133,0.0005,0.0022
16.06.2021 02:23:08.766 GMT+0200,4247.8550000000005,4247.1990000000005,0.0022,0.0022
16.06.2021 02:23:08.876 GMT+0200,4247.767,4247.045,0.0022,0.0031
16.06.2021 02:23:08.926 GMT+0200,4247.701,4247.036,0.0022,0.0022
16.06.2021 02:23:10.711 GMT+0200,4247.7570000000005,4247.148,0.0005,0.0022
16.06.2021 02:23:10.762 GMT+0200,4247.8009999999995,4247.139,0.0022,0.0022
16.06.2021 02:23:11.266 GMT+0200,4247.758,4247.036,0.0022,0.0031
16.06.2021 02:23:11.316 GMT+0200,4247.758,4247.048,0.0022,0.0022
16.06.2021 02:23:11.614 GMT+0200,4247.751,4247.148,0.0005,0.0022
16.06.2021 02:23:11.665 GMT+0200,4247.8009999999995,4247.139,0.0022,0.0022
16.06.2021 02:23:12.302 GMT+0200,4247.857,4247.254,0.0005,0.0022
16.06.2021 02:23:12.352 GMT+0200,4247.946,4247.254,0.0022,0.0022
16.06.2021 02:23:13.921 GMT+0200,4247.755,4247.036,0.0022,0.0031
16.06.2021 02:23:13.972 GMT+0200,4247.749000000001,4247.054,0.0022,0.0022
16.06.2021 02:23:14.084 GMT+0200,4247.754,4247.1990000000005,0.0005,0.0022
16.06.2021 02:23:14.135 GMT+0200,4247.849,4247.133,0.0022,0.0022
16.06.2021 02:23:14.800 GMT+0200,4247.701,4247.042,0.0022,0.0031
16.06.2021 02:23:14.851 GMT+0200,4247.764,4247.0509999999995,0.0022,0.0022
16.06.2021 02:23:14.960 GMT+0200,4247.766,4247.251,0.0005,0.0022
16.06.2021 02:23:15.011 GMT+0200,4247.901,4247.248,0.0022,0.0022
16.06.2021 02:23:27.815 GMT+0200,4247.957,4247.442,0.0005,0.0022
16.06.2021 02:23:27.865 GMT+0200,4248.161,4247.439,0.0022,0.0022
16.06.2021 02:23:29.229 GMT+0200,4247.946,4247.248,0.0022,0.0031
16.06.2021 02:23:29.280 GMT+0200,4247.901,4247.245,0.0022,0.0022
16.06.2021 02:23:35.014 GMT+0200,4247.965999999999,4247.536,0.0005,0.0022
16.06.2021 02:23:35.065 GMT+0200,4248.201,4247.539000000001,0.0022,0.0022
16.06.2021 02:23:35.999 GMT+0200,4247.964,4247.242,0.0022,0.0031
16.06.2021 02:23:36.049 GMT+0200,4247.9490000000005,4247.251,0.0022,0.0022
16.06.2021 02:23:55.951 GMT+0200,4247.767,4247.099,0.0022,0.0031
16.06.2021 02:23:56.001 GMT+0200,4247.764,4247.039000000001,0.0022,0.0022
16.06.2021 02:23:56.118 GMT+0200,4247.7570000000005,4247.2390000000005,0.0005,0.0022
16.06.2021 02:23:56.169 GMT+0200,4247.958,4247.299,0.0022,0.0022
16.06.2021 02:23:57.427 GMT+0200,4247.758,4247.033,0.0022,0.0031
16.06.2021 02:23:57.478 GMT+0200,4247.746,4247.036,0.0022,0.0022
16.06.2021 02:24:08.499 GMT+0200,4247.76,4247.233,0.0005,0.0022
16.06.2021 02:24:08.549 GMT+0200,4247.958,4247.254,0.0022,0.0022
16.06.2021 02:24:21.685 GMT+0200,4247.764,4247.048,0.0022,0.0031
16.06.2021 02:24:21.735 GMT+0200,4247.749000000001,4247.039000000001,0.0022,0.0022
16.06.2021 02:24:25.227 GMT+0200,4247.766,4247.1990000000005,0.0005,0.0022
16.06.2021 02:24:25.277 GMT+0200,4247.861,4247.1359999999995,0.0022,0.0022
16.06.2021 02:24:25.382 GMT+0200,4247.866,4247.242,0.0005,0.0022
16.06.2021 02:24:25.433 GMT+0200,4247.952,4247.245,0.0022,0.0022
16.06.2021 02:24:53.542 GMT+0200,4247.701,4247.099,0.0022,0.0031
16.06.2021 02:24:53.593 GMT+0200,4247.701,4247.042,0.0022,0.0022
16.06.2021 02:25:10.536 GMT+0200,4247.955,4247.233,0.0022,0.0022
16.06.2021 02:25:11.287 GMT+0200,4247.767,4247.0509999999995,0.0022,0.0031
16.06.2021 02:25:11.337 GMT+0200,4247.701,4247.039000000001,0.0022,0.0022
16.06.2021 02:25:20.439 GMT+0200,4247.964,4247.2390000000005,0.0022,0.0022
16.06.2021 02:25:22.136 GMT+0200,4247.749000000001,4247.048,0.0022,0.0031
16.06.2021 02:25:22.186 GMT+0200,4247.755,4247.042,0.0022,0.0022
16.06.2021 02:25:28.398 GMT+0200,4247.766,4247.2390000000005,0.0005,0.0022
16.06.2021 02:25:28.449 GMT+0200,4247.901,4247.254,0.0022,0.0022
16.06.2021 02:26:01.372 GMT+0200,4247.764,4247.0509999999995,0.0022,0.0022
16.06.2021 02:26:01.702 GMT+0200,4247.849,4247.154,0.0022,0.0022
16.06.2021 02:26:01.932 GMT+0200,4247.863,4247.233,0.0005,0.0022
16.06.2021 02:26:01.983 GMT+0200,4247.946,4247.245,0.0022,0.0022
16.06.2021 02:26:02.474 GMT+0200,4247.7609999999995,4247.048,0.0022,0.0031
16.06.2021 02:26:02.525 GMT+0200,4247.755,4247.048,0.0022,0.0022
16.06.2021 02:27:01.204 GMT+0200,4247.763,4247.299,0.0005,0.0022
16.06.2021 02:27:01.255 GMT+0200,4247.955,4247.254,0.0022,0.0022
16.06.2021 02:27:48.999 GMT+0200,4247.755,4247.045,0.0022,0.0022
16.06.2021 02:28:35.535 GMT+0200,4247.7570000000005,4247.248,0.0005,0.0022
16.06.2021 02:28:35.585 GMT+0200,4247.964,4247.251,0.0022,0.0022
16.06.2021 02:29:16.144 GMT+0200,4247.903,4247.548,0.0005,0.0022
16.06.2021 02:29:16.194 GMT+0200,4248.267,4247.542,0.0022,0.0022
16.06.2021 02:29:43.041 GMT+0200,4248.251,4247.6359999999995,0.0005,0.0022
16.06.2021 02:29:43.091 GMT+0200,4248.3640000000005,4247.654,0.0022,0.0022
16.06.2021 02:29:43.202 GMT+0200,4248.2609999999995,4247.542,0.0022,0.0031
16.06.2021 02:29:43.252 GMT+0200,4248.252,4247.5509999999995,0.0022,0.0022
16.06.2021 02:29:43.524 GMT+0200,4248.352,4247.639,0.0022,0.0022
16.06.2021 02:29:44.314 GMT+0200,4248.369000000001,4247.754,0.0005,0.0022
16.06.2021 02:29:44.364 GMT+0200,4248.446,4247.742,0.0022,0.0022
16.06.2021 02:30:01.929 GMT+0200,4248.201,4247.554,0.0022,0.0031
16.06.2021 02:30:01.979 GMT+0200,4248.255,4247.548,0.0022,0.0022
16.06.2021 02:30:24.483 GMT+0200,4248.26,4247.751,0.0005,0.0022
16.06.2021 02:30:24.533 GMT+0200,4248.461,4247.742,0.0022,0.0022
16.06.2021 02:30:31.815 GMT+0200,4248.3550000000005,4247.648,0.0022,0.0022
16.06.2021 02:30:32.553 GMT+0200,4248.351,4247.736,0.0005,0.0022
16.06.2021 02:30:32.603 GMT+0200,4248.446,4247.733,0.0022,0.0022
16.06.2021 02:31:34.128 GMT+0200,4248.451,4248.054,0.0005,0.0022
16.06.2021 02:31:34.178 GMT+0200,4248.764,4248.039000000001,0.0022,0.0022
16.06.2021 02:31:46.779 GMT+0200,4248.4490000000005,4247.733,0.0022,0.0031
16.06.2021 02:31:46.830 GMT+0200,4248.461,4247.733,0.0022,0.0022
16.06.2021 02:31:47.100 GMT+0200,4248.454000000001,4248.048,0.0005,0.0022
16.06.2021 02:31:47.150 GMT+0200,4248.767,4248.042,0.0022,0.0022
16.06.2021 02:31:47.268 GMT+0200,4248.446,4247.754,0.0022,0.0022
16.06.2021 02:31:47.599 GMT+0200,4248.755,4248.099,0.0022,0.0022
16.06.2021 02:32:00.141 GMT+0200,4248.867,4248.148,0.0022,0.0022
16.06.2021 02:32:00.277 GMT+0200,4248.848,4248.236,0.0005,0.0022
16.06.2021 02:32:00.327 GMT+0200,4248.955,4248.299,0.0022,0.0022
16.06.2021 02:32:21.450 GMT+0200,4248.758,4248.0509999999995,0.0022,0.0031
16.06.2021 02:32:21.501 GMT+0200,4248.746,4248.0509999999995,0.0022,0.0022
16.06.2021 02:32:38.769 GMT+0200,4248.76,4248.254,0.0005,0.0022
16.06.2021 02:32:38.820 GMT+0200,4248.961,4248.242,0.0022,0.0022
16.06.2021 02:32:39.090 GMT+0200,4248.8640000000005,4248.154,0.0022,0.0031
16.06.2021 02:32:39.140 GMT+0200,4248.846,4248.1359999999995,0.0022,0.0022
16.06.2021 02:32:39.349 GMT+0200,4248.752,4248.033,0.0022,0.0031
16.06.2021 02:32:39.400 GMT+0200,4248.767,4248.045,0.0022,0.0022
16.06.2021 02:32:45.025 GMT+0200,4248.748,4248.148,0.0005,0.0022
16.06.2021 02:32:45.076 GMT+0200,4248.852,4248.142,0.0022,0.0022
16.06.2021 02:32:45.343 GMT+0200,4248.863,4248.233,0.0005,0.0022
16.06.2021 02:32:45.394 GMT+0200,4248.964,4248.236,0.0022,0.0022
16.06.2021 02:32:45.503 GMT+0200,4248.758,4248.099,0.0022,0.0031
16.06.2021 02:32:45.553 GMT+0200,4248.7609999999995,4248.036,0.0022,0.0022
16.06.2021 02:33:23.276 GMT+0200,4248.901,4248.245,0.0022,0.0022
16.06.2021 02:33:23.408 GMT+0200,4248.758,4248.039000000001,0.0022,0.0031
16.06.2021 02:33:23.458 GMT+0200,4248.758,4248.033,0.0022,0.0022
16.06.2021 02:34:35.815 GMT+0200,4248.452,4247.745,0.0022,0.0031
16.06.2021 02:34:35.865 GMT+0200,4248.458,4247.754,0.0022,0.0022
16.06.2021 02:34:53.229 GMT+0200,4248.246,4247.548,0.0022,0.0031
16.06.2021 02:34:53.279 GMT+0200,4248.264,4247.533,0.0022,0.0022
16.06.2021 02:34:55.501 GMT+0200,4248.251,4247.733,0.0005,0.0022
16.06.2021 02:34:55.551 GMT+0200,4248.452,4247.751,0.0022,0.0022
16.06.2021 02:34:55.981 GMT+0200,4248.361,4247.6990000000005,0.0022,0.0031
16.06.2021 02:34:56.032 GMT+0200,4248.3640000000005,4247.642,0.0022,0.0022
16.06.2021 02:34:56.142 GMT+0200,4248.267,4247.545,0.0022,0.0031
16.06.2021 02:34:56.193 GMT+0200,4248.249000000001,4247.533,0.0022,0.0022
16.06.2021 02:35:00.343 GMT+0200,4248.7609999999995,4248.039000000001,0.0022,0.0022
16.06.2021 02:35:00.459 GMT+0200,4248.769,4248.254,0.0005,0.0022
16.06.2021 02:35:00.510 GMT+0200,4248.958,4248.248,0.0022,0.0022
16.06.2021 02:35:11.158 GMT+0200,4248.852,4248.154,0.0022,0.0031
16.06.2021 02:35:11.208 GMT+0200,4248.849,4248.139,0.0022,0.0022
16.06.2021 02:35:11.307 GMT+0200,4248.752,4248.054,0.0022,0.0031
16.06.2021 02:35:11.357 GMT+0200,4248.767,4248.039000000001,0.0022,0.0022
16.06.2021 02:35:11.466 GMT+0200,4248.766,4248.242,0.0005,0.0022
16.06.2021 02:35:11.516 GMT+0200,4248.967000000001,4248.245,0.0022,0.0022
16.06.2021 02:35:12.642 GMT+0200,4248.752,4248.099,0.0022,0.0031
16.06.2021 02:35:12.692 GMT+0200,4248.746,4248.039000000001,0.0022,0.0022
16.06.2021 02:35:12.961 GMT+0200,4248.76,4248.145,0.0005,0.0022
16.06.2021 02:35:13.011 GMT+0200,4248.8009999999995,4248.1359999999995,0.0022,0.0022
16.06.2021 02:35:13.122 GMT+0200,4248.854,4248.236,0.0005,0.0022
16.06.2021 02:35:13.173 GMT+0200,4248.964,4248.299,0.0022,0.0022
16.06.2021 02:35:36.835 GMT+0200,4248.948,4248.554,0.0005,0.0022
16.06.2021 02:35:36.885 GMT+0200,4249.255,4248.536,0.0022,0.0022
16.06.2021 02:35:44.688 GMT+0200,4248.9490000000005,4248.245,0.0022,0.0031
16.06.2021 02:35:44.739 GMT+0200,4248.901,4248.2390000000005,0.0022,0.0022
16.06.2021 02:35:53.594 GMT+0200,4248.903,4248.545,0.0005,0.0022
16.06.2021 02:35:53.644 GMT+0200,4249.264,4248.539000000001,0.0022,0.0022
16.06.2021 02:35:54.445 GMT+0200,4249.101,4248.442,0.0022,0.0031
16.06.2021 02:35:54.495 GMT+0200,4249.155,4248.442,0.0022,0.0022
16.06.2021 02:35:54.614 GMT+0200,4249.154,4248.599,0.0005,0.0022
16.06.2021 02:35:54.664 GMT+0200,4249.246,4248.548,0.0022,0.0022
16.06.2021 02:35:54.968 GMT+0200,4248.9490000000005,4248.236,0.0022,0.0031
16.06.2021 02:35:55.019 GMT+0200,4248.901,4248.236,0.0022,0.0022
16.06.2021 02:36:01.078 GMT+0200,4249.258,4248.554,0.0022,0.0022
16.06.2021 02:36:14.716 GMT+0200,4248.952,4248.248,0.0022,0.0031
16.06.2021 02:36:14.767 GMT+0200,4248.946,4248.299,0.0022,0.0022
16.06.2021 02:36:15.533 GMT+0200,4248.957,4248.548,0.0005,0.0022
16.06.2021 02:36:15.584 GMT+0200,4249.267,4248.536,0.0022,0.0022
16.06.2021 02:36:20.353 GMT+0200,4248.9490000000005,4248.2390000000005,0.0022,0.0031
16.06.2021 02:36:20.403 GMT+0200,4248.967000000001,4248.245,0.0022,0.0022
16.06.2021 02:36:20.994 GMT+0200,4248.951,4248.436,0.0005,0.0022
16.06.2021 02:36:21.044 GMT+0200,4249.101,4248.433,0.0022,0.0022
16.06.2021 02:36:21.348 GMT+0200,4249.151,4248.599,0.0005,0.0022
16.06.2021 02:36:21.399 GMT+0200,4249.255,4248.539000000001,0.0022,0.0022
16.06.2021 02:36:24.669 GMT+0200,4248.9490000000005,4248.299,0.0022,0.0031
16.06.2021 02:36:24.720 GMT+0200,4248.964,4248.254,0.0022,0.0022
16.06.2021 02:37:30.448 GMT+0200,4249.264,4248.554,0.0022,0.0022
16.06.2021 02:37:31.798 GMT+0200,4248.958,4248.2390000000005,0.0022,0.0031
16.06.2021 02:37:31.848 GMT+0200,4248.9490000000005,4248.2390000000005,0.0022,0.0022
16.06.2021 02:37:54.436 GMT+0200,4248.965999999999,4248.533,0.0005,0.0022
16.06.2021 02:37:54.487 GMT+0200,4249.258,4248.533,0.0022,0.0022
16.06.2021 02:38:41.048 GMT+0200,4249.264,4248.533,0.0022,0.0031
16.06.2021 02:38:41.098 GMT+0200,4249.401,4248.7390000000005,0.0022,0.0022
16.06.2021 02:38:52.645 GMT+0200,4249.349,4248.6359999999995,0.0022,0.0022
16.06.2021 02:38:52.848 GMT+0200,4249.303,4248.748,0.0005,0.0022
16.06.2021 02:38:52.898 GMT+0200,4249.4490000000005,4248.7390000000005,0.0022,0.0022
16.06.2021 02:38:58.279 GMT+0200,4249.252,4248.536,0.0022,0.0031
16.06.2021 02:38:58.330 GMT+0200,4249.264,4248.554,0.0022,0.0022
16.06.2021 02:39:00.066 GMT+0200,4249.266,4248.754,0.0005,0.0022
16.06.2021 02:39:00.117 GMT+0200,4249.458,4248.745,0.0022,0.0022
16.06.2021 02:39:00.228 GMT+0200,4249.367,4248.654,0.0022,0.0031
16.06.2021 02:39:00.278 GMT+0200,4249.3009999999995,4248.651,0.0022,0.0022
16.06.2021 02:39:00.654 GMT+0200,4249.458,4248.736,0.0022,0.0022
16.06.2021 02:39:14.405 GMT+0200,4249.201,4248.536,0.0022,0.0031
16.06.2021 02:39:14.456 GMT+0200,4249.258,4248.539000000001,0.0022,0.0022
16.06.2021 02:39:30.148 GMT+0200,4249.158,4248.451,0.0022,0.0031
16.06.2021 02:39:30.198 GMT+0200,4249.149,4248.454000000001,0.0022,0.0022
16.06.2021 02:39:30.309 GMT+0200,4248.961,4248.233,0.0022,0.0031
16.06.2021 02:39:30.359 GMT+0200,4248.946,4248.233,0.0022,0.0022
16.06.2021 02:39:47.143 GMT+0200,4248.954000000001,4248.536,0.0005,0.0022
16.06.2021 02:39:47.193 GMT+0200,4249.2609999999995,4248.5509999999995,0.0022,0.0022
16.06.2021 02:39:48.322 GMT+0200,4248.955,4248.248,0.0022,0.0031
16.06.2021 02:39:48.373 GMT+0200,4248.961,4248.233,0.0022,0.0022
16.06.2021 02:39:59.541 GMT+0200,4248.96,4248.433,0.0005,0.0022
16.06.2021 02:39:59.591 GMT+0200,4249.161,4248.451,0.0022,0.0022
16.06.2021 02:39:59.699 GMT+0200,4248.967000000001,4248.254,0.0022,0.0031
16.06.2021 02:39:59.749 GMT+0200,4248.952,4248.2390000000005,0.0022,0.0022
16.06.2021 02:40:02.664 GMT+0200,4248.969,4248.445,0.0005,0.0022
16.06.2021 02:40:02.714 GMT+0200,4249.158,4248.445,0.0022,0.0022
16.06.2021 02:40:03.602 GMT+0200,4249.157,4248.545,0.0005,0.0022
16.06.2021 02:40:03.653 GMT+0200,4249.201,4248.545,0.0022,0.0022
16.06.2021 02:40:18.560 GMT+0200,4248.901,4248.233,0.0022,0.0031
16.06.2021 02:40:18.610 GMT+0200,4248.901,4248.254,0.0022,0.0022
16.06.2021 02:40:28.492 GMT+0200,4248.965999999999,4248.545,0.0005,0.0022
16.06.2021 02:40:28.542 GMT+0200,4249.246,4248.533,0.0022,0.0022
16.06.2021 02:40:30.557 GMT+0200,4248.901,4248.251,0.0022,0.0031
16.06.2021 02:40:30.607 GMT+0200,4248.967000000001,4248.2390000000005,0.0022,0.0022
16.06.2021 02:40:51.549 GMT+0200,4248.958,4248.2390000000005,0.0022,0.0031
16.06.2021 02:40:51.599 GMT+0200,4249.264,4248.539000000001,0.0022,0.0022
16.06.2021 02:41:05.939 GMT+0200,4248.958,4248.248,0.0022,0.0022
16.06.2021 02:41:06.219 GMT+0200,4248.969,4248.542,0.0005,0.0022
16.06.2021 02:41:06.269 GMT+0200,4249.246,4248.533,0.0022,0.0022
16.06.2021 02:41:07.180 GMT+0200,4249.152,4248.454000000001,0.0022,0.0031
16.06.2021 02:41:07.230 GMT+0200,4249.161,4248.439,0.0022,0.0022
16.06.2021 02:41:07.809 GMT+0200,4249.151,4248.548,0.0005,0.0022
16.06.2021 02:41:07.860 GMT+0200,4249.267,4248.554,0.0022,0.0022
16.06.2021 02:41:13.972 GMT+0200,4248.901,4248.299,0.0022,0.0031
16.06.2021 02:41:14.022 GMT+0200,4248.901,4248.254,0.0022,0.0022
16.06.2021 02:41:19.084 GMT+0200,4248.969,4248.5509999999995,0.0005,0.0022
16.06.2021 02:41:19.134 GMT+0200,4249.258,4248.539000000001,0.0022,0.0022
16.06.2021 02:41:31.573 GMT+0200,4249.158,4248.499000000001,0.0022,0.0031
16.06.2021 02:41:31.624 GMT+0200,4249.158,4248.499000000001,0.0022,0.0022
16.06.2021 02:41:31.733 GMT+0200,4249.151,4248.554,0.0005,0.0022
16.06.2021 02:41:31.783 GMT+0200,4249.246,4248.545,0.0022,0.0022
16.06.2021 02:41:33.035 GMT+0200,4248.9490000000005,4248.248,0.0022,0.0031
16.06.2021 02:41:33.086 GMT+0200,4248.961,4248.299,0.0022,0.0022
16.06.2021 02:41:41.868 GMT+0200,4248.96,4248.545,0.0005,0.0022
16.06.2021 02:41:41.919 GMT+0200,4249.267,4248.536,0.0022,0.0022
16.06.2021 02:41:48.930 GMT+0200,4248.961,4248.236,0.0022,0.0031
16.06.2021 02:41:48.981 GMT+0200,4248.958,4248.2390000000005,0.0022,0.0022
16.06.2021 02:41:49.395 GMT+0200,4248.969,4248.548,0.0005,0.0022
16.06.2021 02:41:49.445 GMT+0200,4249.2609999999995,4248.599,0.0022,0.0022
16.06.2021 02:41:59.922 GMT+0200,4249.101,4248.445,0.0022,0.0031
16.06.2021 02:41:59.972 GMT+0200,4249.167,4248.439,0.0022,0.0022
16.06.2021 02:42:01.980 GMT+0200,4249.157,4248.545,0.0005,0.0022
16.06.2021 02:42:02.030 GMT+0200,4249.2609999999995,4248.5509999999995,0.0022,0.0022
16.06.2021 02:42:02.139 GMT+0200,4248.901,4248.251,0.0022,0.0031
16.06.2021 02:42:02.190 GMT+0200,4248.967000000001,4248.254,0.0022,0.0022
16.06.2021 02:43:40.383 GMT+0200,4248.746,4248.039000000001,0.0022,0.0022
16.06.2021 02:43:42.346 GMT+0200,4248.461,4247.733,0.0022,0.0031
16.06.2021 02:43:42.396 GMT+0200,4248.452,4247.799,0.0022,0.0022
16.06.2021 02:43:44.597 GMT+0200,4248.469,4248.0509999999995,0.0005,0.0022
16.06.2021 02:43:44.648 GMT+0200,4248.749000000001,4248.054,0.0022,0.0022
16.06.2021 02:43:50.295 GMT+0200,4248.4490000000005,4247.754,0.0022,0.0031
16.06.2021 02:43:50.345 GMT+0200,4248.401,4247.736,0.0022,0.0022
16.06.2021 02:44:03.399 GMT+0200,4248.469,4248.042,0.0005,0.0022
16.06.2021 02:44:03.450 GMT+0200,4248.7609999999995,4248.033,0.0022,0.0022
16.06.2021 02:44:04.091 GMT+0200,4248.446,4247.748,0.0022,0.0031
16.06.2021 02:44:04.141 GMT+0200,4248.455,4247.736,0.0022,0.0022
16.06.2021 02:45:26.805 GMT+0200,4248.2609999999995,4247.548,0.0022,0.0022
16.06.2021 02:45:34.128 GMT+0200,4247.946,4247.2390000000005,0.0022,0.0031
16.06.2021 02:45:34.178 GMT+0200,4247.946,4247.242,0.0022,0.0022
16.06.2021 02:45:36.411 GMT+0200,4247.948,4247.533,0.0005,0.0022
16.06.2021 02:45:36.461 GMT+0200,4248.2609999999995,4247.554,0.0022,0.0022
16.06.2021 02:45:47.927 GMT+0200,4247.901,4247.236,0.0022,0.0022
16.06.2021 02:45:49.141 GMT+0200,4247.96,4247.599,0.0005,0.0022
16.06.2021 02:45:49.191 GMT+0200,4248.246,4247.5509999999995,0.0022,0.0022
16.06.2021 02:46:30.478 GMT+0200,4247.946,4247.251,0.0022,0.0031
16.06.2021 02:46:30.528 GMT+0200,4247.9490000000005,4247.236,0.0022,0.0022
16.06.2021 02:46:33.014 GMT+0200,4247.951,4247.599,0.0005,0.0022
16.06.2021 02:46:33.064 GMT+0200,4248.252,4247.548,0.0022,0.0022
16.06.2021 02:48:03.243 GMT+0200,4248.254,4247.733,0.0005,0.0022
16.06.2021 02:48:03.294 GMT+0200,4248.455,4247.736,0.0022,0.0022
16.06.2021 02:48:05.258 GMT+0200,4248.3009999999995,4247.639,0.0022,0.0031
16.06.2021 02:48:05.308 GMT+0200,4248.346,4247.654,0.0022,0.0022
16.06.2021 02:48:05.418 GMT+0200,4248.366,4247.754,0.0005,0.0022
16.06.2021 02:48:05.468 GMT+0200,4248.464,4247.754,0.0022,0.0022
16.06.2021 02:48:05.579 GMT+0200,4248.349,4247.648,0.0022,0.0031
16.06.2021 02:48:05.630 GMT+0200,4248.361,4247.639,0.0022,0.0022
16.06.2021 02:48:05.811 GMT+0200,4248.351,4247.742,0.0005,0.0022
16.06.2021 02:48:05.861 GMT+0200,4248.458,4247.736,0.0022,0.0022
16.06.2021 02:48:06.118 GMT+0200,4248.252,4247.554,0.0022,0.0031
16.06.2021 02:48:06.169 GMT+0200,4248.246,4247.542,0.0022,0.0022
16.06.2021 02:48:14.148 GMT+0200,4248.263,4247.751,0.0005,0.0022
16.06.2021 02:48:14.198 GMT+0200,4248.461,4247.751,0.0022,0.0022
16.06.2021 02:48:16.192 GMT+0200,4248.258,4247.5509999999995,0.0022,0.0031
16.06.2021 02:48:16.242 GMT+0200,4248.252,4247.545,0.0022,0.0022
16.06.2021 02:48:18.609 GMT+0200,4248.2029999999995,4247.799,0.0005,0.0022
16.06.2021 02:48:18.660 GMT+0200,4248.467000000001,4247.742,0.0022,0.0022
16.06.2021 02:48:36.754 GMT+0200,4248.264,4247.536,0.0022,0.0031
16.06.2021 02:48:36.805 GMT+0200,4248.255,4247.554,0.0022,0.0022
16.06.2021 02:48:53.003 GMT+0200,4248.352,4247.648,0.0022,0.0022
16.06.2021 02:48:53.120 GMT+0200,4248.348,4247.754,0.0005,0.0022
16.06.2021 02:48:53.170 GMT+0200,4248.446,4247.754,0.0022,0.0022
16.06.2021 02:48:53.525 GMT+0200,4248.264,4247.539000000001,0.0022,0.0031
16.06.2021 02:48:53.576 GMT+0200,4248.258,4247.599,0.0022,0.0022
16.06.2021 02:49:13.814 GMT+0200,4248.2029999999995,4247.642,0.0005,0.0022
16.06.2021 02:49:13.864 GMT+0200,4248.349,4247.6990000000005,0.0022,0.0022
16.06.2021 02:49:13.974 GMT+0200,4248.369000000001,4247.742,0.0005,0.0022
16.06.2021 02:49:14.025 GMT+0200,4248.458,4247.7390000000005,0.0022,0.0022
16.06.2021 02:50:01.411 GMT+0200,4248.246,4247.5509999999995,0.0022,0.0031
16.06.2021 02:50:01.461 GMT+0200,4248.246,4247.539000000001,0.0022,0.0022
16.06.2021 02:50:03.071 GMT+0200,4248.2029999999995,4247.751,0.0005,0.0022
16.06.2021 02:50:03.122 GMT+0200,4248.446,4247.799,0.0022,0.0022
16.06.2021 02:50:03.232 GMT+0200,4248.267,4247.536,0.0022,0.0031
16.06.2021 02:50:03.282 GMT+0200,4248.264,4247.5509999999995,0.0022,0.0022
16.06.2021 02:50:20.130 GMT+0200,4247.952,4247.251,0.0022,0.0031
16.06.2021 02:50:20.181 GMT+0200,4247.955,4247.233,0.0022,0.0022
16.06.2021 02:50:23.084 GMT+0200,4247.963,4247.536,0.0005,0.0022
16.06.2021 02:50:23.135 GMT+0200,4248.255,4247.548,0.0022,0.0022
16.06.2021 02:50:26.477 GMT+0200,4248.164000000001,4247.445,0.0022,0.0031
16.06.2021 02:50:26.527 GMT+0200,4248.152,4247.433,0.0022,0.0022
16.06.2021 02:50:26.839 GMT+0200,4248.154,4247.554,0.0005,0.0022
16.06.2021 02:50:26.889 GMT+0200,4248.255,4247.554,0.0022,0.0022
16.06.2021 02:50:34.213 GMT+0200,4247.964,4247.248,0.0022,0.0031
16.06.2021 02:50:34.263 GMT+0200,4247.955,4247.248,0.0022,0.0022
16.06.2021 02:51:05.254 GMT+0200,4247.752,4247.039000000001,0.0022,0.0031
16.06.2021 02:51:05.305 GMT+0200,4247.746,4247.0509999999995,0.0022,0.0022
16.06.2021 02:51:10.430 GMT+0200,4247.766,4247.248,0.0005,0.0022
16.06.2021 02:51:10.481 GMT+0200,4247.967000000001,4247.299,0.0022,0.0022
16.06.2021 02:53:00.264 GMT+0200,4247.752,4247.099,0.0022,0.0031
16.06.2021 02:53:00.314 GMT+0200,4247.752,4247.045,0.0022,0.0022
16.06.2021 02:53:10.467 GMT+0200,4247.9490000000005,4247.299,0.0022,0.0022
16.06.2021 02:53:16.664 GMT+0200,4247.746,4247.0509999999995,0.0022,0.0031
16.06.2021 02:53:16.714 GMT+0200,4247.701,4247.0509999999995,0.0022,0.0022
16.06.2021 02:53:18.113 GMT+0200,4247.769,4247.151,0.0005,0.0022
16.06.2021 02:53:18.163 GMT+0200,4247.852,4247.1359999999995,0.0022,0.0022
16.06.2021 02:53:19.306 GMT+0200,4247.758,4247.036,0.0022,0.0031
16.06.2021 02:53:19.593 GMT+0200,4247.764,4247.042,0.0022,0.0022
16.06.2021 02:53:19.644 GMT+0200,4247.967000000001,4247.245,0.0022,0.0022
16.06.2021 02:53:20.128 GMT+0200,4247.755,4247.045,0.0022,0.0031
16.06.2021 02:53:20.179 GMT+0200,4247.758,4247.048,0.0022,0.0022
16.06.2021 02:53:23.871 GMT+0200,4247.769,4247.236,0.0005,0.0022
16.06.2021 02:53:23.921 GMT+0200,4247.952,4247.236,0.0022,0.0022
16.06.2021 02:53:24.997 GMT+0200,4247.752,4247.099,0.0022,0.0022
16.06.2021 02:53:26.574 GMT+0200,4247.76,4247.251,0.0005,0.0022
16.06.2021 02:53:26.627 GMT+0200,4247.955,4247.251,0.0022,0.0022
16.06.2021 02:53:30.116 GMT+0200,4247.764,4247.039000000001,0.0022,0.0031
16.06.2021 02:53:30.166 GMT+0200,4247.752,4247.033,0.0022,0.0022
16.06.2021 02:53:32.718 GMT+0200,4247.7029999999995,4247.133,0.0005,0.0022
16.06.2021 02:53:32.769 GMT+0200,4247.861,4247.148,0.0022,0.0022
16.06.2021 02:53:34.034 GMT+0200,4247.851,4247.251,0.0005,0.0022
16.06.2021 02:53:34.084 GMT+0200,4247.961,4247.242,0.0022,0.0022
16.06.2021 02:54:29.168 GMT+0200,4247.701,4247.048,0.0022,0.0031
16.06.2021 02:54:29.219 GMT+0200,4247.749000000001,4247.0509999999995,0.0022,0.0022
16.06.2021 02:55:08.446 GMT+0200,4247.766,4247.151,0.0005,0.0022
16.06.2021 02:55:08.496 GMT+0200,4247.867,4247.139,0.0022,0.0022
16.06.2021 02:55:08.605 GMT+0200,4247.863,4247.233,0.0005,0.0022
16.06.2021 02:55:08.655 GMT+0200,4247.958,4247.299,0.0022,0.0022
16.06.2021 02:57:11.214 GMT+0200,4247.746,4247.033,0.0022,0.0031
16.06.2021 02:57:11.264 GMT+0200,4247.749000000001,4247.039000000001,0.0022,0.0022
16.06.2021 02:57:16.816 GMT+0200,4247.455,4246.754,0.0022,0.0022
16.06.2021 02:57:24.079 GMT+0200,4247.403,4247.0509999999995,0.0005,0.0022
16.06.2021 02:57:24.129 GMT+0200,4247.764,4247.039000000001,0.0022,0.0022
16.06.2021 02:57:32.502 GMT+0200,4247.458,4246.799,0.0022,0.0031
16.06.2021 02:57:32.552 GMT+0200,4247.452,4246.733,0.0022,0.0022
16.06.2021 02:58:11.228 GMT+0200,4247.454000000001,4247.036,0.0005,0.0022
16.06.2021 02:58:11.279 GMT+0200,4247.7609999999995,4247.033,0.0022,0.0022
16.06.2021 02:58:44.147 GMT+0200,4247.769,4247.148,0.0005,0.0022
16.06.2021 02:58:44.197 GMT+0200,4247.8550000000005,4247.151,0.0022,0.0022
16.06.2021 02:58:45.221 GMT+0200,4247.803,4247.2390000000005,0.0005,0.0022
16.06.2021 02:58:45.272 GMT+0200,4247.955,4247.299,0.0022,0.0022
16.06.2021 02:58:45.540 GMT+0200,4247.755,4247.099,0.0022,0.0031
16.06.2021 02:58:45.591 GMT+0200,4247.755,4247.042,0.0022,0.0022
16.06.2021 02:59:12.907 GMT+0200,4247.467000000001,4246.7390000000005,0.0022,0.0031
16.06.2021 02:59:12.958 GMT+0200,4247.458,4246.748,0.0022,0.0022
16.06.2021 02:59:14.577 GMT+0200,4247.46,4246.933,0.0005,0.0022
16.06.2021 02:59:14.627 GMT+0200,4247.601,4246.945,0.0022,0.0022
16.06.2021 02:59:14.964 GMT+0200,4247.651,4247.042,0.0005,0.0022
16.06.2021 02:59:15.015 GMT+0200,4247.701,4247.048,0.0022,0.0022
16.06.2021 02:59:15.283 GMT+0200,4247.455,4246.751,0.0022,0.0031
16.06.2021 02:59:15.336 GMT+0200,4247.452,4246.745,0.0022,0.0022
16.06.2021 02:59:15.850 GMT+0200,4247.403,4246.936,0.0005,0.0022
16.06.2021 02:59:15.900 GMT+0200,4247.649,4246.936,0.0022,0.0022
16.06.2021 02:59:16.648 GMT+0200,4247.669,4247.099,0.0005,0.0022
16.06.2021 02:59:16.698 GMT+0200,4247.755,4247.054,0.0022,0.0022
16.06.2021 02:59:49.008 GMT+0200,4247.667,4246.936,0.0022,0.0031
16.06.2021 02:59:49.058 GMT+0200,4247.667,4246.933,0.0022,0.0022
16.06.2021 02:59:50.288 GMT+0200,4247.648,4247.0509999999995,0.0005,0.0022
16.06.2021 02:59:50.339 GMT+0200,4247.7609999999995,4247.045,0.0022,0.0022
16.06.2021 02:59:51.325 GMT+0200,4247.401,4246.745,0.0022,0.0031
16.06.2021 02:59:51.378 GMT+0200,4247.461,4246.748,0.0022,0.0022
16.06.2021 02:59:51.707 GMT+0200,4247.457,4246.945,0.0005,0.0022
16.06.2021 02:59:51.758 GMT+0200,4247.646,4246.999000000001,0.0022,0.0022
16.06.2021 02:59:55.082 GMT+0200,4247.4490000000005,4246.7390000000005,0.0022,0.0031
16.06.2021 02:59:55.133 GMT+0200,4247.401,4246.742,0.0022,0.0022
16.06.2021 03:00:00.406 GMT+0200,4247.403,4247.039000000001,0.0005,0.0022
16.06.2021 03:00:00.457 GMT+0200,4247.7609999999995,4247.042,0.0022,0.0022
16.06.2021 03:00:00.931 GMT+0200,4247.601,4246.999000000001,0.0022,0.0031
16.06.2021 03:00:00.982 GMT+0200,4247.655,4246.945,0.0022,0.0022
16.06.2021 03:00:01.134 GMT+0200,4247.455,4246.745,0.0022,0.0022
16.06.2021 03:00:01.276 GMT+0200,4247.465999999999,4247.039000000001,0.0005,0.0022
16.06.2021 03:00:01.326 GMT+0200,4247.767,4247.099,0.0022,0.0022
16.06.2021 03:00:01.464 GMT+0200,4247.661,4246.936,0.0022,0.0022
16.06.2021 03:00:01.598 GMT+0200,4247.4490000000005,4246.751,0.0022,0.0031
16.06.2021 03:00:01.648 GMT+0200,4247.401,4246.745,0.0022,0.0022
16.06.2021 03:00:02.718 GMT+0200,4247.454000000001,4246.939,0.0005,0.0022
16.06.2021 03:00:02.768 GMT+0200,4247.652,4246.948,0.0022,0.0022
16.06.2021 03:00:03.574 GMT+0200,4247.401,4246.748,0.0022,0.0031
16.06.2021 03:00:03.624 GMT+0200,4247.401,4246.748,0.0022,0.0022
16.06.2021 03:00:48.383 GMT+0200,4247.252,4246.539000000001,0.0022,0.0031
16.06.2021 03:00:48.433 GMT+0200,4247.264,4246.542,0.0022,0.0022
16.06.2021 03:00:50.507 GMT+0200,4246.964,4246.248,0.0022,0.0031
16.06.2021 03:00:50.558 GMT+0200,4246.9490000000005,4246.254,0.0022,0.0022
16.06.2021 03:01:00.575 GMT+0200,4247.252,4246.599,0.0022,0.0022
16.06.2021 03:01:32.817 GMT+0200,4247.2570000000005,4246.745,0.0005,0.0022
16.06.2021 03:01:32.868 GMT+0200,4247.467000000001,4246.754,0.0022,0.0022
16.06.2021 03:01:43.934 GMT+0200,4247.201,4246.533,0.0022,0.0031
16.06.2021 03:01:43.985 GMT+0200,4247.255,4246.5509999999995,0.0022,0.0022
16.06.2021 03:01:49.309 GMT+0200,4247.2570000000005,4246.745,0.0005,0.0022
16.06.2021 03:01:49.359 GMT+0200,4247.446,4246.742,0.0022,0.0022
16.06.2021 03:01:51.179 GMT+0200,4247.361,4246.651,0.0022,0.0031
16.06.2021 03:01:51.229 GMT+0200,4247.361,4246.642,0.0022,0.0022
16.06.2021 03:01:51.340 GMT+0200,4247.258,4246.599,0.0022,0.0031
16.06.2021 03:01:51.390 GMT+0200,4247.2609999999995,4246.542,0.0022,0.0022
16.06.2021 03:01:55.251 GMT+0200,4246.964,4246.233,0.0022,0.0031
16.06.2021 03:01:55.302 GMT+0200,4246.952,4246.233,0.0022,0.0022
16.06.2021 03:01:58.681 GMT+0200,4246.749000000001,4246.045,0.0022,0.0022
16.06.2021 03:02:04.142 GMT+0200,4246.401,4245.736,0.0022,0.0031
16.06.2021 03:02:04.192 GMT+0200,4246.467000000001,4245.733,0.0022,0.0022
16.06.2021 03:02:05.751 GMT+0200,4246.465999999999,4246.042,0.0005,0.0022
16.06.2021 03:02:05.801 GMT+0200,4246.767,4246.054,0.0022,0.0022
16.06.2021 03:02:25.676 GMT+0200,4246.4490000000005,4245.745,0.0022,0.0031
16.06.2021 03:02:25.726 GMT+0200,4246.461,4245.745,0.0022,0.0022
16.06.2021 03:02:26.155 GMT+0200,4246.46,4246.054,0.0005,0.0022
16.06.2021 03:02:26.206 GMT+0200,4246.7609999999995,4246.036,0.0022,0.0022
16.06.2021 03:02:41.839 GMT+0200,4246.763,4246.2390000000005,0.0005,0.0022
16.06.2021 03:02:41.890 GMT+0200,4246.901,4246.248,0.0022,0.0022
16.06.2021 03:02:52.044 GMT+0200,4246.948,4246.433,0.0005,0.0022
16.06.2021 03:02:52.094 GMT+0200,4247.149,4246.445,0.0022,0.0022
16.06.2021 03:02:52.195 GMT+0200,4247.169,4246.599,0.0005,0.0022
16.06.2021 03:02:52.245 GMT+0200,4247.264,4246.545,0.0022,0.0022
16.06.2021 03:02:56.031 GMT+0200,4246.9490000000005,4246.254,0.0022,0.0031
16.06.2021 03:02:56.081 GMT+0200,4246.961,4246.251,0.0022,0.0022
16.06.2021 03:03:22.446 GMT+0200,4246.951,4246.548,0.0005,0.0022
16.06.2021 03:03:22.496 GMT+0200,4247.249000000001,4246.5509999999995,0.0022,0.0022
16.06.2021 03:03:26.422 GMT+0200,4247.146,4246.433,0.0022,0.0031
16.06.2021 03:03:26.472 GMT+0200,4247.161,4246.451,0.0022,0.0022
16.06.2021 03:03:26.741 GMT+0200,4247.151,4246.539000000001,0.0005,0.0022
16.06.2021 03:03:26.792 GMT+0200,4247.252,4246.5509999999995,0.0022,0.0022
16.06.2021 03:03:27.061 GMT+0200,4246.961,4246.233,0.0022,0.0031
16.06.2021 03:03:27.112 GMT+0200,4246.961,4246.251,0.0022,0.0022
16.06.2021 03:03:31.567 GMT+0200,4246.954000000001,4246.533,0.0005,0.0022
16.06.2021 03:03:31.617 GMT+0200,4247.255,4246.536,0.0022,0.0022
16.06.2021 03:03:31.885 GMT+0200,4246.901,4246.254,0.0022,0.0031
16.06.2021 03:03:31.935 GMT+0200,4246.967000000001,4246.254,0.0022,0.0022
16.06.2021 03:03:37.965 GMT+0200,4247.264,4246.5509999999995,0.0022,0.0022
