Local time,Ask,Bid,AskVolume,BidVolume
16.09.2020 00:00:06.725 GMT+0200,3406.7509999999997,3406.052,0.0027,0.0031
16.09.2020 00:00:07.194 GMT+0200,3406.757,3406.152,0.0005,0.0022
16.09.2020 00:00:07.245 GMT+0200,3406.8509999999997,3406.137,0.0027,0.0031
16.09.2020 00:00:07.385 GMT+0200,3406.948,3406.237,0.0027,0.0031
16.09.2020 00:00:07.887 GMT+0200,3406.7000000000003,3406.255,0.0005,0.0022
16.09.2020 00:00:07.938 GMT+0200,3406.7540000000004,3406.04,0.0027,0.0031
16.09.2020 00:00:08.209 GMT+0200,3406.7540000000004,3406.243,0.0005,0.0022
16.09.2020 00:00:08.260 GMT+0200,3406.966,3406.2400000000002,0.0027,0.0031
16.09.2020 00:00:08.375 GMT+0200,3406.8509999999997,3406.1459999999997,0.0027,0.0031
16.09.2020 00:00:08.532 GMT+0200,3406.848,3406.237,0.0005,0.0022
16.09.2020 00:00:08.583 GMT+0200,3406.951,3406.2490000000003,0.0027,0.0031
16.09.2020 00:00:08.728 GMT+0200,3406.945,3406.143,0.0027,0.0031
16.09.2020 00:00:08.779 GMT+0200,3406.8540000000003,3406.14,0.0027,0.0031
16.09.2020 00:00:09.210 GMT+0200,3406.8450000000003,3406.0550000000003,0.0027,0.0031
16.09.2020 00:00:09.260 GMT+0200,3406.76,3406.046,0.0027,0.0031
16.09.2020 00:00:09.533 GMT+0200,3406.7540000000004,3405.837,0.0027,0.0031
16.09.2020 00:00:09.584 GMT+0200,3406.545,3405.837,0.0027,0.0031
16.09.2020 00:00:09.927 GMT+0200,3406.548,3406.052,0.0005,0.0022
16.09.2020 00:00:09.978 GMT+0200,3406.76,3406.046,0.0027,0.0031
16.09.2020 00:00:10.089 GMT+0200,3406.4629999999997,3406.043,0.0005,0.0022
16.09.2020 00:00:10.139 GMT+0200,3406.451,3405.7340000000004,0.0027,0.0031
16.09.2020 00:00:10.505 GMT+0200,3406.448,3405.855,0.0005,0.0022
16.09.2020 00:00:10.555 GMT+0200,3406.551,3405.9,0.0027,0.0031
16.09.2020 00:00:10.686 GMT+0200,3406.466,3405.755,0.0027,0.0031
16.09.2020 00:00:10.827 GMT+0200,3406.448,3406.1,0.0005,0.0022
16.09.2020 00:00:10.878 GMT+0200,3406.7659999999996,3406.0370000000003,0.0027,0.0031
16.09.2020 00:00:11.015 GMT+0200,3406.46,3405.7400000000002,0.0027,0.0031
16.09.2020 00:00:11.600 GMT+0200,3406.466,3406.0370000000003,0.0005,0.0022
16.09.2020 00:00:11.650 GMT+0200,3406.7540000000004,3406.043,0.0027,0.0031
16.09.2020 00:00:11.761 GMT+0200,3406.757,3405.7459999999996,0.0027,0.0031
16.09.2020 00:00:11.811 GMT+0200,3406.4,3405.7340000000004,0.0027,0.0031
16.09.2020 00:00:11.921 GMT+0200,3406.4570000000003,3406.046,0.0005,0.0022
16.09.2020 00:00:11.971 GMT+0200,3406.763,3406.04,0.0027,0.0031
16.09.2020 00:00:12.083 GMT+0200,3406.7659999999996,3405.8,0.0027,0.0031
16.09.2020 00:00:12.185 GMT+0200,3406.4,3405.755,0.0027,0.0031
16.09.2020 00:00:14.316 GMT+0200,3406.554,3405.843,0.0027,0.0031
16.09.2020 00:00:15.164 GMT+0200,3406.563,3406.2000000000003,0.0005,0.0022
16.09.2020 00:00:15.214 GMT+0200,3406.8509999999997,3406.155,0.0027,0.0031
16.09.2020 00:00:16.383 GMT+0200,3406.866,3406.034,0.0027,0.0031
16.09.2020 00:00:16.433 GMT+0200,3406.7000000000003,3406.1,0.0027,0.0031
16.09.2020 00:00:17.054 GMT+0200,3406.763,3405.84,0.0027,0.0031
16.09.2020 00:00:17.104 GMT+0200,3406.548,3405.837,0.0027,0.0031
16.09.2020 00:00:19.930 GMT+0200,3406.448,3405.7490000000003,0.0027,0.0031
16.09.2020 00:00:20.590 GMT+0200,3406.363,3405.652,0.0027,0.0031
16.09.2020 00:00:22.928 GMT+0200,3406.357,3405.7400000000002,0.0005,0.0022
16.09.2020 00:00:22.978 GMT+0200,3406.454,3405.7490000000003,0.0027,0.0031
16.09.2020 00:00:23.991 GMT+0200,3406.4629999999997,3405.655,0.0027,0.0031
16.09.2020 00:00:24.041 GMT+0200,3406.3540000000003,3405.637,0.0027,0.0031
16.09.2020 00:01:00.127 GMT+0200,3406.3,3405.855,0.0005,0.0022
16.09.2020 00:01:00.178 GMT+0200,3406.554,3405.849,0.0027,0.0031
16.09.2020 00:01:01.228 GMT+0200,3406.554,3406.1340000000005,0.0005,0.0022
16.09.2020 00:01:01.278 GMT+0200,3406.857,3406.14,0.0027,0.0031
16.09.2020 00:01:02.018 GMT+0200,3406.8540000000003,3406.237,0.0005,0.0022
16.09.2020 00:01:02.068 GMT+0200,3406.954,3406.2459999999996,0.0027,0.0031
16.09.2020 00:01:02.185 GMT+0200,3406.863,3406.14,0.0027,0.0031
16.09.2020 00:01:05.817 GMT+0200,3406.96,3406.2520000000004,0.0027,0.0031
16.09.2020 00:01:11.028 GMT+0200,3406.954,3406.2000000000003,0.0027,0.0031
16.09.2020 00:01:11.078 GMT+0200,3406.866,3406.1490000000003,0.0027,0.0031
16.09.2020 00:01:15.776 GMT+0200,3406.8509999999997,3406.6459999999997,0.0005,0.0022
16.09.2020 00:01:15.826 GMT+0200,3407.36,3406.637,0.0027,0.0031
16.09.2020 00:01:23.975 GMT+0200,3407.045,3406.4,0.0027,0.0031
16.09.2020 00:01:25.841 GMT+0200,3407.045,3406.6490000000003,0.0005,0.0022
16.09.2020 00:01:25.891 GMT+0200,3407.3509999999997,3406.6490000000003,0.0027,0.0031
16.09.2020 00:01:27.989 GMT+0200,3407.3540000000003,3406.5370000000003,0.0027,0.0031
16.09.2020 00:01:28.039 GMT+0200,3407.2000000000003,3406.534,0.0027,0.0031
16.09.2020 00:01:32.227 GMT+0200,3407.2509999999997,3406.3340000000003,0.0027,0.0031
16.09.2020 00:01:32.277 GMT+0200,3407.054,3406.3340000000003,0.0027,0.0031
16.09.2020 00:01:32.387 GMT+0200,3407,3406.5550000000003,0.0005,0.0022
16.09.2020 00:01:32.437 GMT+0200,3407.257,3406.6,0.0027,0.0031
16.09.2020 00:01:34.722 GMT+0200,3407.2000000000003,3406.6490000000003,0.0005,0.0022
16.09.2020 00:01:34.773 GMT+0200,3407.3,3406.637,0.0027,0.0031
16.09.2020 00:01:34.882 GMT+0200,3407.366,3406.5550000000003,0.0027,0.0031
16.09.2020 00:01:34.933 GMT+0200,3407.245,3406.5490000000004,0.0027,0.0031
16.09.2020 00:01:36.576 GMT+0200,3407.248,3406.6340000000005,0.0005,0.0022
16.09.2020 00:01:36.627 GMT+0200,3407.36,3406.652,0.0027,0.0031
16.09.2020 00:01:51.512 GMT+0200,3407.8540000000003,3406.6459999999997,0.0027,0.0031
16.09.2020 00:01:51.562 GMT+0200,3407.8509999999997,3407.14,0.0027,0.0031
16.09.2020 00:01:51.703 GMT+0200,3407.757,3407.046,0.0027,0.0031
16.09.2020 00:01:53.024 GMT+0200,3407.563,3406.846,0.0027,0.0031
16.09.2020 00:02:02.267 GMT+0200,3407.748,3407.0550000000003,0.0027,0.0031
16.09.2020 00:02:02.619 GMT+0200,3407.7509999999997,3406.8520000000003,0.0027,0.0031
16.09.2020 00:02:02.670 GMT+0200,3407.56,3406.846,0.0027,0.0031
16.09.2020 00:02:03.186 GMT+0200,3407.563,3407.0490000000004,0.0005,0.0022
16.09.2020 00:02:03.236 GMT+0200,3407.763,3407.0550000000003,0.0027,0.0031
16.09.2020 00:02:04.150 GMT+0200,3407.7000000000003,3406.8520000000003,0.0027,0.0031
16.09.2020 00:02:04.200 GMT+0200,3407.5570000000002,3406.843,0.0027,0.0031
16.09.2020 00:02:10.323 GMT+0200,3407.56,3407.355,0.0005,0.0022
16.09.2020 00:02:10.374 GMT+0200,3408.0570000000002,3407.34,0.0027,0.0031
16.09.2020 00:02:10.647 GMT+0200,3408.054,3407.152,0.0027,0.0031
16.09.2020 00:02:10.698 GMT+0200,3407.863,3407.1490000000003,0.0027,0.0031
16.09.2020 00:02:16.653 GMT+0200,3407.8540000000003,3407.2520000000004,0.0005,0.0022
16.09.2020 00:02:16.704 GMT+0200,3407.948,3407.243,0.0027,0.0031
16.09.2020 00:02:18.440 GMT+0200,3408.066,3407.355,0.0027,0.0031
16.09.2020 00:02:18.580 GMT+0200,3408.048,3407.237,0.0027,0.0031
16.09.2020 00:02:18.631 GMT+0200,3407.966,3407.243,0.0027,0.0031
16.09.2020 00:02:18.793 GMT+0200,3407.9570000000003,3407.355,0.0005,0.0022
16.09.2020 00:02:18.843 GMT+0200,3408.06,3407.337,0.0027,0.0031
16.09.2020 00:02:19.624 GMT+0200,3408.0570000000002,3407.2400000000002,0.0027,0.0031
16.09.2020 00:02:19.674 GMT+0200,3407.951,3407.2400000000002,0.0027,0.0031
16.09.2020 00:02:19.786 GMT+0200,3407.966,3407.4,0.0005,0.0022
16.09.2020 00:02:19.836 GMT+0200,3408,3407.3340000000003,0.0027,0.0031
16.09.2020 00:02:20.421 GMT+0200,3407.8509999999997,3407.137,0.0027,0.0031
16.09.2020 00:02:22.330 GMT+0200,3407.857,3406.855,0.0027,0.0031
16.09.2020 00:02:22.380 GMT+0200,3407.548,3406.855,0.0027,0.0031
16.09.2020 00:02:23.657 GMT+0200,3407.5570000000002,3407.14,0.0005,0.0022
16.09.2020 00:02:23.708 GMT+0200,3407.863,3407.14,0.0027,0.0031
16.09.2020 00:02:26.288 GMT+0200,3407.7000000000003,3407.1490000000003,0.0005,0.0022
16.09.2020 00:02:26.338 GMT+0200,3407.748,3407.04,0.0027,0.0031
16.09.2020 00:02:26.695 GMT+0200,3407.86,3407.14,0.0027,0.0031
16.09.2020 00:02:27.497 GMT+0200,3407.848,3407.1,0.0027,0.0031
16.09.2020 00:02:27.547 GMT+0200,3407.763,3407.046,0.0027,0.0031
16.09.2020 00:02:29.670 GMT+0200,3407.8540000000003,3407.137,0.0027,0.0031
16.09.2020 00:03:02.147 GMT+0200,3407.8509999999997,3407.2520000000004,0.0005,0.0022
16.09.2020 00:03:02.197 GMT+0200,3407.9,3407.2459999999996,0.0027,0.0031
16.09.2020 00:03:07.230 GMT+0200,3407.966,3407.1340000000005,0.0027,0.0031
16.09.2020 00:03:07.281 GMT+0200,3407.848,3407.1340000000005,0.0027,0.0031
16.09.2020 00:03:11.680 GMT+0200,3407.8509999999997,3407.337,0.0005,0.0022
16.09.2020 00:03:11.730 GMT+0200,3408.045,3407.346,0.0027,0.0031
16.09.2020 00:03:12.666 GMT+0200,3407.9629999999997,3407.3340000000003,0.0005,0.0022
16.09.2020 00:03:12.717 GMT+0200,3407.948,3407.237,0.0027,0.0031
16.09.2020 00:03:15.903 GMT+0200,3408,3407.4,0.0027,0.0031
16.09.2020 00:03:20.006 GMT+0200,3408.054,3407.64,0.0005,0.0022
16.09.2020 00:03:20.056 GMT+0200,3408.366,3407.6459999999997,0.0027,0.0031
16.09.2020 00:03:22.732 GMT+0200,3408.366,3407.849,0.0005,0.0022
16.09.2020 00:03:22.782 GMT+0200,3408.5570000000002,3407.9,0.0027,0.0031
16.09.2020 00:03:27.011 GMT+0200,3408.56,3408.052,0.0005,0.0022
16.09.2020 00:03:27.061 GMT+0200,3408.745,3408.0550000000003,0.0027,0.0031
16.09.2020 00:03:27.172 GMT+0200,3408.745,3407.8340000000003,0.0027,0.0031
16.09.2020 00:03:27.223 GMT+0200,3408.554,3407.8340000000003,0.0027,0.0031
16.09.2020 00:03:27.487 GMT+0200,3408.566,3408.0490000000004,0.0005,0.0022
16.09.2020 00:03:27.537 GMT+0200,3408.757,3408.052,0.0027,0.0031
16.09.2020 00:03:29.052 GMT+0200,3408.763,3408.152,0.0005,0.0022
16.09.2020 00:03:29.102 GMT+0200,3408.86,3408.1340000000005,0.0027,0.0031
16.09.2020 00:03:32.412 GMT+0200,3408.551,3407.846,0.0027,0.0031
16.09.2020 00:03:53.545 GMT+0200,3408.466,3407.7459999999996,0.0027,0.0031
16.09.2020 00:03:53.665 GMT+0200,3408.445,3407.655,0.0027,0.0031
16.09.2020 00:03:53.715 GMT+0200,3408.363,3407.6340000000005,0.0027,0.0031
16.09.2020 00:03:55.769 GMT+0200,3408.3509999999997,3407.4,0.0027,0.0031
16.09.2020 00:03:55.820 GMT+0200,3408.048,3407.3340000000003,0.0027,0.0031
16.09.2020 00:04:00.476 GMT+0200,3408.2509999999997,3407.5370000000003,0.0027,0.0031
16.09.2020 00:04:01.135 GMT+0200,3408.063,3407.337,0.0027,0.0031
16.09.2020 00:04:12.713 GMT+0200,3408.048,3407.137,0.0027,0.0031
16.09.2020 00:04:12.764 GMT+0200,3407.8540000000003,3407.143,0.0027,0.0031
16.09.2020 00:04:17.871 GMT+0200,3407.8,3407.355,0.0005,0.0022
16.09.2020 00:04:17.922 GMT+0200,3408.066,3407.349,0.0027,0.0031
16.09.2020 00:04:35.229 GMT+0200,3408.045,3407.2400000000002,0.0027,0.0031
16.09.2020 00:04:35.280 GMT+0200,3407.951,3407.2340000000004,0.0027,0.0031
16.09.2020 00:04:36.627 GMT+0200,3407.9570000000003,3406.8520000000003,0.0027,0.0031
16.09.2020 00:04:36.677 GMT+0200,3407.56,3406.849,0.0027,0.0031
16.09.2020 00:04:36.809 GMT+0200,3407.866,3407.155,0.0027,0.0031
16.09.2020 00:04:43.577 GMT+0200,3407.857,3406.837,0.0027,0.0031
16.09.2020 00:04:43.627 GMT+0200,3407.5,3406.843,0.0027,0.0031
16.09.2020 00:04:55.296 GMT+0200,3407.86,3407.1490000000003,0.0027,0.0031
16.09.2020 00:05:00.646 GMT+0200,3408.066,3407.137,0.0027,0.0031
16.09.2020 00:05:00.696 GMT+0200,3408.048,3407.355,0.0027,0.0031
16.09.2020 00:05:01.367 GMT+0200,3408.048,3407.2459999999996,0.0027,0.0031
16.09.2020 00:05:01.417 GMT+0200,3407.96,3407.2459999999996,0.0027,0.0031
16.09.2020 00:05:04.340 GMT+0200,3407.9570000000003,3407.346,0.0005,0.0022
16.09.2020 00:05:04.390 GMT+0200,3408.063,3407.4,0.0027,0.0031
16.09.2020 00:05:23.240 GMT+0200,3408.045,3407.137,0.0027,0.0031
16.09.2020 00:05:23.291 GMT+0200,3407.857,3407.137,0.0027,0.0031
16.09.2020 00:05:46.820 GMT+0200,3407.857,3407.2340000000004,0.0005,0.0022
16.09.2020 00:05:46.871 GMT+0200,3407.96,3407.255,0.0027,0.0031
16.09.2020 00:05:50.758 GMT+0200,3408.045,3407.349,0.0027,0.0031
16.09.2020 00:06:01.846 GMT+0200,3408.051,3407.1490000000003,0.0027,0.0031
16.09.2020 00:06:01.896 GMT+0200,3407.86,3407.1340000000005,0.0027,0.0031
16.09.2020 00:07:04.494 GMT+0200,3407.8450000000003,3406.8520000000003,0.0027,0.0031
16.09.2020 00:07:04.545 GMT+0200,3407.551,3406.8340000000003,0.0027,0.0031
16.09.2020 00:07:38.284 GMT+0200,3407.545,3406.64,0.0027,0.0031
16.09.2020 00:07:38.334 GMT+0200,3407.363,3406.64,0.0027,0.0031
16.09.2020 00:07:43.554 GMT+0200,3407.36,3406.843,0.0005,0.0022
16.09.2020 00:07:43.604 GMT+0200,3407.566,3406.84,0.0027,0.0031
16.09.2020 00:07:50.373 GMT+0200,3407.563,3406.6459999999997,0.0027,0.0031
16.09.2020 00:07:50.423 GMT+0200,3407.3540000000003,3406.643,0.0027,0.0031
16.09.2020 00:08:05.125 GMT+0200,3407.348,3406.8520000000003,0.0005,0.0022
16.09.2020 00:08:05.175 GMT+0200,3407.563,3406.855,0.0027,0.0031
16.09.2020 00:08:09.333 GMT+0200,3407.56,3406.6490000000003,0.0027,0.0031
16.09.2020 00:08:09.383 GMT+0200,3407.348,3406.6490000000003,0.0027,0.0031
16.09.2020 00:08:19.683 GMT+0200,3407.36,3406.7459999999996,0.0005,0.0022
16.09.2020 00:08:19.734 GMT+0200,3407.454,3406.7340000000004,0.0027,0.0031
16.09.2020 00:08:22.354 GMT+0200,3407.466,3406.652,0.0027,0.0031
16.09.2020 00:08:22.404 GMT+0200,3407.3509999999997,3406.64,0.0027,0.0031
16.09.2020 00:08:25.983 GMT+0200,3407.3450000000003,3406.8340000000003,0.0005,0.0022
16.09.2020 00:08:26.033 GMT+0200,3407.563,3406.849,0.0027,0.0031
16.09.2020 00:08:40.908 GMT+0200,3407.5570000000002,3406.737,0.0027,0.0031
16.09.2020 00:08:40.959 GMT+0200,3407.4629999999997,3406.737,0.0027,0.0031
16.09.2020 00:08:41.313 GMT+0200,3407.4570000000003,3406.8340000000003,0.0005,0.0022
16.09.2020 00:08:41.363 GMT+0200,3407.5570000000002,3406.843,0.0027,0.0031
16.09.2020 00:08:41.476 GMT+0200,3407.56,3406.7400000000002,0.0027,0.0031
16.09.2020 00:08:41.526 GMT+0200,3407.448,3406.737,0.0027,0.0031
16.09.2020 00:08:43.831 GMT+0200,3407.4629999999997,3406.843,0.0005,0.0022
16.09.2020 00:08:43.881 GMT+0200,3407.566,3406.843,0.0027,0.0031
16.09.2020 00:08:43.991 GMT+0200,3407.5570000000002,3406.7490000000003,0.0027,0.0031
16.09.2020 00:08:44.042 GMT+0200,3407.46,3406.755,0.0027,0.0031
16.09.2020 00:08:48.748 GMT+0200,3407.4,3406.849,0.0005,0.0022
16.09.2020 00:08:48.799 GMT+0200,3407.554,3406.837,0.0027,0.0031
16.09.2020 00:08:53.666 GMT+0200,3407.5570000000002,3406.755,0.0027,0.0031
16.09.2020 00:08:53.717 GMT+0200,3407.466,3406.8,0.0027,0.0031
16.09.2020 00:08:57.030 GMT+0200,3407.466,3406.855,0.0005,0.0022
16.09.2020 00:08:57.081 GMT+0200,3407.551,3406.843,0.0027,0.0031
16.09.2020 00:08:57.191 GMT+0200,3407.545,3406.6340000000005,0.0027,0.0031
16.09.2020 00:08:57.241 GMT+0200,3407.36,3406.655,0.0027,0.0031
16.09.2020 00:09:02.051 GMT+0200,3407.357,3406.737,0.0005,0.0022
16.09.2020 00:09:02.102 GMT+0200,3407.4,3406.7340000000004,0.0027,0.0031
16.09.2020 00:09:05.069 GMT+0200,3407.451,3406.837,0.0005,0.0022
16.09.2020 00:09:05.119 GMT+0200,3407.545,3406.855,0.0027,0.0031
16.09.2020 00:09:08.742 GMT+0200,3407.545,3406.6340000000005,0.0027,0.0031
16.09.2020 00:09:08.792 GMT+0200,3407.3450000000003,3406.6340000000005,0.0027,0.0031
16.09.2020 00:09:11.469 GMT+0200,3407.3450000000003,3406.8340000000003,0.0005,0.0022
16.09.2020 00:09:11.519 GMT+0200,3407.566,3406.8340000000003,0.0027,0.0031
16.09.2020 00:09:12.879 GMT+0200,3407.554,3406.6340000000005,0.0027,0.0031
16.09.2020 00:09:12.929 GMT+0200,3407.3450000000003,3406.6459999999997,0.0027,0.0031
16.09.2020 00:09:24.660 GMT+0200,3407.454,3406.7459999999996,0.0027,0.0031
16.09.2020 00:09:24.833 GMT+0200,3407.4629999999997,3406.7000000000003,0.0027,0.0031
16.09.2020 00:09:24.883 GMT+0200,3407.363,3406.637,0.0027,0.0031
16.09.2020 00:09:29.214 GMT+0200,3407.357,3406.552,0.0027,0.0031
16.09.2020 00:09:29.264 GMT+0200,3407.248,3406.552,0.0027,0.0031
16.09.2020 00:09:40.836 GMT+0200,3407.048,3406.355,0.0027,0.0031
16.09.2020 00:09:48.449 GMT+0200,3407.051,3406.5370000000003,0.0005,0.0022
16.09.2020 00:09:48.499 GMT+0200,3407.263,3406.546,0.0027,0.0031
16.09.2020 00:09:49.151 GMT+0200,3407.3509999999997,3406.54,0.0027,0.0031
16.09.2020 00:09:49.201 GMT+0200,3407.3,3406.6459999999997,0.0027,0.0031
16.09.2020 00:10:07.912 GMT+0200,3407.06,3406.343,0.0027,0.0031
16.09.2020 00:10:16.940 GMT+0200,3407,3406.534,0.0005,0.0022
16.09.2020 00:10:16.990 GMT+0200,3407.2509999999997,3406.5490000000004,0.0027,0.0031
16.09.2020 00:10:17.765 GMT+0200,3407.2000000000003,3406.6340000000005,0.0005,0.0022
16.09.2020 00:10:17.815 GMT+0200,3407.357,3406.7000000000003,0.0027,0.0031
16.09.2020 00:10:23.681 GMT+0200,3407.3509999999997,3406.4,0.0027,0.0031
16.09.2020 00:10:23.732 GMT+0200,3407.066,3406.349,0.0027,0.0031
16.09.2020 00:10:38.062 GMT+0200,3407,3406.655,0.0005,0.0022
16.09.2020 00:10:38.113 GMT+0200,3407.3540000000003,3406.637,0.0027,0.0031
16.09.2020 00:11:03.556 GMT+0200,3407.357,3406.6,0.0027,0.0031
16.09.2020 00:11:03.606 GMT+0200,3407.263,3406.6,0.0027,0.0031
16.09.2020 00:11:08.379 GMT+0200,3407.26,3406.6340000000005,0.0005,0.0022
16.09.2020 00:11:08.429 GMT+0200,3407.36,3406.7000000000003,0.0027,0.0031
16.09.2020 00:11:17.914 GMT+0200,3407.3540000000003,3406.34,0.0027,0.0031
16.09.2020 00:11:17.965 GMT+0200,3407.054,3406.355,0.0027,0.0031
16.09.2020 00:12:04.030 GMT+0200,3407.063,3406.14,0.0027,0.0031
16.09.2020 00:12:04.081 GMT+0200,3406.8540000000003,3406.2000000000003,0.0027,0.0031
16.09.2020 00:12:14.684 GMT+0200,3406.9570000000003,3406.243,0.0027,0.0031
16.09.2020 00:12:16.770 GMT+0200,3406.951,3406.1340000000005,0.0027,0.0031
16.09.2020 00:12:16.820 GMT+0200,3406.857,3406.137,0.0027,0.0031
16.09.2020 00:12:16.930 GMT+0200,3406.8450000000003,3406.34,0.0005,0.0022
16.09.2020 00:12:16.980 GMT+0200,3407.06,3406.4,0.0027,0.0031
16.09.2020 00:12:27.031 GMT+0200,3407.048,3406.137,0.0027,0.0031
16.09.2020 00:12:27.081 GMT+0200,3406.8509999999997,3406.1340000000005,0.0027,0.0031
16.09.2020 00:12:39.537 GMT+0200,3406.8509999999997,3406.2459999999996,0.0005,0.0022
16.09.2020 00:12:39.587 GMT+0200,3406.96,3406.2490000000003,0.0027,0.0031
16.09.2020 00:12:41.179 GMT+0200,3406.954,3406.337,0.0005,0.0022
16.09.2020 00:12:41.229 GMT+0200,3407.051,3406.4,0.0027,0.0031
16.09.2020 00:12:51.336 GMT+0200,3407,3406.155,0.0027,0.0031
16.09.2020 00:12:51.386 GMT+0200,3406.8540000000003,3406.155,0.0027,0.0031
16.09.2020 00:12:54.308 GMT+0200,3406.8,3406.04,0.0027,0.0031
16.09.2020 00:12:54.358 GMT+0200,3406.7659999999996,3406.1,0.0027,0.0031
16.09.2020 00:12:55.882 GMT+0200,3406.757,3405.8520000000003,0.0027,0.0031
16.09.2020 00:12:55.933 GMT+0200,3406.563,3405.843,0.0027,0.0031
16.09.2020 00:12:56.041 GMT+0200,3406.545,3406.0370000000003,0.0005,0.0022
16.09.2020 00:12:56.096 GMT+0200,3406.7659999999996,3406.04,0.0027,0.0031
16.09.2020 00:13:04.257 GMT+0200,3406.7000000000003,3406.143,0.0005,0.0022
16.09.2020 00:13:04.307 GMT+0200,3406.8450000000003,3406.1490000000003,0.0027,0.0031
16.09.2020 00:13:30.222 GMT+0200,3406.866,3406.3340000000003,0.0005,0.0022
16.09.2020 00:13:30.273 GMT+0200,3407.06,3406.349,0.0027,0.0031
16.09.2020 00:14:04.474 GMT+0200,3407.0570000000002,3406.552,0.0005,0.0022
16.09.2020 00:14:04.525 GMT+0200,3407.2000000000003,3406.5370000000003,0.0027,0.0031
16.09.2020 00:14:05.093 GMT+0200,3407.2540000000004,3406.6490000000003,0.0005,0.0022
16.09.2020 00:14:05.144 GMT+0200,3407.363,3406.652,0.0027,0.0031
16.09.2020 00:14:10.550 GMT+0200,3407.066,3406.343,0.0027,0.0031
16.09.2020 00:14:17.854 GMT+0200,3407.0570000000002,3406.6340000000005,0.0005,0.0022
16.09.2020 00:14:17.905 GMT+0200,3407.3450000000003,3406.64,0.0027,0.0031
16.09.2020 00:14:33.657 GMT+0200,3407.46,3406.7340000000004,0.0027,0.0031
16.09.2020 00:14:33.773 GMT+0200,3407.466,3406.655,0.0027,0.0031
16.09.2020 00:14:33.824 GMT+0200,3407.3,3406.64,0.0027,0.0031
16.09.2020 00:14:33.936 GMT+0200,3407.3,3406.743,0.0005,0.0022
16.09.2020 00:14:33.986 GMT+0200,3407.451,3406.7400000000002,0.0027,0.0031
16.09.2020 00:14:34.260 GMT+0200,3407.46,3406.849,0.0005,0.0022
16.09.2020 00:14:34.310 GMT+0200,3407.566,3406.8520000000003,0.0027,0.0031
16.09.2020 00:15:10.664 GMT+0200,3407.566,3407.152,0.0005,0.0022
16.09.2020 00:15:10.715 GMT+0200,3407.8509999999997,3407.1490000000003,0.0027,0.0031
16.09.2020 00:15:14.260 GMT+0200,3407.763,3407.0550000000003,0.0027,0.0031
16.09.2020 00:15:15.337 GMT+0200,3407.7000000000003,3406.8340000000003,0.0027,0.0031
16.09.2020 00:15:15.388 GMT+0200,3407.545,3406.849,0.0027,0.0031
16.09.2020 00:15:32.295 GMT+0200,3407.563,3407.1459999999997,0.0005,0.0022
16.09.2020 00:15:32.346 GMT+0200,3407.866,3407.1340000000005,0.0027,0.0031
16.09.2020 00:15:35.568 GMT+0200,3407.863,3406.9,0.0027,0.0031
16.09.2020 00:15:35.618 GMT+0200,3407.563,3406.837,0.0027,0.0031
16.09.2020 00:15:41.430 GMT+0200,3407.554,3407.155,0.0005,0.0022
16.09.2020 00:15:41.480 GMT+0200,3407.863,3407.14,0.0027,0.0031
16.09.2020 00:15:45.214 GMT+0200,3407.8,3406.9,0.0027,0.0031
16.09.2020 00:15:45.265 GMT+0200,3407.548,3406.849,0.0027,0.0031
16.09.2020 00:15:46.754 GMT+0200,3407.548,3407.1490000000003,0.0005,0.0022
16.09.2020 00:15:46.805 GMT+0200,3407.8540000000003,3407.1459999999997,0.0027,0.0031
16.09.2020 00:15:54.738 GMT+0200,3407.866,3406.855,0.0027,0.0031
16.09.2020 00:15:54.788 GMT+0200,3407.554,3406.846,0.0027,0.0031
16.09.2020 00:15:57.010 GMT+0200,3407.554,3407.0370000000003,0.0005,0.0022
16.09.2020 00:15:57.060 GMT+0200,3407.76,3407.052,0.0027,0.0031
16.09.2020 00:16:00.638 GMT+0200,3407.748,3406.846,0.0027,0.0031
16.09.2020 00:16:00.688 GMT+0200,3407.551,3406.9,0.0027,0.0031
16.09.2020 00:16:18.417 GMT+0200,3407.56,3406.643,0.0027,0.0031
16.09.2020 00:16:18.467 GMT+0200,3407.366,3406.655,0.0027,0.0031
16.09.2020 00:17:14.207 GMT+0200,3407.3509999999997,3406.355,0.0027,0.0031
16.09.2020 00:17:14.258 GMT+0200,3407.045,3406.34,0.0027,0.0031
16.09.2020 00:18:12.521 GMT+0200,3406.8450000000003,3406.14,0.0027,0.0031
16.09.2020 00:18:38.726 GMT+0200,3406.8509999999997,3405.6340000000005,0.0027,0.0031
16.09.2020 00:18:38.776 GMT+0200,3406.366,3405.643,0.0027,0.0031
16.09.2020 00:18:41.571 GMT+0200,3406.46,3405.7459999999996,0.0027,0.0031
16.09.2020 00:18:46.635 GMT+0200,3406.357,3405.7400000000002,0.0005,0.0022
16.09.2020 00:18:46.685 GMT+0200,3406.3450000000003,3405.637,0.0027,0.0031
16.09.2020 00:18:52.576 GMT+0200,3406.3509999999997,3405.337,0.0027,0.0031
16.09.2020 00:18:52.626 GMT+0200,3406.06,3405.34,0.0027,0.0031
16.09.2020 00:19:12.842 GMT+0200,3406.051,3405.7340000000004,0.0005,0.0022
16.09.2020 00:19:12.892 GMT+0200,3406.4,3405.7490000000003,0.0027,0.0031
16.09.2020 00:19:22.106 GMT+0200,3406.454,3405.655,0.0027,0.0031
16.09.2020 00:19:22.156 GMT+0200,3406.357,3405.643,0.0027,0.0031
16.09.2020 00:19:31.881 GMT+0200,3406.36,3405.7459999999996,0.0005,0.0022
16.09.2020 00:19:31.932 GMT+0200,3406.448,3405.7340000000004,0.0027,0.0031
16.09.2020 00:19:35.069 GMT+0200,3406.56,3405.737,0.0027,0.0031
16.09.2020 00:19:35.120 GMT+0200,3406.5,3405.84,0.0027,0.0031
16.09.2020 00:19:35.230 GMT+0200,3406.554,3405.7520000000004,0.0027,0.0031
16.09.2020 00:19:35.280 GMT+0200,3406.4629999999997,3405.7400000000002,0.0027,0.0031
16.09.2020 00:19:37.209 GMT+0200,3406.4629999999997,3405.837,0.0005,0.0022
16.09.2020 00:19:37.259 GMT+0200,3406.551,3405.843,0.0027,0.0031
16.09.2020 00:19:48.758 GMT+0200,3406.566,3405.7459999999996,0.0027,0.0031
16.09.2020 00:19:48.809 GMT+0200,3406.454,3405.743,0.0027,0.0031
16.09.2020 00:19:50.918 GMT+0200,3406.4570000000003,3405.637,0.0027,0.0031
16.09.2020 00:19:50.969 GMT+0200,3406.348,3405.64,0.0027,0.0031
16.09.2020 00:19:55.242 GMT+0200,3406.366,3405.743,0.0005,0.0022
16.09.2020 00:19:55.293 GMT+0200,3406.466,3405.737,0.0027,0.0031
16.09.2020 00:20:08.476 GMT+0200,3406.466,3405.6490000000003,0.0027,0.0031
16.09.2020 00:20:08.526 GMT+0200,3406.348,3405.655,0.0027,0.0031
16.09.2020 00:20:09.250 GMT+0200,3406.36,3405.8340000000003,0.0005,0.0022
16.09.2020 00:20:09.300 GMT+0200,3406.566,3405.8340000000003,0.0027,0.0031
16.09.2020 00:20:24.463 GMT+0200,3406.56,3406.346,0.0005,0.0022
16.09.2020 00:20:24.514 GMT+0200,3407.045,3406.3520000000003,0.0027,0.0031
16.09.2020 00:20:24.624 GMT+0200,3407.06,3406.155,0.0027,0.0031
16.09.2020 00:20:24.674 GMT+0200,3406.8540000000003,3406.2000000000003,0.0027,0.0031
16.09.2020 00:20:26.348 GMT+0200,3406.8540000000003,3406.2459999999996,0.0005,0.0022
16.09.2020 00:20:26.398 GMT+0200,3406.948,3406.243,0.0027,0.0031
16.09.2020 00:20:35.020 GMT+0200,3406.966,3406.155,0.0027,0.0031
16.09.2020 00:20:35.070 GMT+0200,3406.863,3406.1340000000005,0.0027,0.0031
16.09.2020 00:20:41.113 GMT+0200,3406.863,3406.4,0.0005,0.0022
16.09.2020 00:20:41.164 GMT+0200,3407,3406.346,0.0027,0.0031
16.09.2020 00:20:44.465 GMT+0200,3407.066,3406.1340000000005,0.0027,0.0031
16.09.2020 00:20:44.516 GMT+0200,3406.857,3406.1340000000005,0.0027,0.0031
16.09.2020 00:20:48.928 GMT+0200,3406.866,3406.2400000000002,0.0005,0.0022
16.09.2020 00:20:48.978 GMT+0200,3406.954,3406.2459999999996,0.0027,0.0031
16.09.2020 00:20:53.144 GMT+0200,3406.96,3406.343,0.0005,0.0022
16.09.2020 00:20:53.195 GMT+0200,3407.0570000000002,3406.3340000000003,0.0027,0.0031
16.09.2020 00:20:58.106 GMT+0200,3407.045,3406.2000000000003,0.0027,0.0031
16.09.2020 00:20:58.156 GMT+0200,3406.86,3406.1340000000005,0.0027,0.0031
16.09.2020 00:21:00.924 GMT+0200,3406.8540000000003,3406.2459999999996,0.0005,0.0022
16.09.2020 00:21:00.975 GMT+0200,3406.96,3406.255,0.0027,0.0031
16.09.2020 00:21:04.186 GMT+0200,3406.966,3406.337,0.0005,0.0022
16.09.2020 00:21:04.237 GMT+0200,3407.045,3406.34,0.0027,0.0031
16.09.2020 00:21:07.487 GMT+0200,3406.8509999999997,3406.143,0.0027,0.0031
16.09.2020 00:21:16.800 GMT+0200,3406.8540000000003,3406.643,0.0005,0.0022
16.09.2020 00:21:16.851 GMT+0200,3406.8,3406.155,0.0027,0.0031
16.09.2020 00:21:25.687 GMT+0200,3406.8540000000003,3406.1,0.0027,0.0031
16.09.2020 00:21:25.738 GMT+0200,3406.757,3406.043,0.0027,0.0031
16.09.2020 00:21:28.679 GMT+0200,3406.7509999999997,3406.1459999999997,0.0005,0.0022
16.09.2020 00:21:28.730 GMT+0200,3406.8509999999997,3406.1340000000005,0.0027,0.0031
16.09.2020 00:21:36.141 GMT+0200,3406.848,3406.04,0.0027,0.0031
16.09.2020 00:21:36.192 GMT+0200,3406.745,3406.0550000000003,0.0027,0.0031
16.09.2020 00:21:37.860 GMT+0200,3406.56,3406.0370000000003,0.0005,0.0022
16.09.2020 00:21:37.911 GMT+0200,3406.5570000000002,3405.846,0.0027,0.0031
16.09.2020 00:21:40.396 GMT+0200,3406.563,3406.034,0.0005,0.0022
16.09.2020 00:21:40.446 GMT+0200,3406.7509999999997,3406.0370000000003,0.0027,0.0031
16.09.2020 00:21:44.122 GMT+0200,3406.866,3406.14,0.0027,0.0031
16.09.2020 00:22:03.969 GMT+0200,3406.848,3406.337,0.0005,0.0022
16.09.2020 00:22:04.019 GMT+0200,3407.048,3406.3340000000003,0.0027,0.0031
16.09.2020 00:22:12.127 GMT+0200,3407.0570000000002,3406.655,0.0005,0.0022
16.09.2020 00:22:12.180 GMT+0200,3407.3450000000003,3406.6459999999997,0.0027,0.0031
16.09.2020 00:22:12.918 GMT+0200,3407.363,3406.355,0.0027,0.0031
16.09.2020 00:22:12.969 GMT+0200,3407.06,3406.337,0.0027,0.0031
16.09.2020 00:22:20.015 GMT+0200,3407.051,3406.54,0.0005,0.0022
16.09.2020 00:22:20.066 GMT+0200,3407.2000000000003,3406.5550000000003,0.0027,0.0031
16.09.2020 00:22:20.689 GMT+0200,3407.263,3406.64,0.0005,0.0022
16.09.2020 00:22:20.740 GMT+0200,3407.363,3406.655,0.0027,0.0031
16.09.2020 00:22:44.728 GMT+0200,3407.3,3406.849,0.0005,0.0022
16.09.2020 00:22:44.778 GMT+0200,3407.545,3406.855,0.0027,0.0031
16.09.2020 00:22:50.263 GMT+0200,3407.56,3406.637,0.0027,0.0031
16.09.2020 00:22:50.314 GMT+0200,3407.357,3406.6459999999997,0.0027,0.0031
16.09.2020 00:22:51.189 GMT+0200,3407.3,3406.34,0.0027,0.0031
16.09.2020 00:22:51.240 GMT+0200,3407.0570000000002,3406.4,0.0027,0.0031
16.09.2020 00:22:52.641 GMT+0200,3407.048,3406.137,0.0027,0.0031
16.09.2020 00:22:52.691 GMT+0200,3406.863,3406.1340000000005,0.0027,0.0031
16.09.2020 00:23:10.237 GMT+0200,3406.8,3406.34,0.0005,0.0022
16.09.2020 00:23:10.287 GMT+0200,3407.051,3406.34,0.0027,0.0031
16.09.2020 00:23:12.833 GMT+0200,3407.045,3406.14,0.0027,0.0031
16.09.2020 00:23:12.883 GMT+0200,3406.866,3406.137,0.0027,0.0031
16.09.2020 00:23:22.707 GMT+0200,3406.8,3406.3340000000003,0.0005,0.0022
16.09.2020 00:23:22.758 GMT+0200,3407.054,3406.3520000000003,0.0027,0.0031
16.09.2020 00:23:23.441 GMT+0200,3407.048,3406.2459999999996,0.0027,0.0031
16.09.2020 00:23:23.491 GMT+0200,3406.9570000000003,3406.255,0.0027,0.0031
16.09.2020 00:23:33.776 GMT+0200,3406.948,3406.3340000000003,0.0005,0.0022
16.09.2020 00:23:33.826 GMT+0200,3407.048,3406.34,0.0027,0.0031
16.09.2020 00:23:40.242 GMT+0200,3407,3406.552,0.0005,0.0022
16.09.2020 00:23:40.293 GMT+0200,3407.26,3406.5490000000004,0.0027,0.0031
16.09.2020 00:23:49.285 GMT+0200,3407.257,3406.3340000000003,0.0027,0.0031
16.09.2020 00:23:49.335 GMT+0200,3407.06,3406.355,0.0027,0.0031
16.09.2020 00:23:54.034 GMT+0200,3407.26,3406.5550000000003,0.0027,0.0031
16.09.2020 00:23:57.676 GMT+0200,3407.26,3406.4,0.0027,0.0031
16.09.2020 00:23:57.726 GMT+0200,3407.06,3406.346,0.0027,0.0031
16.09.2020 00:24:21.747 GMT+0200,3407.045,3406.54,0.0005,0.0022
16.09.2020 00:24:21.798 GMT+0200,3407.2540000000004,3406.5370000000003,0.0027,0.0031
16.09.2020 00:24:28.611 GMT+0200,3407.2540000000004,3406.6340000000005,0.0005,0.0022
16.09.2020 00:24:28.661 GMT+0200,3407.3540000000003,3406.643,0.0027,0.0031
16.09.2020 00:24:33.569 GMT+0200,3407.3450000000003,3406.355,0.0027,0.0031
16.09.2020 00:24:33.620 GMT+0200,3407.051,3406.343,0.0027,0.0031
16.09.2020 00:24:43.925 GMT+0200,3407.066,3406.143,0.0027,0.0031
16.09.2020 00:24:43.976 GMT+0200,3406.8509999999997,3406.1340000000005,0.0027,0.0031
16.09.2020 00:30:03.726 GMT+0200,3406.86,3406.355,0.0005,0.0022
16.09.2020 00:30:03.777 GMT+0200,3407.048,3406.355,0.0027,0.0031
16.09.2020 00:30:04.749 GMT+0200,3406.86,3406.337,0.0005,0.0022
16.09.2020 00:30:04.800 GMT+0200,3406.86,3406.2000000000003,0.0027,0.0031
16.09.2020 00:30:10.099 GMT+0200,3406.857,3406.337,0.0005,0.0022
16.09.2020 00:30:10.149 GMT+0200,3407.048,3406.34,0.0027,0.0031
16.09.2020 00:30:24.156 GMT+0200,3407.048,3405.855,0.0027,0.0031
16.09.2020 00:30:24.207 GMT+0200,3406.551,3405.843,0.0027,0.0031
16.09.2020 00:31:21.083 GMT+0200,3406.5570000000002,3406.0370000000003,0.0005,0.0022
16.09.2020 00:31:21.134 GMT+0200,3406.76,3406.052,0.0027,0.0031
16.09.2020 00:31:22.868 GMT+0200,3406.5570000000002,3405.843,0.0027,0.0031
16.09.2020 00:31:37.476 GMT+0200,3406.563,3406.043,0.0005,0.0022
16.09.2020 00:31:37.527 GMT+0200,3406.763,3406.0370000000003,0.0027,0.0031
16.09.2020 00:31:46.577 GMT+0200,3406.7540000000004,3406.152,0.0005,0.0022
16.09.2020 00:31:46.628 GMT+0200,3406.8540000000003,3406.143,0.0027,0.0031
16.09.2020 00:32:13.250 GMT+0200,3406.8540000000003,3406.2459999999996,0.0005,0.0022
16.09.2020 00:32:13.301 GMT+0200,3406.9629999999997,3406.3,0.0027,0.0031
16.09.2020 00:32:13.979 GMT+0200,3407.063,3406.2340000000004,0.0027,0.0031
16.09.2020 00:32:14.029 GMT+0200,3407.06,3406.355,0.0027,0.0031
16.09.2020 00:32:41.150 GMT+0200,3407.066,3406.243,0.0027,0.0031
16.09.2020 00:32:41.200 GMT+0200,3406.9570000000003,3406.2520000000004,0.0027,0.0031
16.09.2020 00:32:44.669 GMT+0200,3406.9,3406.152,0.0027,0.0031
16.09.2020 00:32:44.720 GMT+0200,3406.86,3406.137,0.0027,0.0031
16.09.2020 00:32:44.829 GMT+0200,3406.848,3406.243,0.0005,0.0022
16.09.2020 00:32:44.879 GMT+0200,3406.948,3406.255,0.0027,0.0031
16.09.2020 00:32:44.990 GMT+0200,3406.9570000000003,3406.1490000000003,0.0027,0.0031
16.09.2020 00:32:45.041 GMT+0200,3406.863,3406.152,0.0027,0.0031
16.09.2020 00:32:45.405 GMT+0200,3406.9,3406.243,0.0027,0.0031
16.09.2020 00:32:45.577 GMT+0200,3406.9629999999997,3406.343,0.0005,0.0022
16.09.2020 00:32:45.627 GMT+0200,3407.0570000000002,3406.346,0.0027,0.0031
16.09.2020 00:32:49.932 GMT+0200,3407.063,3406.14,0.0027,0.0031
16.09.2020 00:32:49.983 GMT+0200,3406.848,3406.137,0.0027,0.0031
16.09.2020 00:32:50.709 GMT+0200,3406.848,3406.2459999999996,0.0005,0.0022
16.09.2020 00:32:50.760 GMT+0200,3406.9570000000003,3406.2340000000004,0.0027,0.0031
16.09.2020 00:33:19.588 GMT+0200,3406.9,3406.343,0.0005,0.0022
16.09.2020 00:33:19.638 GMT+0200,3407.048,3406.3340000000003,0.0027,0.0031
16.09.2020 00:34:34.031 GMT+0200,3406.5,3406.34,0.0005,0.0022
16.09.2020 00:34:34.082 GMT+0200,3406.551,3405.8340000000003,0.0027,0.0031
16.09.2020 00:34:42.945 GMT+0200,3406.56,3406.052,0.0005,0.0022
16.09.2020 00:34:42.995 GMT+0200,3406.7000000000003,3406.046,0.0027,0.0031
16.09.2020 00:34:55.639 GMT+0200,3406.748,3406.2000000000003,0.0005,0.0022
16.09.2020 00:34:55.689 GMT+0200,3406.8540000000003,3406.1340000000005,0.0027,0.0031
16.09.2020 00:35:56.815 GMT+0200,3406.8,3405.846,0.0027,0.0031
16.09.2020 00:35:56.865 GMT+0200,3406.548,3405.837,0.0027,0.0031
16.09.2020 00:35:58.215 GMT+0200,3406.8450000000003,3406.1340000000005,0.0027,0.0031
16.09.2020 00:35:58.330 GMT+0200,3406.86,3406.04,0.0027,0.0031
16.09.2020 00:35:58.381 GMT+0200,3406.7509999999997,3406.046,0.0027,0.0031
16.09.2020 00:36:02.970 GMT+0200,3406.7000000000003,3405.843,0.0027,0.0031
16.09.2020 00:36:03.020 GMT+0200,3406.548,3405.843,0.0027,0.0031
16.09.2020 00:36:03.165 GMT+0200,3406.848,3406.14,0.0027,0.0031
16.09.2020 00:36:31.742 GMT+0200,3406.848,3405.855,0.0027,0.0031
16.09.2020 00:36:31.792 GMT+0200,3406.548,3405.849,0.0027,0.0031
16.09.2020 00:36:33.781 GMT+0200,3406.56,3406.137,0.0005,0.0022
16.09.2020 00:36:33.832 GMT+0200,3406.866,3406.152,0.0027,0.0031
16.09.2020 00:36:46.000 GMT+0200,3406.8,3405.855,0.0027,0.0031
16.09.2020 00:36:46.050 GMT+0200,3406.563,3405.8340000000003,0.0027,0.0031
16.09.2020 00:36:46.407 GMT+0200,3406.366,3405.637,0.0027,0.0031
16.09.2020 00:36:53.807 GMT+0200,3406.06,3405.6490000000003,0.0005,0.0022
16.09.2020 00:36:53.857 GMT+0200,3406.054,3405.346,0.0027,0.0031
16.09.2020 00:36:55.270 GMT+0200,3406.051,3405.643,0.0005,0.0022
16.09.2020 00:36:55.322 GMT+0200,3406.348,3405.7000000000003,0.0027,0.0031
16.09.2020 00:37:09.207 GMT+0200,3406.3,3405.4,0.0027,0.0031
16.09.2020 00:37:09.258 GMT+0200,3406.063,3405.4,0.0027,0.0031
16.09.2020 00:37:16.148 GMT+0200,3406.051,3405.152,0.0027,0.0031
16.09.2020 00:37:16.199 GMT+0200,3405.863,3405.14,0.0027,0.0031
16.09.2020 00:37:17.296 GMT+0200,3405.857,3404.9,0.0027,0.0031
16.09.2020 00:37:17.347 GMT+0200,3405.548,3404.8340000000003,0.0027,0.0031
16.09.2020 00:37:17.568 GMT+0200,3406.051,3405.34,0.0027,0.0031
16.09.2020 00:37:19.002 GMT+0200,3406.06,3405.64,0.0005,0.0022
16.09.2020 00:37:19.053 GMT+0200,3406.3,3405.655,0.0027,0.0031
16.09.2020 00:37:21.545 GMT+0200,3406.3540000000003,3405.6,0.0027,0.0031
16.09.2020 00:37:21.596 GMT+0200,3406.248,3405.546,0.0027,0.0031
16.09.2020 00:37:24.532 GMT+0200,3406.26,3405.7000000000003,0.0005,0.0022
16.09.2020 00:37:24.582 GMT+0200,3406.3540000000003,3405.655,0.0027,0.0031
16.09.2020 00:37:39.616 GMT+0200,3406.3450000000003,3405.3340000000003,0.0027,0.0031
16.09.2020 00:37:39.666 GMT+0200,3406.0570000000002,3405.337,0.0027,0.0031
16.09.2020 00:37:44.365 GMT+0200,3406.063,3405.2520000000004,0.0027,0.0031
16.09.2020 00:37:44.415 GMT+0200,3405.9629999999997,3405.2490000000003,0.0027,0.0031
16.09.2020 00:37:45.323 GMT+0200,3405.945,3405.2000000000003,0.0027,0.0031
16.09.2020 00:37:45.374 GMT+0200,3405.86,3405.1459999999997,0.0027,0.0031
16.09.2020 00:37:50.025 GMT+0200,3406.045,3405.137,0.0027,0.0031
16.09.2020 00:37:50.076 GMT+0200,3405.563,3404.849,0.0027,0.0031
16.09.2020 00:37:50.212 GMT+0200,3405.357,3404.7000000000003,0.0027,0.0031
16.09.2020 00:37:52.788 GMT+0200,3405.357,3404.5550000000003,0.0027,0.0031
16.09.2020 00:37:52.839 GMT+0200,3405.2659999999996,3404.5370000000003,0.0027,0.0031
16.09.2020 00:37:53.137 GMT+0200,3405.2509999999997,3404.4,0.0027,0.0031
16.09.2020 00:37:53.187 GMT+0200,3405.048,3404.346,0.0027,0.0031
16.09.2020 00:38:02.524 GMT+0200,3405.06,3404.637,0.0005,0.0022
16.09.2020 00:38:02.575 GMT+0200,3405.36,3404.655,0.0027,0.0031
16.09.2020 00:38:08.230 GMT+0200,3405.3,3404.343,0.0027,0.0031
16.09.2020 00:38:08.280 GMT+0200,3405.045,3404.343,0.0027,0.0031
16.09.2020 00:38:09.769 GMT+0200,3405,3404.6459999999997,0.0005,0.0022
16.09.2020 00:38:09.820 GMT+0200,3405.363,3404.6490000000003,0.0027,0.0031
16.09.2020 00:38:10.590 GMT+0200,3405.2659999999996,3404.6,0.0027,0.0031
16.09.2020 00:38:11.265 GMT+0200,3405.2540000000004,3404.337,0.0027,0.0031
16.09.2020 00:38:11.316 GMT+0200,3405.045,3404.4,0.0027,0.0031
16.09.2020 00:38:12.405 GMT+0200,3405.063,3404.137,0.0027,0.0031
16.09.2020 00:38:12.455 GMT+0200,3404.8509999999997,3404.2000000000003,0.0027,0.0031
16.09.2020 00:38:21.692 GMT+0200,3404.8540000000003,3404.343,0.0005,0.0022
16.09.2020 00:38:21.742 GMT+0200,3405.048,3404.3520000000003,0.0027,0.0031
16.09.2020 00:38:53.830 GMT+0200,3404.8540000000003,3404.137,0.0027,0.0031
16.09.2020 00:38:55.352 GMT+0200,3404.857,3404.346,0.0005,0.0022
16.09.2020 00:38:55.403 GMT+0200,3405.063,3404.355,0.0027,0.0031
16.09.2020 00:38:59.534 GMT+0200,3405.045,3404.543,0.0005,0.0022
16.09.2020 00:38:59.585 GMT+0200,3405.245,3404.5370000000003,0.0027,0.0031
16.09.2020 00:39:01.813 GMT+0200,3405.26,3404.6490000000003,0.0005,0.0022
16.09.2020 00:39:01.863 GMT+0200,3405.3540000000003,3404.655,0.0027,0.0031
16.09.2020 00:39:32.474 GMT+0200,3405.3,3404.849,0.0005,0.0022
16.09.2020 00:39:32.525 GMT+0200,3405.5,3404.84,0.0027,0.0031
16.09.2020 00:39:43.671 GMT+0200,3405.054,3404.3340000000003,0.0027,0.0031
16.09.2020 00:39:47.474 GMT+0200,3405.06,3404.5550000000003,0.0005,0.0022
16.09.2020 00:39:47.524 GMT+0200,3405.263,3404.5490000000004,0.0027,0.0031
16.09.2020 00:39:57.541 GMT+0200,3405.2540000000004,3404.843,0.0005,0.0022
16.09.2020 00:39:57.591 GMT+0200,3405.551,3404.8520000000003,0.0027,0.0031
16.09.2020 00:40:20.562 GMT+0200,3405.56,3405.155,0.0005,0.0022
16.09.2020 00:40:20.612 GMT+0200,3405.86,3405.1490000000003,0.0027,0.0031
16.09.2020 00:41:17.688 GMT+0200,3405.8540000000003,3405.346,0.0005,0.0022
16.09.2020 00:41:17.738 GMT+0200,3406.051,3405.4,0.0027,0.0031
16.09.2020 00:41:41.019 GMT+0200,3406.048,3405.546,0.0005,0.0022
16.09.2020 00:41:41.070 GMT+0200,3406.2509999999997,3405.5370000000003,0.0027,0.0031
16.09.2020 00:41:45.825 GMT+0200,3406.26,3405.6459999999997,0.0005,0.0022
16.09.2020 00:41:45.875 GMT+0200,3406.3,3405.64,0.0027,0.0031
16.09.2020 00:42:40.986 GMT+0200,3406.36,3405.355,0.0027,0.0031
16.09.2020 00:42:41.037 GMT+0200,3406.06,3405.4,0.0027,0.0031
16.09.2020 00:43:10.053 GMT+0200,3406.054,3405.6490000000003,0.0005,0.0022
16.09.2020 00:43:10.104 GMT+0200,3406.366,3405.655,0.0027,0.0031
16.09.2020 00:43:11.315 GMT+0200,3405.8509999999997,3405.137,0.0027,0.0031
16.09.2020 00:43:27.619 GMT+0200,3405.8,3405.34,0.0005,0.0022
16.09.2020 00:43:27.670 GMT+0200,3406.066,3405.3340000000003,0.0027,0.0031
16.09.2020 00:43:31.340 GMT+0200,3406.048,3405.552,0.0005,0.0022
16.09.2020 00:43:31.390 GMT+0200,3406.263,3405.534,0.0027,0.0031
16.09.2020 00:43:33.318 GMT+0200,3406.2540000000004,3405.6490000000003,0.0005,0.0022
16.09.2020 00:43:33.369 GMT+0200,3406.348,3405.6490000000003,0.0027,0.0031
16.09.2020 00:43:33.479 GMT+0200,3406.3450000000003,3405.54,0.0027,0.0031
16.09.2020 00:43:33.530 GMT+0200,3406.2000000000003,3405.552,0.0027,0.0031
16.09.2020 00:43:36.563 GMT+0200,3406.263,3405.6340000000005,0.0005,0.0022
16.09.2020 00:43:36.614 GMT+0200,3406.363,3405.6459999999997,0.0027,0.0031
16.09.2020 00:43:36.735 GMT+0200,3406,3405.355,0.0027,0.0031
16.09.2020 00:43:40.476 GMT+0200,3406.045,3405.655,0.0005,0.0022
16.09.2020 00:43:40.526 GMT+0200,3406.363,3405.643,0.0027,0.0031
16.09.2020 00:44:30.112 GMT+0200,3406.3,3405.3520000000003,0.0027,0.0031
16.09.2020 00:44:30.162 GMT+0200,3406.066,3405.3520000000003,0.0027,0.0031
16.09.2020 00:44:31.205 GMT+0200,3405.548,3404.855,0.0027,0.0031
16.09.2020 00:44:31.340 GMT+0200,3405.86,3405.152,0.0027,0.0031
16.09.2020 00:44:33.564 GMT+0200,3405.8509999999997,3405.243,0.0005,0.0022
16.09.2020 00:44:33.614 GMT+0200,3405.966,3405.2340000000004,0.0027,0.0031
16.09.2020 00:44:36.485 GMT+0200,3405.848,3405.1490000000003,0.0027,0.0031
16.09.2020 00:44:36.621 GMT+0200,3405.8450000000003,3405.243,0.0005,0.0022
16.09.2020 00:44:36.672 GMT+0200,3405.9,3405.2459999999996,0.0027,0.0031
16.09.2020 00:44:39.733 GMT+0200,3405.9629999999997,3405.137,0.0027,0.0031
16.09.2020 00:44:39.783 GMT+0200,3405.86,3405.1459999999997,0.0027,0.0031
16.09.2020 00:44:42.842 GMT+0200,3405.8509999999997,3405.255,0.0005,0.0022
16.09.2020 00:44:42.893 GMT+0200,3405.951,3405.3,0.0027,0.0031
16.09.2020 00:44:43.913 GMT+0200,3405.9570000000003,3405.3340000000003,0.0005,0.0022
16.09.2020 00:44:43.963 GMT+0200,3406.045,3405.3520000000003,0.0027,0.0031
16.09.2020 00:44:47.907 GMT+0200,3406.0570000000002,3405.137,0.0027,0.0031
16.09.2020 00:44:47.958 GMT+0200,3405.8509999999997,3405.137,0.0027,0.0031
16.09.2020 00:44:48.699 GMT+0200,3406,3405.343,0.0027,0.0031
16.09.2020 00:44:48.853 GMT+0200,3406,3405.3,0.0027,0.0031
16.09.2020 00:44:48.903 GMT+0200,3405.954,3405.2340000000004,0.0027,0.0031
16.09.2020 00:44:49.381 GMT+0200,3405.966,3405.355,0.0005,0.0022
16.09.2020 00:44:49.431 GMT+0200,3406.0570000000002,3405.34,0.0027,0.0031
16.09.2020 00:44:49.907 GMT+0200,3406.054,3405.255,0.0027,0.0031
16.09.2020 00:44:49.958 GMT+0200,3405.951,3405.243,0.0027,0.0031
16.09.2020 00:44:54.702 GMT+0200,3405.8450000000003,3405.3,0.0005,0.0022
16.09.2020 00:44:54.752 GMT+0200,3405.8540000000003,3405.1340000000005,0.0027,0.0031
16.09.2020 00:44:54.859 GMT+0200,3405.8509999999997,3405.2340000000004,0.0005,0.0022
16.09.2020 00:44:54.909 GMT+0200,3405.96,3405.2459999999996,0.0027,0.0031
16.09.2020 00:45:02.563 GMT+0200,3405.86,3405.1459999999997,0.0027,0.0031
16.09.2020 00:45:07.634 GMT+0200,3405.866,3405.2340000000004,0.0005,0.0022
16.09.2020 00:45:07.685 GMT+0200,3405.9629999999997,3405.2459999999996,0.0027,0.0031
16.09.2020 00:45:11.027 GMT+0200,3405.857,3405.2340000000004,0.0005,0.0022
16.09.2020 00:45:11.077 GMT+0200,3405.866,3405.155,0.0027,0.0031
16.09.2020 00:45:13.069 GMT+0200,3405.848,3405.3340000000003,0.0005,0.0022
16.09.2020 00:45:13.120 GMT+0200,3406.054,3405.343,0.0027,0.0031
16.09.2020 00:46:02.554 GMT+0200,3406.051,3405.137,0.0027,0.0031
16.09.2020 00:46:02.605 GMT+0200,3405.8509999999997,3405.155,0.0027,0.0031
16.09.2020 00:46:09.385 GMT+0200,3405.848,3405.337,0.0005,0.0022
16.09.2020 00:46:09.436 GMT+0200,3406.051,3405.4,0.0027,0.0031
16.09.2020 00:46:20.416 GMT+0200,3406.066,3405.2000000000003,0.0027,0.0031
16.09.2020 00:46:20.467 GMT+0200,3405.863,3405.1459999999997,0.0027,0.0031
16.09.2020 00:46:25.357 GMT+0200,3405.848,3405.343,0.0005,0.0022
16.09.2020 00:46:25.407 GMT+0200,3406.048,3405.337,0.0027,0.0031
16.09.2020 00:46:38.199 GMT+0200,3406.048,3405.155,0.0027,0.0031
16.09.2020 00:46:38.250 GMT+0200,3405.863,3405.143,0.0027,0.0031
16.09.2020 00:46:45.375 GMT+0200,3405.857,3405.355,0.0005,0.0022
16.09.2020 00:46:45.425 GMT+0200,3406.048,3405.343,0.0027,0.0031
16.09.2020 00:46:45.573 GMT+0200,3406.2000000000003,3405.6,0.0027,0.0031
16.09.2020 00:46:46.445 GMT+0200,3406.2000000000003,3405.637,0.0005,0.0022
16.09.2020 00:46:46.496 GMT+0200,3406.3450000000003,3405.64,0.0027,0.0031
16.09.2020 00:46:55.479 GMT+0200,3406.357,3405.7490000000003,0.0005,0.0022
16.09.2020 00:46:55.530 GMT+0200,3406.4629999999997,3405.743,0.0027,0.0031
16.09.2020 00:46:57.049 GMT+0200,3406.3509999999997,3405.7490000000003,0.0005,0.0022
16.09.2020 00:46:57.099 GMT+0200,3406.3450000000003,3405.652,0.0027,0.0031
16.09.2020 00:47:31.948 GMT+0200,3406.3,3405.8340000000003,0.0005,0.0022
16.09.2020 00:47:31.999 GMT+0200,3406.548,3405.843,0.0027,0.0031
16.09.2020 00:51:27.535 GMT+0200,3406.566,3406.0550000000003,0.0005,0.0022
16.09.2020 00:51:27.585 GMT+0200,3406.76,3406.0490000000004,0.0027,0.0031
16.09.2020 00:51:27.739 GMT+0200,3406.7000000000003,3405.855,0.0027,0.0031
16.09.2020 00:51:27.789 GMT+0200,3406.563,3405.837,0.0027,0.0031
16.09.2020 00:51:27.898 GMT+0200,3406.5,3406.1,0.0005,0.0022
16.09.2020 00:51:27.949 GMT+0200,3406.7000000000003,3406.043,0.0027,0.0031
16.09.2020 00:51:32.452 GMT+0200,3406.8450000000003,3406.1490000000003,0.0027,0.0031
16.09.2020 00:51:32.591 GMT+0200,3406.86,3405.849,0.0027,0.0031
16.09.2020 00:51:32.642 GMT+0200,3406.566,3405.9,0.0027,0.0031
16.09.2020 00:52:03.160 GMT+0200,3406.5,3405.6459999999997,0.0027,0.0031
16.09.2020 00:52:03.210 GMT+0200,3406.357,3405.6459999999997,0.0027,0.0031
16.09.2020 00:52:37.265 GMT+0200,3406.36,3405.5550000000003,0.0027,0.0031
16.09.2020 00:52:37.315 GMT+0200,3406.2659999999996,3405.5550000000003,0.0027,0.0031
16.09.2020 00:52:38.542 GMT+0200,3405.9629999999997,3405.6,0.0005,0.0022
16.09.2020 00:52:38.593 GMT+0200,3405.948,3405.2340000000004,0.0027,0.0031
16.09.2020 00:52:39.193 GMT+0200,3405.9570000000003,3405.1459999999997,0.0027,0.0031
16.09.2020 00:52:39.243 GMT+0200,3405.863,3405.1490000000003,0.0027,0.0031
16.09.2020 00:52:46.915 GMT+0200,3405.848,3405.34,0.0005,0.0022
16.09.2020 00:52:46.966 GMT+0200,3406.045,3405.349,0.0027,0.0031
16.09.2020 00:53:15.986 GMT+0200,3406.054,3405.255,0.0027,0.0031
16.09.2020 00:53:16.037 GMT+0200,3405.9629999999997,3405.2490000000003,0.0027,0.0031
16.09.2020 00:53:20.753 GMT+0200,3405.945,3405.1490000000003,0.0027,0.0031
16.09.2020 00:53:20.803 GMT+0200,3405.863,3405.152,0.0027,0.0031
16.09.2020 00:53:43.242 GMT+0200,3405.8,3405.255,0.0005,0.0022
16.09.2020 00:53:43.293 GMT+0200,3405.9629999999997,3405.2520000000004,0.0027,0.0031
16.09.2020 00:53:49.256 GMT+0200,3405.9,3405.155,0.0027,0.0031
16.09.2020 00:53:49.307 GMT+0200,3405.86,3405.1340000000005,0.0027,0.0031
16.09.2020 00:53:54.647 GMT+0200,3405.8,3405.2400000000002,0.0005,0.0022
16.09.2020 00:53:54.697 GMT+0200,3405.96,3405.255,0.0027,0.0031
16.09.2020 00:54:00.524 GMT+0200,3405.9570000000003,3405.349,0.0005,0.0022
16.09.2020 00:54:00.574 GMT+0200,3406.0570000000002,3405.349,0.0027,0.0031
16.09.2020 00:54:47.404 GMT+0200,3406.051,3405.64,0.0005,0.0022
16.09.2020 00:54:47.454 GMT+0200,3406.363,3405.7000000000003,0.0027,0.0031
16.09.2020 00:55:02.357 GMT+0200,3406.357,3405.843,0.0005,0.0022
16.09.2020 00:55:02.408 GMT+0200,3406.566,3405.84,0.0027,0.0031
16.09.2020 00:55:22.633 GMT+0200,3406.551,3405.7000000000003,0.0027,0.0031
16.09.2020 00:55:22.683 GMT+0200,3406.348,3405.652,0.0027,0.0031
16.09.2020 00:56:06.025 GMT+0200,3406.36,3405.755,0.0005,0.0022
16.09.2020 00:56:06.075 GMT+0200,3406.445,3405.7520000000004,0.0027,0.0031
16.09.2020 00:56:06.501 GMT+0200,3406.448,3405.6340000000005,0.0027,0.0031
16.09.2020 00:56:06.551 GMT+0200,3406.366,3405.655,0.0027,0.0031
16.09.2020 00:56:51.639 GMT+0200,3406.3540000000003,3405.84,0.0005,0.0022
16.09.2020 00:56:51.690 GMT+0200,3406.566,3405.846,0.0027,0.0031
16.09.2020 00:57:55.114 GMT+0200,3406.548,3406.143,0.0005,0.0022
16.09.2020 00:57:55.165 GMT+0200,3406.848,3406.152,0.0027,0.0031
16.09.2020 00:58:45.529 GMT+0200,3406.8509999999997,3406.34,0.0005,0.0022
16.09.2020 00:58:45.580 GMT+0200,3407,3406.349,0.0027,0.0031
16.09.2020 00:58:45.985 GMT+0200,3406.866,3406.143,0.0027,0.0031
16.09.2020 00:59:49.881 GMT+0200,3406.857,3406.3340000000003,0.0005,0.0022
16.09.2020 00:59:49.932 GMT+0200,3407.063,3406.3520000000003,0.0027,0.0031
16.09.2020 01:00:01.030 GMT+0200,3407,3406.655,0.0005,0.0022
16.09.2020 01:00:01.080 GMT+0200,3407.36,3406.637,0.0027,0.0031
16.09.2020 01:00:29.532 GMT+0200,3407.363,3406.343,0.0027,0.0031
16.09.2020 01:00:29.582 GMT+0200,3407.054,3406.349,0.0027,0.0031
16.09.2020 01:00:46.992 GMT+0200,3407.048,3406.54,0.0005,0.0022
16.09.2020 01:00:47.043 GMT+0200,3407.2540000000004,3406.5370000000003,0.0027,0.0031
16.09.2020 01:00:47.268 GMT+0200,3407.257,3406.6490000000003,0.0005,0.0022
16.09.2020 01:00:47.318 GMT+0200,3407.36,3406.655,0.0027,0.0031
16.09.2020 01:00:47.427 GMT+0200,3407.363,3406.343,0.0027,0.0031
16.09.2020 01:00:47.477 GMT+0200,3407.063,3406.4,0.0027,0.0031
16.09.2020 01:03:26.999 GMT+0200,3407,3406.6490000000003,0.0005,0.0022
16.09.2020 01:03:27.049 GMT+0200,3407.3450000000003,3406.652,0.0027,0.0031
16.09.2020 01:03:50.095 GMT+0200,3407.36,3406.84,0.0005,0.0022
16.09.2020 01:03:50.145 GMT+0200,3407.566,3406.8520000000003,0.0027,0.0031
16.09.2020 01:03:50.255 GMT+0200,3407.3509999999997,3406.84,0.0005,0.0022
16.09.2020 01:03:50.306 GMT+0200,3407.3,3406.6340000000005,0.0027,0.0031
16.09.2020 01:04:18.388 GMT+0200,3407.054,3406.3340000000003,0.0027,0.0031
16.09.2020 01:04:20.198 GMT+0200,3407.063,3406.2459999999996,0.0027,0.0031
16.09.2020 01:04:20.249 GMT+0200,3406.948,3406.237,0.0027,0.0031
16.09.2020 01:04:22.386 GMT+0200,3406.9,3406.1490000000003,0.0027,0.0031
16.09.2020 01:04:22.436 GMT+0200,3406.866,3406.152,0.0027,0.0031
16.09.2020 01:04:24.709 GMT+0200,3406.866,3406.255,0.0005,0.0022
16.09.2020 01:04:24.759 GMT+0200,3406.9,3406.2459999999996,0.0027,0.0031
16.09.2020 01:04:25.659 GMT+0200,3406.948,3406.2000000000003,0.0027,0.0031
16.09.2020 01:04:25.709 GMT+0200,3406.8540000000003,3406.14,0.0027,0.0031
16.09.2020 01:04:35.129 GMT+0200,3406.8509999999997,3406.337,0.0005,0.0022
16.09.2020 01:04:35.179 GMT+0200,3407.06,3406.3520000000003,0.0027,0.0031
16.09.2020 01:04:38.872 GMT+0200,3407.06,3406.1490000000003,0.0027,0.0031
16.09.2020 01:04:38.922 GMT+0200,3406.848,3406.152,0.0027,0.0031
16.09.2020 01:05:55.002 GMT+0200,3406.863,3406.2520000000004,0.0005,0.0022
16.09.2020 01:05:55.052 GMT+0200,3406.966,3406.2490000000003,0.0027,0.0031
16.09.2020 01:05:55.265 GMT+0200,3406.9629999999997,3406.1340000000005,0.0027,0.0031
16.09.2020 01:05:55.316 GMT+0200,3406.866,3406.143,0.0027,0.0031
16.09.2020 01:05:55.585 GMT+0200,3406.5570000000002,3406.155,0.0005,0.0022
16.09.2020 01:05:55.635 GMT+0200,3406.554,3405.8340000000003,0.0027,0.0031
16.09.2020 01:06:09.793 GMT+0200,3406.5,3405.637,0.0027,0.0031
16.09.2020 01:06:09.843 GMT+0200,3406.3509999999997,3405.6459999999997,0.0027,0.0031
16.09.2020 01:08:05.688 GMT+0200,3406.36,3405.855,0.0005,0.0022
16.09.2020 01:08:05.738 GMT+0200,3406.548,3405.849,0.0027,0.0031
16.09.2020 01:09:02.385 GMT+0200,3406.3540000000003,3405.846,0.0005,0.0022
16.09.2020 01:09:02.435 GMT+0200,3406.3509999999997,3405.6340000000005,0.0027,0.0031
16.09.2020 01:09:58.754 GMT+0200,3406.363,3405.343,0.0027,0.0031
16.09.2020 01:09:58.805 GMT+0200,3406.051,3405.3520000000003,0.0027,0.0031
16.09.2020 01:10:02.853 GMT+0200,3405.748,3405.0550000000003,0.0027,0.0031
16.09.2020 01:10:04.216 GMT+0200,3405.7659999999996,3404.837,0.0027,0.0031
16.09.2020 01:10:04.266 GMT+0200,3405.545,3404.849,0.0027,0.0031
16.09.2020 01:10:04.376 GMT+0200,3405.56,3405.143,0.0005,0.0022
16.09.2020 01:10:04.426 GMT+0200,3405.86,3405.152,0.0027,0.0031
16.09.2020 01:10:11.286 GMT+0200,3405.7000000000003,3405.043,0.0027,0.0031
16.09.2020 01:10:11.947 GMT+0200,3405.551,3404.855,0.0027,0.0031
16.09.2020 01:10:12.079 GMT+0200,3405.563,3405.14,0.0005,0.0022
16.09.2020 01:10:12.129 GMT+0200,3405.8509999999997,3405.137,0.0027,0.0031
16.09.2020 01:10:18.630 GMT+0200,3405.848,3404.846,0.0027,0.0031
16.09.2020 01:10:18.680 GMT+0200,3405.551,3404.855,0.0027,0.0031
16.09.2020 01:10:24.335 GMT+0200,3405.548,3404.7000000000003,0.0027,0.0031
16.09.2020 01:10:24.386 GMT+0200,3405.363,3404.64,0.0027,0.0031
16.09.2020 01:10:33.128 GMT+0200,3405.3450000000003,3404.337,0.0027,0.0031
16.09.2020 01:10:33.189 GMT+0200,3405.051,3404.346,0.0027,0.0031
16.09.2020 01:10:46.363 GMT+0200,3404.8509999999997,3404.355,0.0005,0.0022
16.09.2020 01:10:46.414 GMT+0200,3404.8450000000003,3404.1340000000005,0.0027,0.0031
16.09.2020 01:10:46.526 GMT+0200,3404.8,3404.3340000000003,0.0005,0.0022
16.09.2020 01:10:46.576 GMT+0200,3405.051,3404.346,0.0027,0.0031
16.09.2020 01:10:48.326 GMT+0200,3405.06,3404.152,0.0027,0.0031
16.09.2020 01:10:48.376 GMT+0200,3404.86,3404.1459999999997,0.0027,0.0031
16.09.2020 01:10:50.276 GMT+0200,3404.86,3403.9,0.0027,0.0031
16.09.2020 01:10:50.327 GMT+0200,3404.548,3403.846,0.0027,0.0031
16.09.2020 01:10:50.598 GMT+0200,3404.548,3403.6490000000003,0.0027,0.0031
16.09.2020 01:10:50.769 GMT+0200,3404.551,3403.34,0.0027,0.0031
16.09.2020 01:10:50.919 GMT+0200,3404.548,3403.6490000000003,0.0027,0.0031
16.09.2020 01:10:51.782 GMT+0200,3404.3540000000003,3403.655,0.0027,0.0031
16.09.2020 01:10:52.925 GMT+0200,3404.36,3403.849,0.0005,0.0022
16.09.2020 01:10:52.975 GMT+0200,3404.545,3403.849,0.0027,0.0031
16.09.2020 01:10:56.246 GMT+0200,3404.563,3404.1340000000005,0.0005,0.0022
16.09.2020 01:10:56.296 GMT+0200,3404.8,3404.14,0.0027,0.0031
16.09.2020 01:11:03.371 GMT+0200,3404.8450000000003,3404.34,0.0005,0.0022
16.09.2020 01:11:03.421 GMT+0200,3405.06,3404.337,0.0027,0.0031
16.09.2020 01:11:04.462 GMT+0200,3405.066,3404.1340000000005,0.0027,0.0031
16.09.2020 01:11:04.512 GMT+0200,3404.866,3404.14,0.0027,0.0031
16.09.2020 01:11:11.200 GMT+0200,3404.863,3404.1,0.0027,0.0031
16.09.2020 01:11:11.250 GMT+0200,3404.7540000000004,3404.0490000000004,0.0027,0.0031
16.09.2020 01:11:11.369 GMT+0200,3404.548,3404.046,0.0005,0.0022
16.09.2020 01:11:11.419 GMT+0200,3404.554,3403.84,0.0027,0.0031
16.09.2020 01:11:21.273 GMT+0200,3404.4570000000003,3403.7490000000003,0.0027,0.0031
16.09.2020 01:11:21.970 GMT+0200,3404.466,3403.849,0.0005,0.0022
16.09.2020 01:11:22.021 GMT+0200,3404.551,3403.8340000000003,0.0027,0.0031
16.09.2020 01:11:23.533 GMT+0200,3404.563,3403.755,0.0027,0.0031
16.09.2020 01:11:23.584 GMT+0200,3404.4,3403.8,0.0027,0.0031
16.09.2020 01:11:25.617 GMT+0200,3404.466,3403.6459999999997,0.0027,0.0031
16.09.2020 01:11:25.667 GMT+0200,3404.3540000000003,3403.6490000000003,0.0027,0.0031
16.09.2020 01:11:27.639 GMT+0200,3404.3450000000003,3403.355,0.0027,0.0031
16.09.2020 01:11:27.689 GMT+0200,3404.066,3403.3520000000003,0.0027,0.0031
16.09.2020 01:11:28.539 GMT+0200,3404,3403.655,0.0005,0.0022
16.09.2020 01:11:28.589 GMT+0200,3404.3,3403.652,0.0027,0.0031
16.09.2020 01:11:38.236 GMT+0200,3404.357,3403.855,0.0005,0.0022
16.09.2020 01:11:38.286 GMT+0200,3404.566,3403.84,0.0027,0.0031
16.09.2020 01:11:42.553 GMT+0200,3404.5570000000002,3404.2000000000003,0.0005,0.0022
16.09.2020 01:11:42.604 GMT+0200,3404.86,3404.1490000000003,0.0027,0.0031
16.09.2020 01:11:44.387 GMT+0200,3404.848,3404.034,0.0027,0.0031
16.09.2020 01:11:44.437 GMT+0200,3404.745,3404.04,0.0027,0.0031
16.09.2020 01:11:46.695 GMT+0200,3404.8450000000003,3404.1459999999997,0.0027,0.0031
16.09.2020 01:11:48.379 GMT+0200,3404.8540000000003,3403.8340000000003,0.0027,0.0031
16.09.2020 01:11:48.429 GMT+0200,3404.5570000000002,3403.84,0.0027,0.0031
16.09.2020 01:11:59.108 GMT+0200,3404.863,3403.84,0.0027,0.0031
16.09.2020 01:11:59.158 GMT+0200,3404.8,3404.1340000000005,0.0027,0.0031
16.09.2020 01:12:00.328 GMT+0200,3404.857,3404.1,0.0027,0.0031
16.09.2020 01:12:00.379 GMT+0200,3404.757,3404.0370000000003,0.0027,0.0031
16.09.2020 01:12:03.428 GMT+0200,3404.86,3404.1,0.0027,0.0031
16.09.2020 01:12:03.479 GMT+0200,3404.857,3404.1340000000005,0.0027,0.0031
16.09.2020 01:12:37.810 GMT+0200,3404.866,3404.2459999999996,0.0005,0.0022
16.09.2020 01:12:37.861 GMT+0200,3404.951,3404.237,0.0027,0.0031
16.09.2020 01:12:38.250 GMT+0200,3404.9570000000003,3404.337,0.0005,0.0022
16.09.2020 01:12:38.300 GMT+0200,3405.051,3404.355,0.0027,0.0031
16.09.2020 01:12:40.172 GMT+0200,3404.8,3404.1340000000005,0.0027,0.0031
16.09.2020 01:12:42.268 GMT+0200,3404.8450000000003,3404.1,0.0027,0.0031
16.09.2020 01:12:42.318 GMT+0200,3404.763,3404.0550000000003,0.0027,0.0031
16.09.2020 01:12:43.143 GMT+0200,3404.86,3404.155,0.0027,0.0031
16.09.2020 01:12:50.434 GMT+0200,3404.86,3404.2340000000004,0.0005,0.0022
16.09.2020 01:12:50.485 GMT+0200,3404.9629999999997,3404.2340000000004,0.0027,0.0031
16.09.2020 01:12:51.733 GMT+0200,3404.966,3404.14,0.0027,0.0031
16.09.2020 01:12:51.783 GMT+0200,3404.8509999999997,3404.1490000000003,0.0027,0.0031
16.09.2020 01:12:53.386 GMT+0200,3404.8,3404.255,0.0005,0.0022
16.09.2020 01:12:53.437 GMT+0200,3404.951,3404.3,0.0027,0.0031
16.09.2020 01:12:54.078 GMT+0200,3404.945,3404.1340000000005,0.0027,0.0031
16.09.2020 01:12:54.129 GMT+0200,3404.8450000000003,3404.2000000000003,0.0027,0.0031
16.09.2020 01:13:11.709 GMT+0200,3404.554,3403.843,0.0027,0.0031
16.09.2020 01:13:26.817 GMT+0200,3404.566,3404.1490000000003,0.0005,0.0022
16.09.2020 01:13:26.868 GMT+0200,3404.8509999999997,3404.143,0.0027,0.0031
16.09.2020 01:13:32.169 GMT+0200,3404.848,3404.34,0.0005,0.0022
16.09.2020 01:13:32.221 GMT+0200,3405.066,3404.337,0.0027,0.0031
16.09.2020 01:13:33.230 GMT+0200,3405.06,3404.14,0.0027,0.0031
16.09.2020 01:13:33.281 GMT+0200,3404.86,3404.14,0.0027,0.0031
16.09.2020 01:13:36.569 GMT+0200,3404.866,3404.346,0.0005,0.0022
16.09.2020 01:13:36.620 GMT+0200,3405.054,3404.337,0.0027,0.0031
16.09.2020 01:13:39.933 GMT+0200,3405.045,3404.152,0.0027,0.0031
16.09.2020 01:13:39.983 GMT+0200,3404.8509999999997,3404.155,0.0027,0.0031
16.09.2020 01:13:42.901 GMT+0200,3405.063,3404.337,0.0027,0.0031
16.09.2020 01:13:59.013 GMT+0200,3405.063,3404.2400000000002,0.0027,0.0031
16.09.2020 01:13:59.064 GMT+0200,3404.96,3404.3,0.0027,0.0031
16.09.2020 01:14:02.558 GMT+0200,3404.9629999999997,3404.355,0.0005,0.0022
16.09.2020 01:14:02.608 GMT+0200,3405.06,3404.343,0.0027,0.0031
16.09.2020 01:14:04.624 GMT+0200,3405.0570000000002,3404.1340000000005,0.0027,0.0031
16.09.2020 01:14:04.674 GMT+0200,3404.863,3404.137,0.0027,0.0031
16.09.2020 01:14:14.500 GMT+0200,3404.86,3404.34,0.0005,0.0022
16.09.2020 01:14:14.551 GMT+0200,3405.051,3404.343,0.0027,0.0031
16.09.2020 01:14:15.630 GMT+0200,3405.0570000000002,3404.2520000000004,0.0027,0.0031
16.09.2020 01:14:15.681 GMT+0200,3404.9,3404.255,0.0027,0.0031
16.09.2020 01:14:17.726 GMT+0200,3404.9,3404.2000000000003,0.0027,0.0031
16.09.2020 01:14:17.776 GMT+0200,3404.8540000000003,3404.137,0.0027,0.0031
16.09.2020 01:14:22.300 GMT+0200,3404.866,3404.3340000000003,0.0005,0.0022
16.09.2020 01:14:22.350 GMT+0200,3405.063,3404.34,0.0027,0.0031
16.09.2020 01:14:22.739 GMT+0200,3405.066,3404.143,0.0027,0.0031
16.09.2020 01:14:22.790 GMT+0200,3404.86,3404.1340000000005,0.0027,0.0031
16.09.2020 01:15:01.807 GMT+0200,3404.9,3404.2459999999996,0.0027,0.0031
16.09.2020 01:15:04.162 GMT+0200,3404.9,3404.343,0.0005,0.0022
16.09.2020 01:15:04.212 GMT+0200,3405.048,3404.346,0.0027,0.0031
16.09.2020 01:15:04.322 GMT+0200,3405.045,3404.2400000000002,0.0027,0.0031
16.09.2020 01:15:04.373 GMT+0200,3404.954,3404.2520000000004,0.0027,0.0031
16.09.2020 01:15:04.483 GMT+0200,3404.945,3404.346,0.0005,0.0022
16.09.2020 01:15:04.534 GMT+0200,3405.048,3404.3340000000003,0.0027,0.0031
16.09.2020 01:15:15.343 GMT+0200,3404.9,3404.2400000000002,0.0027,0.0031
16.09.2020 01:15:16.606 GMT+0200,3404.951,3404.355,0.0005,0.0022
16.09.2020 01:15:16.656 GMT+0200,3405.051,3404.337,0.0027,0.0031
16.09.2020 01:15:18.192 GMT+0200,3405.054,3404.046,0.0027,0.0031
16.09.2020 01:15:18.243 GMT+0200,3404.7659999999996,3404.0550000000003,0.0027,0.0031
16.09.2020 01:15:19.353 GMT+0200,3404.76,3403.843,0.0027,0.0031
16.09.2020 01:15:19.403 GMT+0200,3404.566,3403.8520000000003,0.0027,0.0031
16.09.2020 01:15:39.310 GMT+0200,3404.554,3403.743,0.0027,0.0031
16.09.2020 01:15:39.361 GMT+0200,3404.46,3403.743,0.0027,0.0031
16.09.2020 01:15:39.706 GMT+0200,3404.4629999999997,3403.652,0.0027,0.0031
16.09.2020 01:15:39.757 GMT+0200,3404.366,3403.7000000000003,0.0027,0.0031
16.09.2020 01:15:44.006 GMT+0200,3404.048,3403.652,0.0005,0.0022
16.09.2020 01:15:44.057 GMT+0200,3404.066,3403.337,0.0027,0.0031
16.09.2020 01:15:51.475 GMT+0200,3404.5,3403.3520000000003,0.0027,0.0031
16.09.2020 01:15:51.525 GMT+0200,3404.554,3403.855,0.0027,0.0031
16.09.2020 01:15:52.779 GMT+0200,3404.3450000000003,3403.837,0.0005,0.0022
16.09.2020 01:15:52.830 GMT+0200,3404.366,3403.655,0.0027,0.0031
16.09.2020 01:15:53.126 GMT+0200,3404.357,3403.8,0.0005,0.0022
16.09.2020 01:15:53.177 GMT+0200,3404.4570000000003,3403.7340000000004,0.0027,0.0031
16.09.2020 01:15:54.057 GMT+0200,3404.46,3403.6490000000003,0.0027,0.0031
16.09.2020 01:15:54.108 GMT+0200,3404.3450000000003,3403.6340000000005,0.0027,0.0031
16.09.2020 01:15:56.941 GMT+0200,3404.06,3403.337,0.0027,0.0031
16.09.2020 01:15:59.441 GMT+0200,3404.054,3403.1340000000005,0.0027,0.0031
16.09.2020 01:15:59.491 GMT+0200,3403.8450000000003,3403.1490000000003,0.0027,0.0031
16.09.2020 01:16:00.901 GMT+0200,3403.563,3402.837,0.0027,0.0031
16.09.2020 01:16:01.021 GMT+0200,3403.857,3402.8340000000003,0.0027,0.0031
16.09.2020 01:16:01.072 GMT+0200,3403.848,3403.152,0.0027,0.0031
16.09.2020 01:16:02.292 GMT+0200,3403.8450000000003,3403.34,0.0005,0.0022
16.09.2020 01:16:02.343 GMT+0200,3404.048,3403.349,0.0027,0.0031
16.09.2020 01:16:08.399 GMT+0200,3403.551,3403.343,0.0005,0.0022
16.09.2020 01:16:08.449 GMT+0200,3403.551,3402.855,0.0027,0.0031
16.09.2020 01:16:08.560 GMT+0200,3403.86,3402.849,0.0027,0.0031
16.09.2020 01:16:08.610 GMT+0200,3403.8509999999997,3403.1340000000005,0.0027,0.0031
16.09.2020 01:16:10.144 GMT+0200,3403.757,3403.0490000000004,0.0027,0.0031
16.09.2020 01:16:11.578 GMT+0200,3403.757,3403.1490000000003,0.0005,0.0022
16.09.2020 01:16:11.628 GMT+0200,3403.8540000000003,3403.143,0.0027,0.0031
16.09.2020 01:16:12.655 GMT+0200,3403.8540000000003,3403.034,0.0027,0.0031
16.09.2020 01:16:12.705 GMT+0200,3403.7540000000004,3403.1,0.0027,0.0031
16.09.2020 01:16:12.978 GMT+0200,3403.8540000000003,3403.1,0.0027,0.0031
16.09.2020 01:16:13.028 GMT+0200,3403.848,3403.1340000000005,0.0027,0.0031
16.09.2020 01:16:16.600 GMT+0200,3403.8509999999997,3402.8340000000003,0.0027,0.0031
16.09.2020 01:16:16.650 GMT+0200,3403.551,3402.846,0.0027,0.0031
16.09.2020 01:16:19.479 GMT+0200,3403.5,3403.1490000000003,0.0005,0.0022
16.09.2020 01:16:19.529 GMT+0200,3403.8540000000003,3403.14,0.0027,0.0031
16.09.2020 01:16:20.522 GMT+0200,3403.848,3402.849,0.0027,0.0031
16.09.2020 01:16:20.573 GMT+0200,3403.545,3402.846,0.0027,0.0031
16.09.2020 01:16:21.943 GMT+0200,3403.763,3402.9,0.0027,0.0031
16.09.2020 01:16:21.994 GMT+0200,3403.757,3403.1,0.0027,0.0031
16.09.2020 01:16:24.027 GMT+0200,3403.7000000000003,3403.1490000000003,0.0005,0.0022
16.09.2020 01:16:24.077 GMT+0200,3403.857,3403.1459999999997,0.0027,0.0031
16.09.2020 01:16:24.187 GMT+0200,3403.863,3402.84,0.0027,0.0031
16.09.2020 01:16:24.237 GMT+0200,3403.563,3402.849,0.0027,0.0031
16.09.2020 01:16:32.031 GMT+0200,3403.863,3402.855,0.0027,0.0031
16.09.2020 01:16:32.081 GMT+0200,3403.866,3403.137,0.0027,0.0031
16.09.2020 01:16:36.228 GMT+0200,3403.866,3403.2459999999996,0.0005,0.0022
16.09.2020 01:16:36.279 GMT+0200,3403.966,3403.2490000000003,0.0027,0.0031
16.09.2020 01:16:36.406 GMT+0200,3403.966,3403.1340000000005,0.0027,0.0031
16.09.2020 01:16:36.457 GMT+0200,3403.863,3403.143,0.0027,0.0031
16.09.2020 01:16:54.313 GMT+0200,3403.866,3403.4,0.0005,0.0022
16.09.2020 01:16:54.363 GMT+0200,3404.054,3403.4,0.0027,0.0031
16.09.2020 01:16:56.936 GMT+0200,3404.051,3403.243,0.0027,0.0031
16.09.2020 01:16:56.986 GMT+0200,3403.9,3403.255,0.0027,0.0031
16.09.2020 01:17:00.362 GMT+0200,3403.857,3403.2520000000004,0.0005,0.0022
16.09.2020 01:17:00.412 GMT+0200,3403.8540000000003,3403.2000000000003,0.0027,0.0031
16.09.2020 01:17:01.204 GMT+0200,3403.8,3403.4,0.0005,0.0022
16.09.2020 01:17:01.254 GMT+0200,3404.048,3403.349,0.0027,0.0031
16.09.2020 01:17:04.745 GMT+0200,3404.048,3403.2459999999996,0.0027,0.0031
16.09.2020 01:17:04.796 GMT+0200,3403.9570000000003,3403.2520000000004,0.0027,0.0031
16.09.2020 01:17:06.773 GMT+0200,3403.96,3403.155,0.0027,0.0031
16.09.2020 01:17:06.824 GMT+0200,3403.8540000000003,3403.1459999999997,0.0027,0.0031
16.09.2020 01:17:12.690 GMT+0200,3403.863,3403.346,0.0005,0.0022
16.09.2020 01:17:12.741 GMT+0200,3404.054,3403.346,0.0027,0.0031
16.09.2020 01:17:15.963 GMT+0200,3404.06,3403.137,0.0027,0.0031
16.09.2020 01:17:16.014 GMT+0200,3403.8450000000003,3403.1490000000003,0.0027,0.0031
16.09.2020 01:17:18.222 GMT+0200,3403.848,3403.2520000000004,0.0005,0.0022
16.09.2020 01:17:18.272 GMT+0200,3403.96,3403.255,0.0027,0.0031
16.09.2020 01:17:19.281 GMT+0200,3403.8450000000003,3403.3,0.0005,0.0022
16.09.2020 01:17:19.331 GMT+0200,3403.8450000000003,3403.1340000000005,0.0027,0.0031
16.09.2020 01:17:33.853 GMT+0200,3403.848,3402.855,0.0027,0.0031
16.09.2020 01:17:33.904 GMT+0200,3403.551,3402.855,0.0027,0.0031
16.09.2020 01:17:35.970 GMT+0200,3403.3450000000003,3402.64,0.0027,0.0031
16.09.2020 01:17:36.300 GMT+0200,3403.566,3402.837,0.0027,0.0031
16.09.2020 01:17:44.828 GMT+0200,3403.551,3403.152,0.0005,0.0022
16.09.2020 01:17:44.878 GMT+0200,3403.863,3403.1490000000003,0.0027,0.0031
16.09.2020 01:17:45.214 GMT+0200,3403.863,3403.034,0.0027,0.0031
16.09.2020 01:17:45.265 GMT+0200,3403.7000000000003,3403.034,0.0027,0.0031
16.09.2020 01:17:47.316 GMT+0200,3403.7000000000003,3403.137,0.0005,0.0022
16.09.2020 01:17:47.366 GMT+0200,3403.86,3403.143,0.0027,0.0031
16.09.2020 01:17:54.170 GMT+0200,3403.848,3403.3520000000003,0.0005,0.0022
16.09.2020 01:17:54.221 GMT+0200,3404.048,3403.346,0.0027,0.0031
16.09.2020 01:17:56.434 GMT+0200,3403.9629999999997,3403.2340000000004,0.0027,0.0031
16.09.2020 01:17:58.794 GMT+0200,3403.848,3403.1459999999997,0.0027,0.0031
16.09.2020 01:17:59.779 GMT+0200,3403.8450000000003,3403.2459999999996,0.0005,0.0022
16.09.2020 01:17:59.829 GMT+0200,3403.9,3403.2490000000003,0.0027,0.0031
16.09.2020 01:18:01.179 GMT+0200,3403.857,3403.2400000000002,0.0005,0.0022
16.09.2020 01:18:01.230 GMT+0200,3403.8,3403.1459999999997,0.0027,0.0031
16.09.2020 01:18:06.703 GMT+0200,3403.8540000000003,3403.2400000000002,0.0005,0.0022
16.09.2020 01:18:06.753 GMT+0200,3403.945,3403.243,0.0027,0.0031
16.09.2020 01:18:08.324 GMT+0200,3403.966,3403.143,0.0027,0.0031
16.09.2020 01:18:08.375 GMT+0200,3403.8509999999997,3403.1490000000003,0.0027,0.0031
16.09.2020 01:18:16.047 GMT+0200,3403.8509999999997,3403.2520000000004,0.0005,0.0022
16.09.2020 01:18:16.097 GMT+0200,3403.9629999999997,3403.243,0.0027,0.0031
16.09.2020 01:18:16.242 GMT+0200,3404.048,3403.343,0.0027,0.0031
16.09.2020 01:18:21.262 GMT+0200,3404.048,3403.155,0.0027,0.0031
16.09.2020 01:18:21.312 GMT+0200,3403.866,3403.2000000000003,0.0027,0.0031
16.09.2020 01:18:32.817 GMT+0200,3403.863,3403.6340000000005,0.0005,0.0022
16.09.2020 01:18:32.867 GMT+0200,3404.3509999999997,3403.652,0.0027,0.0031
16.09.2020 01:19:39.259 GMT+0200,3404.357,3403.355,0.0027,0.0031
16.09.2020 01:19:39.309 GMT+0200,3404.06,3403.34,0.0027,0.0031
16.09.2020 01:19:43.226 GMT+0200,3404.045,3403.137,0.0027,0.0031
16.09.2020 01:19:43.276 GMT+0200,3403.866,3403.14,0.0027,0.0031
16.09.2020 01:19:52.068 GMT+0200,3403.863,3402.9,0.0027,0.0031
16.09.2020 01:19:52.119 GMT+0200,3403.563,3402.843,0.0027,0.0031
16.09.2020 01:19:59.708 GMT+0200,3403.548,3403.2000000000003,0.0005,0.0022
16.09.2020 01:19:59.759 GMT+0200,3403.86,3403.143,0.0027,0.0031
16.09.2020 01:20:02.371 GMT+0200,3403.857,3402.8520000000003,0.0027,0.0031
16.09.2020 01:20:02.421 GMT+0200,3403.554,3402.846,0.0027,0.0031
16.09.2020 01:20:24.175 GMT+0200,3403.563,3402.337,0.0027,0.0031
16.09.2020 01:20:24.225 GMT+0200,3403.066,3402.34,0.0027,0.0031
16.09.2020 01:20:32.180 GMT+0200,3403,3402.655,0.0005,0.0022
16.09.2020 01:20:32.230 GMT+0200,3403.36,3402.6490000000003,0.0027,0.0031
16.09.2020 01:20:33.595 GMT+0200,3403.3540000000003,3402.3340000000003,0.0027,0.0031
16.09.2020 01:20:33.645 GMT+0200,3403.051,3402.4,0.0027,0.0031
16.09.2020 01:20:52.227 GMT+0200,3403.051,3402.14,0.0027,0.0031
16.09.2020 01:20:52.278 GMT+0200,3402.8540000000003,3402.137,0.0027,0.0031
16.09.2020 01:20:54.848 GMT+0200,3402.8509999999997,3402.2459999999996,0.0005,0.0022
16.09.2020 01:20:54.898 GMT+0200,3402.966,3402.2520000000004,0.0027,0.0031
16.09.2020 01:20:56.209 GMT+0200,3402.96,3402.1340000000005,0.0027,0.0031
16.09.2020 01:20:56.259 GMT+0200,3402.86,3402.1459999999997,0.0027,0.0031
16.09.2020 01:20:56.369 GMT+0200,3402.848,3402.346,0.0005,0.0022
16.09.2020 01:20:56.420 GMT+0200,3403.054,3402.355,0.0027,0.0031
16.09.2020 01:20:57.340 GMT+0200,3402.9570000000003,3402.3,0.0027,0.0031
16.09.2020 01:20:58.000 GMT+0200,3402.9,3402.14,0.0027,0.0031
16.09.2020 01:20:58.051 GMT+0200,3402.857,3402.14,0.0027,0.0031
16.09.2020 01:21:16.078 GMT+0200,3402.866,3402.052,0.0027,0.0031
16.09.2020 01:21:16.129 GMT+0200,3402.7659999999996,3402.0370000000003,0.0027,0.0031
16.09.2020 01:21:16.239 GMT+0200,3402.763,3401.8340000000003,0.0027,0.0031
16.09.2020 01:21:16.289 GMT+0200,3402.548,3401.84,0.0027,0.0031
16.09.2020 01:21:18.916 GMT+0200,3402.545,3402.137,0.0005,0.0022
16.09.2020 01:21:18.966 GMT+0200,3402.866,3402.152,0.0027,0.0031
16.09.2020 01:21:19.687 GMT+0200,3402.848,3401.837,0.0027,0.0031
16.09.2020 01:21:19.738 GMT+0200,3402.566,3401.8520000000003,0.0027,0.0031
16.09.2020 01:21:21.182 GMT+0200,3402.56,3402.0370000000003,0.0005,0.0022
16.09.2020 01:21:21.232 GMT+0200,3402.7000000000003,3402.0550000000003,0.0027,0.0031
16.09.2020 01:21:21.343 GMT+0200,3402.7659999999996,3401.843,0.0027,0.0031
16.09.2020 01:21:21.393 GMT+0200,3402.554,3401.849,0.0027,0.0031
16.09.2020 01:21:25.734 GMT+0200,3402.545,3402.143,0.0005,0.0022
16.09.2020 01:21:25.784 GMT+0200,3402.863,3402.155,0.0027,0.0031
16.09.2020 01:21:28.971 GMT+0200,3402.8509999999997,3401.849,0.0027,0.0031
16.09.2020 01:21:29.022 GMT+0200,3402.545,3401.8340000000003,0.0027,0.0031
16.09.2020 01:21:31.783 GMT+0200,3402.545,3402.155,0.0005,0.0022
16.09.2020 01:21:31.833 GMT+0200,3402.86,3402.137,0.0027,0.0031
16.09.2020 01:21:32.713 GMT+0200,3402.863,3402.1,0.0027,0.0031
16.09.2020 01:21:32.764 GMT+0200,3402.7659999999996,3402.043,0.0027,0.0031
16.09.2020 01:21:32.874 GMT+0200,3402.7540000000004,3401.8520000000003,0.0027,0.0031
16.09.2020 01:21:32.924 GMT+0200,3402.545,3401.84,0.0027,0.0031
16.09.2020 01:21:36.950 GMT+0200,3402.745,3402.0550000000003,0.0027,0.0031
16.09.2020 01:21:38.675 GMT+0200,3402.748,3402.14,0.0005,0.0022
16.09.2020 01:21:38.725 GMT+0200,3402.8509999999997,3402.137,0.0027,0.0031
16.09.2020 01:21:42.412 GMT+0200,3402.866,3401.837,0.0027,0.0031
16.09.2020 01:21:42.462 GMT+0200,3402.566,3401.8520000000003,0.0027,0.0031
16.09.2020 01:21:54.383 GMT+0200,3402.8509999999997,3402.1490000000003,0.0027,0.0031
16.09.2020 01:21:54.966 GMT+0200,3402.863,3401.849,0.0027,0.0031
16.09.2020 01:21:55.016 GMT+0200,3402.5570000000002,3401.846,0.0027,0.0031
16.09.2020 01:21:55.354 GMT+0200,3402.566,3402.0550000000003,0.0005,0.0022
16.09.2020 01:21:55.405 GMT+0200,3402.757,3402.043,0.0027,0.0031
16.09.2020 01:21:56.242 GMT+0200,3402.7509999999997,3402.14,0.0005,0.0022
16.09.2020 01:21:56.292 GMT+0200,3402.86,3402.152,0.0027,0.0031
16.09.2020 01:21:57.616 GMT+0200,3402.8450000000003,3401.849,0.0027,0.0031
16.09.2020 01:21:57.666 GMT+0200,3402.545,3401.846,0.0027,0.0031
16.09.2020 01:22:02.097 GMT+0200,3402.56,3401.655,0.0027,0.0031
16.09.2020 01:22:02.148 GMT+0200,3402.3,3401.652,0.0027,0.0031
16.09.2020 01:22:02.424 GMT+0200,3402.366,3401.846,0.0005,0.0022
16.09.2020 01:22:02.475 GMT+0200,3402.551,3401.8340000000003,0.0027,0.0031
16.09.2020 01:22:05.345 GMT+0200,3402.554,3401.7000000000003,0.0027,0.0031
16.09.2020 01:22:05.396 GMT+0200,3402.3,3401.7000000000003,0.0027,0.0031
16.09.2020 01:22:05.505 GMT+0200,3402.4,3401.652,0.0027,0.0031
16.09.2020 01:22:05.556 GMT+0200,3402.451,3401.755,0.0027,0.0031
16.09.2020 01:22:06.219 GMT+0200,3402.445,3401.9,0.0005,0.0022
16.09.2020 01:22:06.269 GMT+0200,3402.566,3401.8520000000003,0.0027,0.0031
16.09.2020 01:22:15.695 GMT+0200,3402.545,3402.0490000000004,0.0005,0.0022
16.09.2020 01:22:15.746 GMT+0200,3402.7659999999996,3402.043,0.0027,0.0031
16.09.2020 01:22:17.278 GMT+0200,3402.848,3402.043,0.0027,0.0031
16.09.2020 01:22:17.328 GMT+0200,3402.86,3402.137,0.0027,0.0031
16.09.2020 01:22:27.836 GMT+0200,3402.8540000000003,3402.255,0.0005,0.0022
16.09.2020 01:22:27.887 GMT+0200,3402.948,3402.255,0.0027,0.0031
16.09.2020 01:22:28.493 GMT+0200,3402.96,3402.346,0.0005,0.0022
16.09.2020 01:22:28.544 GMT+0200,3403.054,3402.3340000000003,0.0027,0.0031
16.09.2020 01:22:31.987 GMT+0200,3403.063,3402.643,0.0005,0.0022
16.09.2020 01:22:32.037 GMT+0200,3403.348,3402.6459999999997,0.0027,0.0031
16.09.2020 01:22:40.558 GMT+0200,3403.3540000000003,3402.4,0.0027,0.0031
16.09.2020 01:22:40.608 GMT+0200,3403.048,3402.349,0.0027,0.0031
16.09.2020 01:22:44.703 GMT+0200,3403.054,3402.2340000000004,0.0027,0.0031
16.09.2020 01:22:44.753 GMT+0200,3402.945,3402.2340000000004,0.0027,0.0031
16.09.2020 01:22:46.651 GMT+0200,3402.954,3402.349,0.0005,0.0022
16.09.2020 01:22:46.702 GMT+0200,3403.051,3402.355,0.0027,0.0031
16.09.2020 01:22:49.039 GMT+0200,3403.06,3402.152,0.0027,0.0031
16.09.2020 01:22:49.090 GMT+0200,3402.8450000000003,3402.143,0.0027,0.0031
16.09.2020 01:22:49.763 GMT+0200,3402.848,3402.4,0.0005,0.0022
16.09.2020 01:22:49.813 GMT+0200,3403.054,3402.34,0.0027,0.0031
16.09.2020 01:22:54.452 GMT+0200,3403.045,3402.2520000000004,0.0027,0.0031
16.09.2020 01:22:54.503 GMT+0200,3402.948,3402.2459999999996,0.0027,0.0031
16.09.2020 01:22:54.778 GMT+0200,3402.951,3402.2000000000003,0.0027,0.0031
16.09.2020 01:22:54.828 GMT+0200,3402.866,3402.1340000000005,0.0027,0.0031
16.09.2020 01:22:54.937 GMT+0200,3402.86,3402.346,0.0005,0.0022
16.09.2020 01:22:54.988 GMT+0200,3403.054,3402.3340000000003,0.0027,0.0031
16.09.2020 01:23:05.131 GMT+0200,3403.048,3402.14,0.0027,0.0031
16.09.2020 01:23:05.181 GMT+0200,3402.863,3402.1490000000003,0.0027,0.0031
16.09.2020 01:23:32.117 GMT+0200,3402.866,3402.034,0.0027,0.0031
16.09.2020 01:23:32.167 GMT+0200,3402.757,3402.0490000000004,0.0027,0.0031
16.09.2020 01:23:32.278 GMT+0200,3402.7509999999997,3402.1459999999997,0.0005,0.0022
16.09.2020 01:23:32.329 GMT+0200,3402.8,3402.137,0.0027,0.0031
16.09.2020 01:23:33.158 GMT+0200,3402.566,3401.8340000000003,0.0027,0.0031
16.09.2020 01:23:37.378 GMT+0200,3402.554,3402.046,0.0005,0.0022
16.09.2020 01:23:37.428 GMT+0200,3402.748,3402.04,0.0027,0.0031
16.09.2020 01:23:38.870 GMT+0200,3402.748,3401.837,0.0027,0.0031
16.09.2020 01:23:38.921 GMT+0200,3402.551,3401.8340000000003,0.0027,0.0031
16.09.2020 01:23:42.313 GMT+0200,3402.554,3402.0550000000003,0.0005,0.0022
16.09.2020 01:23:42.364 GMT+0200,3402.7659999999996,3402.0370000000003,0.0027,0.0031
16.09.2020 01:23:42.732 GMT+0200,3402.545,3401.8520000000003,0.0027,0.0031
16.09.2020 01:23:46.236 GMT+0200,3402.554,3402.04,0.0005,0.0022
16.09.2020 01:23:46.286 GMT+0200,3402.7000000000003,3402.043,0.0027,0.0031
16.09.2020 01:23:46.397 GMT+0200,3402.7540000000004,3401.846,0.0027,0.0031
16.09.2020 01:23:46.447 GMT+0200,3402.5,3401.9,0.0027,0.0031
16.09.2020 01:23:53.867 GMT+0200,3402.5,3401.655,0.0027,0.0031
16.09.2020 01:23:53.917 GMT+0200,3402.366,3401.6459999999997,0.0027,0.0031
16.09.2020 01:24:03.568 GMT+0200,3402.363,3401.855,0.0005,0.0022
16.09.2020 01:24:03.619 GMT+0200,3402.563,3401.8340000000003,0.0027,0.0031
16.09.2020 01:24:04.455 GMT+0200,3402.5,3402.14,0.0005,0.0022
16.09.2020 01:24:04.505 GMT+0200,3402.863,3402.1490000000003,0.0027,0.0031
16.09.2020 01:24:27.697 GMT+0200,3402.857,3401.843,0.0027,0.0031
16.09.2020 01:24:27.748 GMT+0200,3402.563,3401.837,0.0027,0.0031
16.09.2020 01:24:39.992 GMT+0200,3402.566,3401.637,0.0027,0.0031
16.09.2020 01:24:40.042 GMT+0200,3402.36,3401.643,0.0027,0.0031
16.09.2020 01:24:44.136 GMT+0200,3402.2000000000003,3401.5370000000003,0.0027,0.0031
16.09.2020 01:24:44.361 GMT+0200,3402.257,3401.6459999999997,0.0005,0.0022
16.09.2020 01:24:44.412 GMT+0200,3402.3450000000003,3401.6459999999997,0.0027,0.0031
16.09.2020 01:24:47.795 GMT+0200,3402.3509999999997,3401.337,0.0027,0.0031
16.09.2020 01:24:47.845 GMT+0200,3402,3401.346,0.0027,0.0031
16.09.2020 01:25:13.912 GMT+0200,3402,3401.14,0.0027,0.0031
16.09.2020 01:25:13.963 GMT+0200,3401.8,3401.143,0.0027,0.0031
16.09.2020 01:25:50.398 GMT+0200,3401.857,3401.2400000000002,0.0005,0.0022
16.09.2020 01:25:50.448 GMT+0200,3401.9570000000003,3401.2490000000003,0.0027,0.0031
16.09.2020 01:25:51.474 GMT+0200,3402.051,3401.355,0.0027,0.0031
16.09.2020 01:25:51.594 GMT+0200,3402.066,3401.2000000000003,0.0027,0.0031
16.09.2020 01:25:51.644 GMT+0200,3401.848,3401.155,0.0027,0.0031
16.09.2020 01:26:07.662 GMT+0200,3401.863,3400.846,0.0027,0.0031
16.09.2020 01:26:07.712 GMT+0200,3401.563,3400.849,0.0027,0.0031
16.09.2020 01:26:13.611 GMT+0200,3401.554,3400.6459999999997,0.0027,0.0031
16.09.2020 01:26:13.662 GMT+0200,3401.3540000000003,3400.64,0.0027,0.0031
16.09.2020 01:26:17.092 GMT+0200,3400.4629999999997,3399.7520000000004,0.0027,0.0031
16.09.2020 01:26:17.223 GMT+0200,3400.36,3399.6340000000005,0.0027,0.0031
16.09.2020 01:26:17.364 GMT+0200,3400.363,3399.9,0.0005,0.0022
16.09.2020 01:26:17.414 GMT+0200,3400.545,3399.855,0.0027,0.0031
16.09.2020 01:26:20.886 GMT+0200,3400.563,3399.643,0.0027,0.0031
16.09.2020 01:26:20.936 GMT+0200,3400.357,3399.6340000000005,0.0027,0.0031
16.09.2020 01:26:22.663 GMT+0200,3400.3509999999997,3399.84,0.0005,0.0022
16.09.2020 01:26:22.713 GMT+0200,3400.554,3399.8340000000003,0.0027,0.0031
16.09.2020 01:26:31.949 GMT+0200,3400.848,3399.846,0.0027,0.0031
16.09.2020 01:26:31.999 GMT+0200,3400.8509999999997,3400.155,0.0027,0.0031
16.09.2020 01:26:45.394 GMT+0200,3400.848,3400.343,0.0005,0.0022
16.09.2020 01:26:45.445 GMT+0200,3401.051,3400.355,0.0027,0.0031
16.09.2020 01:26:50.264 GMT+0200,3401.063,3400.855,0.0005,0.0022
16.09.2020 01:26:50.314 GMT+0200,3401.548,3400.855,0.0027,0.0031
16.09.2020 01:26:50.425 GMT+0200,3401.554,3401.2000000000003,0.0005,0.0022
16.09.2020 01:26:50.475 GMT+0200,3401.86,3401.143,0.0027,0.0031
16.09.2020 01:26:50.586 GMT+0200,3401.866,3400.837,0.0027,0.0031
16.09.2020 01:26:50.637 GMT+0200,3401.563,3400.849,0.0027,0.0031
16.09.2020 01:26:50.995 GMT+0200,3401.5,3401.2000000000003,0.0005,0.0022
16.09.2020 01:26:51.045 GMT+0200,3401.8,3401.1490000000003,0.0027,0.0031
16.09.2020 01:26:55.545 GMT+0200,3401.8450000000003,3400.6459999999997,0.0027,0.0031
16.09.2020 01:26:55.596 GMT+0200,3401.366,3400.6490000000003,0.0027,0.0031
16.09.2020 01:27:22.328 GMT+0200,3401.3450000000003,3400.7340000000004,0.0005,0.0022
16.09.2020 01:27:22.378 GMT+0200,3401.4570000000003,3400.743,0.0027,0.0031
16.09.2020 01:27:22.623 GMT+0200,3401.466,3400.84,0.0005,0.0022
16.09.2020 01:27:22.673 GMT+0200,3401.548,3400.846,0.0027,0.0031
16.09.2020 01:27:25.325 GMT+0200,3401.563,3401.2000000000003,0.0005,0.0022
16.09.2020 01:27:25.376 GMT+0200,3401.848,3401.143,0.0027,0.0031
16.09.2020 01:27:29.897 GMT+0200,3401.848,3400.849,0.0027,0.0031
16.09.2020 01:27:29.948 GMT+0200,3401.5570000000002,3400.849,0.0027,0.0031
16.09.2020 01:27:33.152 GMT+0200,3401.857,3401.155,0.0027,0.0031
16.09.2020 01:27:46.354 GMT+0200,3401.554,3400.837,0.0027,0.0031
16.09.2020 01:28:14.127 GMT+0200,3401.551,3401.14,0.0005,0.0022
16.09.2020 01:28:14.178 GMT+0200,3401.8450000000003,3401.1490000000003,0.0027,0.0031
16.09.2020 01:28:16.263 GMT+0200,3401.848,3401.355,0.0005,0.0022
16.09.2020 01:28:16.314 GMT+0200,3402.054,3401.349,0.0027,0.0031
16.09.2020 01:28:22.665 GMT+0200,3402.3450000000003,3401.64,0.0027,0.0031
16.09.2020 01:28:23.514 GMT+0200,3402.051,3401.349,0.0027,0.0031
16.09.2020 01:28:24.684 GMT+0200,3402.051,3401.652,0.0005,0.0022
16.09.2020 01:28:24.734 GMT+0200,3402.348,3401.7000000000003,0.0027,0.0031
16.09.2020 01:28:27.948 GMT+0200,3402.245,3401.534,0.0027,0.0031
16.09.2020 01:28:29.936 GMT+0200,3402.263,3401.4,0.0027,0.0031
16.09.2020 01:28:29.987 GMT+0200,3402.054,3401.349,0.0027,0.0031
16.09.2020 01:28:43.290 GMT+0200,3402.0570000000002,3401.3,0.0027,0.0031
16.09.2020 01:28:43.340 GMT+0200,3401.966,3401.237,0.0027,0.0031
16.09.2020 01:28:43.984 GMT+0200,3402.554,3401.2520000000004,0.0027,0.0031
16.09.2020 01:28:44.034 GMT+0200,3402.551,3401.8520000000003,0.0027,0.0031
16.09.2020 01:28:44.143 GMT+0200,3402.554,3402.2000000000003,0.0005,0.0022
16.09.2020 01:28:44.194 GMT+0200,3402.8540000000003,3402.137,0.0027,0.0031
16.09.2020 01:28:47.500 GMT+0200,3402.551,3401.843,0.0027,0.0031
16.09.2020 01:28:51.617 GMT+0200,3402.566,3401.3520000000003,0.0027,0.0031
16.09.2020 01:28:51.667 GMT+0200,3402.06,3401.34,0.0027,0.0031
16.09.2020 01:28:51.758 GMT+0200,3402.0570000000002,3400.8520000000003,0.0027,0.0031
16.09.2020 01:28:51.809 GMT+0200,3401.56,3400.843,0.0027,0.0031
16.09.2020 01:28:51.918 GMT+0200,3401.8540000000003,3400.84,0.0027,0.0031
16.09.2020 01:28:51.969 GMT+0200,3401.857,3401.2000000000003,0.0027,0.0031
16.09.2020 01:29:10.030 GMT+0200,3401.863,3401.243,0.0005,0.0022
16.09.2020 01:29:10.080 GMT+0200,3401.954,3401.243,0.0027,0.0031
16.09.2020 01:29:11.188 GMT+0200,3402.054,3401.3340000000003,0.0027,0.0031
16.09.2020 01:29:17.731 GMT+0200,3402.06,3401.552,0.0005,0.0022
16.09.2020 01:29:17.782 GMT+0200,3402.245,3401.5370000000003,0.0027,0.0031
16.09.2020 01:29:20.764 GMT+0200,3402.36,3401.7000000000003,0.0027,0.0031
16.09.2020 01:29:32.896 GMT+0200,3402.551,3401.64,0.0027,0.0031
16.09.2020 01:29:32.946 GMT+0200,3402.5,3401.855,0.0027,0.0031
16.09.2020 01:29:34.197 GMT+0200,3402.554,3402.0550000000003,0.0005,0.0022
16.09.2020 01:29:34.247 GMT+0200,3402.76,3402.034,0.0027,0.0031
16.09.2020 01:29:38.600 GMT+0200,3402.757,3402.155,0.0005,0.0022
16.09.2020 01:29:38.650 GMT+0200,3402.8540000000003,3402.152,0.0027,0.0031
16.09.2020 01:29:40.568 GMT+0200,3402.545,3401.9,0.0027,0.0031
16.09.2020 01:29:42.679 GMT+0200,3402.56,3402.04,0.0005,0.0022
16.09.2020 01:29:42.730 GMT+0200,3402.76,3402.04,0.0027,0.0031
16.09.2020 01:29:43.357 GMT+0200,3402.7000000000003,3401.843,0.0027,0.0031
16.09.2020 01:29:43.407 GMT+0200,3402.554,3401.9,0.0027,0.0031
16.09.2020 01:29:48.489 GMT+0200,3402.348,3401.655,0.0027,0.0031
16.09.2020 01:29:52.342 GMT+0200,3402.3,3401.743,0.0005,0.0022
16.09.2020 01:29:52.392 GMT+0200,3402.46,3401.7340000000004,0.0027,0.0031
16.09.2020 01:29:59.438 GMT+0200,3402.451,3401.8340000000003,0.0005,0.0022
16.09.2020 01:29:59.489 GMT+0200,3402.554,3401.849,0.0027,0.0031
16.09.2020 01:30:03.358 GMT+0200,3402.554,3401.6459999999997,0.0027,0.0031
16.09.2020 01:30:03.408 GMT+0200,3402.348,3401.6340000000005,0.0027,0.0031
16.09.2020 01:30:03.459 GMT+0200,3401.866,3401.2000000000003,0.0027,0.0031
16.09.2020 01:30:03.702 GMT+0200,3401.8450000000003,3400.6340000000005,0.0027,0.0031
16.09.2020 01:30:03.753 GMT+0200,3401.8450000000003,3401.1459999999997,0.0027,0.0031
16.09.2020 01:30:04.046 GMT+0200,3401.866,3401.34,0.0005,0.0022
16.09.2020 01:30:04.097 GMT+0200,3402.066,3401.349,0.0027,0.0031
16.09.2020 01:30:05.530 GMT+0200,3402.054,3401.255,0.0027,0.0031
16.09.2020 01:30:05.581 GMT+0200,3401.9,3401.2400000000002,0.0027,0.0031
16.09.2020 01:30:05.855 GMT+0200,3401.966,3401.137,0.0027,0.0031
16.09.2020 01:30:05.905 GMT+0200,3401.866,3401.2000000000003,0.0027,0.0031
16.09.2020 01:30:15.133 GMT+0200,3401.848,3401.034,0.0027,0.0031
16.09.2020 01:30:15.183 GMT+0200,3401.7540000000004,3401.052,0.0027,0.0031
16.09.2020 01:30:15.364 GMT+0200,3401.7509999999997,3401.152,0.0005,0.0022
16.09.2020 01:30:15.414 GMT+0200,3401.86,3401.152,0.0027,0.0031
16.09.2020 01:30:27.338 GMT+0200,3401.8,3400.855,0.0027,0.0031
16.09.2020 01:30:27.388 GMT+0200,3401.545,3400.843,0.0027,0.0031
16.09.2020 01:30:28.917 GMT+0200,3401.551,3401.137,0.0005,0.0022
16.09.2020 01:30:28.967 GMT+0200,3401.8,3401.14,0.0027,0.0031
16.09.2020 01:30:31.228 GMT+0200,3401.863,3401.043,0.0027,0.0031
16.09.2020 01:30:31.279 GMT+0200,3401.745,3401.04,0.0027,0.0031
16.09.2020 01:30:31.672 GMT+0200,3401.7659999999996,3401.1340000000005,0.0005,0.0022
16.09.2020 01:30:31.722 GMT+0200,3401.8540000000003,3401.2000000000003,0.0027,0.0031
16.09.2020 01:30:55.239 GMT+0200,3401.857,3401.3340000000003,0.0005,0.0022
16.09.2020 01:30:55.289 GMT+0200,3402.054,3401.343,0.0027,0.0031
16.09.2020 01:31:02.529 GMT+0200,3402.045,3401.637,0.0005,0.0022
16.09.2020 01:31:02.580 GMT+0200,3402.348,3401.6490000000003,0.0027,0.0031
16.09.2020 01:31:19.312 GMT+0200,3402.3540000000003,3401.337,0.0027,0.0031
16.09.2020 01:31:19.363 GMT+0200,3402.0570000000002,3401.4,0.0027,0.0031
16.09.2020 01:31:28.434 GMT+0200,3402.0570000000002,3401.5550000000003,0.0005,0.0022
16.09.2020 01:31:28.484 GMT+0200,3402.2509999999997,3401.5490000000004,0.0027,0.0031
16.09.2020 01:31:30.023 GMT+0200,3402.26,3401.7000000000003,0.0005,0.0022
16.09.2020 01:31:30.074 GMT+0200,3402.366,3401.64,0.0027,0.0031
16.09.2020 01:31:56.399 GMT+0200,3402.3,3401.7340000000004,0.0005,0.0022
16.09.2020 01:31:56.449 GMT+0200,3402.466,3401.755,0.0027,0.0031
16.09.2020 01:31:57.605 GMT+0200,3402.4570000000003,3401.652,0.0027,0.0031
16.09.2020 01:31:57.656 GMT+0200,3402.3450000000003,3401.6490000000003,0.0027,0.0031
16.09.2020 01:31:58.738 GMT+0200,3402.3,3401.7520000000004,0.0005,0.0022
16.09.2020 01:31:58.788 GMT+0200,3402.451,3401.737,0.0027,0.0031
16.09.2020 01:31:59.068 GMT+0200,3402.5,3401.8,0.0027,0.0031
16.09.2020 01:31:59.118 GMT+0200,3402.554,3401.84,0.0027,0.0031
16.09.2020 01:32:06.177 GMT+0200,3402.3540000000003,3401.652,0.0027,0.0031
16.09.2020 01:32:08.351 GMT+0200,3402.0570000000002,3401.652,0.0005,0.0022
16.09.2020 01:32:08.401 GMT+0200,3402.066,3401.346,0.0027,0.0031
16.09.2020 01:32:08.718 GMT+0200,3402.051,3401.543,0.0005,0.0022
16.09.2020 01:32:08.769 GMT+0200,3402.257,3401.5550000000003,0.0027,0.0031
16.09.2020 01:32:10.659 GMT+0200,3402.363,3401.655,0.0027,0.0031
16.09.2020 01:32:13.482 GMT+0200,3402.3540000000003,3401.6,0.0027,0.0031
16.09.2020 01:32:13.532 GMT+0200,3402.2000000000003,3401.534,0.0027,0.0031
16.09.2020 01:32:16.086 GMT+0200,3402.263,3401.6490000000003,0.0005,0.0022
16.09.2020 01:32:16.137 GMT+0200,3402.3,3401.6459999999997,0.0027,0.0031
16.09.2020 01:32:16.247 GMT+0200,3402.363,3401.5550000000003,0.0027,0.0031
16.09.2020 01:32:16.298 GMT+0200,3402.257,3401.54,0.0027,0.0031
16.09.2020 01:32:16.809 GMT+0200,3402.357,3401.5490000000004,0.0027,0.0031
16.09.2020 01:32:16.860 GMT+0200,3402.3450000000003,3401.643,0.0027,0.0031
16.09.2020 01:32:20.938 GMT+0200,3402.3450000000003,3401.54,0.0027,0.0031
16.09.2020 01:32:20.989 GMT+0200,3402.2509999999997,3401.6,0.0027,0.0031
16.09.2020 01:32:27.098 GMT+0200,3402.257,3401.643,0.0005,0.0022
16.09.2020 01:32:27.149 GMT+0200,3402.348,3401.643,0.0027,0.0031
16.09.2020 01:32:29.949 GMT+0200,3402.2000000000003,3401.5490000000004,0.0027,0.0031
16.09.2020 01:32:31.052 GMT+0200,3402.245,3401.4,0.0027,0.0031
16.09.2020 01:32:31.102 GMT+0200,3402.06,3401.337,0.0027,0.0031
16.09.2020 01:32:31.212 GMT+0200,3402.054,3401.7000000000003,0.0005,0.0022
16.09.2020 01:32:31.262 GMT+0200,3402.36,3401.64,0.0027,0.0031
16.09.2020 01:32:40.510 GMT+0200,3402.06,3401.3340000000003,0.0027,0.0031
16.09.2020 01:32:40.648 GMT+0200,3402.048,3401.155,0.0027,0.0031
16.09.2020 01:32:40.698 GMT+0200,3401.866,3401.1490000000003,0.0027,0.0031
16.09.2020 01:32:41.209 GMT+0200,3401.8509999999997,3401.4,0.0005,0.0022
16.09.2020 01:32:41.260 GMT+0200,3402.054,3401.346,0.0027,0.0031
16.09.2020 01:32:42.225 GMT+0200,3402.066,3401.54,0.0005,0.0022
16.09.2020 01:32:42.276 GMT+0200,3402.26,3401.543,0.0027,0.0031
16.09.2020 01:32:43.268 GMT+0200,3402.054,3401.546,0.0005,0.0022
16.09.2020 01:32:43.319 GMT+0200,3402.06,3401.346,0.0027,0.0031
16.09.2020 01:33:22.764 GMT+0200,3402.3450000000003,3401.655,0.0027,0.0031
16.09.2020 01:33:28.901 GMT+0200,3402.357,3401.343,0.0027,0.0031
16.09.2020 01:33:28.951 GMT+0200,3402,3401.337,0.0027,0.0031
16.09.2020 01:33:33.728 GMT+0200,3402.06,3401.1340000000005,0.0027,0.0031
16.09.2020 01:33:33.778 GMT+0200,3401.8,3401.137,0.0027,0.0031
16.09.2020 01:33:35.854 GMT+0200,3401.8450000000003,3401.2520000000004,0.0005,0.0022
16.09.2020 01:33:35.905 GMT+0200,3401.966,3401.2520000000004,0.0027,0.0031
16.09.2020 01:33:39.777 GMT+0200,3401.948,3401.143,0.0027,0.0031
16.09.2020 01:33:39.827 GMT+0200,3401.8450000000003,3401.1490000000003,0.0027,0.0031
16.09.2020 01:33:46.886 GMT+0200,3401.866,3400.8340000000003,0.0027,0.0031
16.09.2020 01:33:46.937 GMT+0200,3401.566,3400.9,0.0027,0.0031
16.09.2020 01:33:47.976 GMT+0200,3401.563,3401.0490000000004,0.0005,0.0022
16.09.2020 01:33:48.027 GMT+0200,3401.763,3401.0550000000003,0.0027,0.0031
16.09.2020 01:33:48.514 GMT+0200,3401.563,3400.846,0.0027,0.0031
16.09.2020 01:33:53.560 GMT+0200,3401.551,3401.1340000000005,0.0005,0.0022
16.09.2020 01:33:53.610 GMT+0200,3401.8509999999997,3401.14,0.0027,0.0031
16.09.2020 01:33:56.825 GMT+0200,3401.863,3400.84,0.0027,0.0031
16.09.2020 01:33:56.875 GMT+0200,3401.563,3400.855,0.0027,0.0031
16.09.2020 01:34:00.397 GMT+0200,3401.8,3401.1459999999997,0.0027,0.0031
16.09.2020 01:34:00.531 GMT+0200,3401.8540000000003,3401.1,0.0027,0.0031
16.09.2020 01:34:00.581 GMT+0200,3401.7000000000003,3401.046,0.0027,0.0031
16.09.2020 01:34:02.932 GMT+0200,3401.7509999999997,3400.9,0.0027,0.0031
16.09.2020 01:34:02.982 GMT+0200,3401.5570000000002,3400.9,0.0027,0.0031
16.09.2020 01:34:07.231 GMT+0200,3401.551,3400.755,0.0027,0.0031
16.09.2020 01:34:07.281 GMT+0200,3401.448,3400.7520000000004,0.0027,0.0031
16.09.2020 01:34:07.393 GMT+0200,3401.466,3400.337,0.0027,0.0031
16.09.2020 01:34:07.443 GMT+0200,3401.051,3400.3520000000003,0.0027,0.0031
16.09.2020 01:34:08.228 GMT+0200,3401.36,3400.337,0.0027,0.0031
16.09.2020 01:34:08.278 GMT+0200,3401.366,3400.64,0.0027,0.0031
16.09.2020 01:34:09.142 GMT+0200,3401.3,3400.546,0.0027,0.0031
16.09.2020 01:34:09.193 GMT+0200,3401.263,3400.6,0.0027,0.0031
16.09.2020 01:34:09.310 GMT+0200,3401.045,3400.3340000000003,0.0027,0.0031
16.09.2020 01:34:09.794 GMT+0200,3401.063,3400.6340000000005,0.0005,0.0022
16.09.2020 01:34:09.845 GMT+0200,3401.363,3400.643,0.0027,0.0031
16.09.2020 01:34:12.992 GMT+0200,3401.3,3400.7340000000004,0.0005,0.0022
16.09.2020 01:34:13.042 GMT+0200,3401.46,3400.755,0.0027,0.0031
16.09.2020 01:34:14.847 GMT+0200,3401.454,3400.64,0.0027,0.0031
16.09.2020 01:34:14.898 GMT+0200,3401.363,3400.64,0.0027,0.0031
16.09.2020 01:34:16.271 GMT+0200,3401.3450000000003,3400.846,0.0005,0.0022
16.09.2020 01:34:16.321 GMT+0200,3401.56,3400.843,0.0027,0.0031
16.09.2020 01:34:16.432 GMT+0200,3401.563,3400.7400000000002,0.0027,0.0031
16.09.2020 01:34:16.483 GMT+0200,3401.448,3400.737,0.0027,0.0031
16.09.2020 01:34:19.279 GMT+0200,3401.4629999999997,3400.637,0.0027,0.0031
16.09.2020 01:34:19.329 GMT+0200,3401.363,3400.652,0.0027,0.0031
16.09.2020 01:34:46.286 GMT+0200,3401.454,3400.7490000000003,0.0027,0.0031
16.09.2020 01:34:46.775 GMT+0200,3401.4,3400.8520000000003,0.0005,0.0022
16.09.2020 01:34:46.825 GMT+0200,3401.566,3400.84,0.0027,0.0031
16.09.2020 01:34:53.879 GMT+0200,3401.8,3401.2000000000003,0.0027,0.0031
16.09.2020 01:35:12.232 GMT+0200,3402.06,3401.14,0.0027,0.0031
16.09.2020 01:35:12.283 GMT+0200,3402,3401.337,0.0027,0.0031
16.09.2020 01:35:18.589 GMT+0200,3402,3401.652,0.0005,0.0022
16.09.2020 01:35:18.639 GMT+0200,3402.357,3401.643,0.0027,0.0031
16.09.2020 01:35:32.867 GMT+0200,3402.3509999999997,3401.552,0.0027,0.0031
16.09.2020 01:35:32.917 GMT+0200,3402.2659999999996,3401.5370000000003,0.0027,0.0031
16.09.2020 01:35:33.309 GMT+0200,3402.26,3401.6490000000003,0.0005,0.0022
16.09.2020 01:35:33.360 GMT+0200,3402.3540000000003,3401.6459999999997,0.0027,0.0031
16.09.2020 01:35:52.916 GMT+0200,3402.366,3401.9,0.0005,0.0022
16.09.2020 01:35:52.966 GMT+0200,3402.5,3401.837,0.0027,0.0031
16.09.2020 01:36:00.695 GMT+0200,3402.56,3401.64,0.0027,0.0031
16.09.2020 01:36:00.745 GMT+0200,3402.357,3401.7000000000003,0.0027,0.0031
16.09.2020 01:36:29.623 GMT+0200,3402.363,3401.534,0.0027,0.0031
16.09.2020 01:36:29.673 GMT+0200,3402.248,3401.54,0.0027,0.0031
16.09.2020 01:36:33.511 GMT+0200,3402.048,3401.3340000000003,0.0027,0.0031
16.09.2020 01:36:46.786 GMT+0200,3402.045,3401.1459999999997,0.0027,0.0031
16.09.2020 01:36:46.837 GMT+0200,3401.8509999999997,3401.14,0.0027,0.0031
16.09.2020 01:36:47.596 GMT+0200,3401.8450000000003,3401.237,0.0005,0.0022
16.09.2020 01:36:47.646 GMT+0200,3401.945,3401.3,0.0027,0.0031
16.09.2020 01:36:48.247 GMT+0200,3401.9629999999997,3401.349,0.0005,0.0022
16.09.2020 01:36:48.298 GMT+0200,3402.06,3401.349,0.0027,0.0031
16.09.2020 01:37:04.597 GMT+0200,3401.8509999999997,3401.1340000000005,0.0027,0.0031
16.09.2020 01:37:14.361 GMT+0200,3401.7540000000004,3401.1490000000003,0.0005,0.0022
16.09.2020 01:37:14.411 GMT+0200,3401.7659999999996,3401.052,0.0027,0.0031
16.09.2020 01:37:14.521 GMT+0200,3401.5,3401.046,0.0005,0.0022
16.09.2020 01:37:14.571 GMT+0200,3401.5,3400.837,0.0027,0.0031
16.09.2020 01:37:23.271 GMT+0200,3401.56,3400.6490000000003,0.0027,0.0031
16.09.2020 01:37:23.321 GMT+0200,3401.366,3400.64,0.0027,0.0031
16.09.2020 01:37:23.595 GMT+0200,3401.3,3400.337,0.0027,0.0031
16.09.2020 01:37:23.646 GMT+0200,3401.06,3400.346,0.0027,0.0031
16.09.2020 01:37:28.789 GMT+0200,3401,3400.14,0.0027,0.0031
16.09.2020 01:37:28.839 GMT+0200,3400.8,3400.152,0.0027,0.0031
16.09.2020 01:37:32.934 GMT+0200,3401.048,3400.14,0.0027,0.0031
16.09.2020 01:37:32.985 GMT+0200,3401.063,3400.3520000000003,0.0027,0.0031
16.09.2020 01:37:33.095 GMT+0200,3401.066,3400.137,0.0027,0.0031
16.09.2020 01:37:33.146 GMT+0200,3400.848,3400.1490000000003,0.0027,0.0031
16.09.2020 01:37:34.862 GMT+0200,3400.8450000000003,3400.343,0.0005,0.0022
16.09.2020 01:37:34.912 GMT+0200,3401,3400.3340000000003,0.0027,0.0031
16.09.2020 01:37:36.539 GMT+0200,3401,3400.137,0.0027,0.0031
16.09.2020 01:37:36.590 GMT+0200,3400.848,3400.2000000000003,0.0027,0.0031
16.09.2020 01:37:37.107 GMT+0200,3400.848,3400.3520000000003,0.0005,0.0022
16.09.2020 01:37:37.158 GMT+0200,3401.0570000000002,3400.355,0.0027,0.0031
16.09.2020 01:37:37.279 GMT+0200,3400.848,3400.152,0.0027,0.0031
16.09.2020 01:37:43.773 GMT+0200,3400.863,3400.4,0.0005,0.0022
16.09.2020 01:37:43.823 GMT+0200,3401.048,3400.343,0.0027,0.0031
16.09.2020 01:37:44.371 GMT+0200,3401.054,3399.855,0.0027,0.0031
16.09.2020 01:37:44.421 GMT+0200,3400.551,3399.9,0.0027,0.0031
16.09.2020 01:37:59.267 GMT+0200,3400.5570000000002,3400.1490000000003,0.0005,0.0022
16.09.2020 01:37:59.318 GMT+0200,3400.8450000000003,3400.155,0.0027,0.0031
16.09.2020 01:38:03.460 GMT+0200,3400.863,3400.337,0.0005,0.0022
16.09.2020 01:38:03.510 GMT+0200,3401,3400.349,0.0027,0.0031
16.09.2020 01:38:04.538 GMT+0200,3401.063,3400.546,0.0005,0.0022
16.09.2020 01:38:04.589 GMT+0200,3401.2509999999997,3400.5550000000003,0.0027,0.0031
16.09.2020 01:38:10.027 GMT+0200,3401.26,3400.7000000000003,0.0005,0.0022
16.09.2020 01:38:10.078 GMT+0200,3401.36,3400.655,0.0027,0.0031
16.09.2020 01:38:14.755 GMT+0200,3401.3540000000003,3400.846,0.0005,0.0022
16.09.2020 01:38:14.805 GMT+0200,3401.554,3400.8340000000003,0.0027,0.0031
16.09.2020 01:38:15.105 GMT+0200,3401.357,3400.843,0.0005,0.0022
16.09.2020 01:38:15.155 GMT+0200,3401.3540000000003,3400.64,0.0027,0.0031
16.09.2020 01:38:15.427 GMT+0200,3401.36,3400.7490000000003,0.0005,0.0022
16.09.2020 01:38:15.478 GMT+0200,3401.451,3400.7400000000002,0.0027,0.0031
16.09.2020 01:38:17.080 GMT+0200,3401.4570000000003,3400.837,0.0005,0.0022
16.09.2020 01:38:17.131 GMT+0200,3401.563,3400.843,0.0027,0.0031
16.09.2020 01:38:17.714 GMT+0200,3401.3509999999997,3400.849,0.0005,0.0022
16.09.2020 01:38:17.765 GMT+0200,3401.3509999999997,3400.6490000000003,0.0027,0.0031
16.09.2020 01:38:18.443 GMT+0200,3401.3540000000003,3400.7490000000003,0.0005,0.0022
16.09.2020 01:38:18.494 GMT+0200,3401.466,3400.7400000000002,0.0027,0.0031
16.09.2020 01:38:21.752 GMT+0200,3401.451,3400.7000000000003,0.0027,0.0031
16.09.2020 01:38:21.803 GMT+0200,3401.348,3400.6340000000005,0.0027,0.0031
16.09.2020 01:38:46.040 GMT+0200,3401.36,3400.5490000000004,0.0027,0.0031
16.09.2020 01:38:46.091 GMT+0200,3401.245,3400.552,0.0027,0.0031
16.09.2020 01:38:46.202 GMT+0200,3401.248,3400.343,0.0027,0.0031
16.09.2020 01:38:46.253 GMT+0200,3401.0570000000002,3400.346,0.0027,0.0031
16.09.2020 01:38:49.635 GMT+0200,3401.045,3400.643,0.0005,0.0022
16.09.2020 01:38:49.685 GMT+0200,3401.3540000000003,3400.637,0.0027,0.0031
16.09.2020 01:38:55.442 GMT+0200,3401.3,3400.343,0.0027,0.0031
16.09.2020 01:38:55.492 GMT+0200,3401.06,3400.343,0.0027,0.0031
16.09.2020 01:39:06.030 GMT+0200,3401.048,3400.1459999999997,0.0027,0.0031
16.09.2020 01:39:06.080 GMT+0200,3400.866,3400.1340000000005,0.0027,0.0031
16.09.2020 01:39:07.738 GMT+0200,3400.566,3399.849,0.0027,0.0031
16.09.2020 01:39:24.483 GMT+0200,3400.551,3399.64,0.0027,0.0031
16.09.2020 01:39:24.534 GMT+0200,3400.3509999999997,3399.655,0.0027,0.0031
16.09.2020 01:39:24.666 GMT+0200,3400.863,3399.64,0.0027,0.0031
16.09.2020 01:39:24.716 GMT+0200,3400.8540000000003,3400.14,0.0027,0.0031
16.09.2020 01:39:24.826 GMT+0200,3400.748,3400.1459999999997,0.0005,0.0022
16.09.2020 01:39:24.876 GMT+0200,3400.7000000000003,3400.0490000000004,0.0027,0.0031
16.09.2020 01:39:24.987 GMT+0200,3400.745,3399.855,0.0027,0.0031
16.09.2020 01:39:25.037 GMT+0200,3400.554,3399.849,0.0027,0.0031
16.09.2020 01:39:26.024 GMT+0200,3400.548,3400.0550000000003,0.0005,0.0022
16.09.2020 01:39:26.075 GMT+0200,3400.7659999999996,3400.0550000000003,0.0027,0.0031
16.09.2020 01:39:26.346 GMT+0200,3400.748,3400.2000000000003,0.0005,0.0022
16.09.2020 01:39:26.396 GMT+0200,3400.8509999999997,3400.1490000000003,0.0027,0.0031
16.09.2020 01:39:30.185 GMT+0200,3400.948,3400.255,0.0027,0.0031
16.09.2020 01:39:30.314 GMT+0200,3400.954,3400.143,0.0027,0.0031
16.09.2020 01:39:30.364 GMT+0200,3400.8450000000003,3400.152,0.0027,0.0031
16.09.2020 01:39:35.946 GMT+0200,3400.848,3399.846,0.0027,0.0031
16.09.2020 01:39:35.997 GMT+0200,3400.566,3399.84,0.0027,0.0031
16.09.2020 01:39:37.234 GMT+0200,3400.5,3400.155,0.0005,0.0022
16.09.2020 01:39:37.285 GMT+0200,3400.8540000000003,3400.1490000000003,0.0027,0.0031
16.09.2020 01:39:40.749 GMT+0200,3400.548,3399.855,0.0027,0.0031
16.09.2020 01:40:05.261 GMT+0200,3400.56,3399.6340000000005,0.0027,0.0031
16.09.2020 01:40:05.311 GMT+0200,3400.357,3399.643,0.0027,0.0031
16.09.2020 01:40:11.967 GMT+0200,3400.366,3399.737,0.0005,0.0022
16.09.2020 01:40:12.017 GMT+0200,3400.451,3399.7340000000004,0.0027,0.0031
16.09.2020 01:40:17.421 GMT+0200,3400.4570000000003,3399.8520000000003,0.0005,0.0022
16.09.2020 01:40:17.472 GMT+0200,3400.566,3399.846,0.0027,0.0031
16.09.2020 01:40:26.069 GMT+0200,3400.545,3400.137,0.0005,0.0022
16.09.2020 01:40:26.120 GMT+0200,3400.857,3400.155,0.0027,0.0031
16.09.2020 01:40:28.509 GMT+0200,3400.9629999999997,3400.152,0.0027,0.0031
16.09.2020 01:40:28.559 GMT+0200,3400.954,3400.3,0.0027,0.0031
16.09.2020 01:40:29.568 GMT+0200,3400.945,3400.4,0.0005,0.0022
16.09.2020 01:40:29.619 GMT+0200,3401.051,3400.4,0.0027,0.0031
16.09.2020 01:40:30.478 GMT+0200,3401,3400.1490000000003,0.0027,0.0031
16.09.2020 01:40:30.528 GMT+0200,3400.8450000000003,3400.1459999999997,0.0027,0.0031
16.09.2020 01:40:44.571 GMT+0200,3400.866,3399.849,0.0027,0.0031
16.09.2020 01:40:44.622 GMT+0200,3400.551,3399.855,0.0027,0.0031
16.09.2020 01:40:46.133 GMT+0200,3400.8509999999997,3400.14,0.0027,0.0031
16.09.2020 01:40:46.251 GMT+0200,3400.8450000000003,3399.8520000000003,0.0027,0.0031
16.09.2020 01:40:46.301 GMT+0200,3400.554,3399.8340000000003,0.0027,0.0031
16.09.2020 01:41:01.327 GMT+0200,3400.3509999999997,3399.9,0.0005,0.0022
16.09.2020 01:41:01.377 GMT+0200,3400.357,3399.637,0.0027,0.0031
16.09.2020 01:41:02.695 GMT+0200,3400.3540000000003,3399.34,0.0027,0.0031
16.09.2020 01:41:02.745 GMT+0200,3400.048,3399.337,0.0027,0.0031
16.09.2020 01:41:08.802 GMT+0200,3400.048,3399.54,0.0005,0.0022
16.09.2020 01:41:08.853 GMT+0200,3400.26,3399.54,0.0027,0.0031
16.09.2020 01:41:09.291 GMT+0200,3400.245,3399.3520000000003,0.0027,0.0031
16.09.2020 01:41:09.341 GMT+0200,3400.045,3399.4,0.0027,0.0031
16.09.2020 01:41:09.453 GMT+0200,3399.966,3399.346,0.0005,0.0022
16.09.2020 01:41:09.504 GMT+0200,3399.966,3399.2490000000003,0.0027,0.0031
16.09.2020 01:41:10.916 GMT+0200,3400,3399.237,0.0027,0.0031
16.09.2020 01:41:10.966 GMT+0200,3400.063,3399.4,0.0027,0.0031
16.09.2020 01:41:19.587 GMT+0200,3399.866,3399.4,0.0005,0.0022
16.09.2020 01:41:19.637 GMT+0200,3399.8,3399.2000000000003,0.0027,0.0031
16.09.2020 01:41:25.613 GMT+0200,3399.8450000000003,3399.2340000000004,0.0005,0.0022
16.09.2020 01:41:25.664 GMT+0200,3399.948,3399.2459999999996,0.0027,0.0031
16.09.2020 01:41:25.775 GMT+0200,3399.9,3399.1490000000003,0.0027,0.0031
16.09.2020 01:41:25.825 GMT+0200,3399.8540000000003,3399.14,0.0027,0.0031
16.09.2020 01:41:28.276 GMT+0200,3399.848,3399.2520000000004,0.0005,0.0022
16.09.2020 01:41:28.326 GMT+0200,3399.9570000000003,3399.237,0.0027,0.0031
16.09.2020 01:41:28.437 GMT+0200,3399.9,3399.1459999999997,0.0027,0.0031
16.09.2020 01:41:28.488 GMT+0200,3399.848,3399.152,0.0027,0.0031
16.09.2020 01:41:52.693 GMT+0200,3399.8,3398.855,0.0027,0.0031
16.09.2020 01:41:52.743 GMT+0200,3399.551,3398.843,0.0027,0.0031
16.09.2020 01:41:53.620 GMT+0200,3399.366,3398.8520000000003,0.0005,0.0022
16.09.2020 01:41:53.671 GMT+0200,3399.3509999999997,3398.655,0.0027,0.0031
16.09.2020 01:41:55.374 GMT+0200,3399.3540000000003,3398.843,0.0005,0.0022
16.09.2020 01:41:55.424 GMT+0200,3399.551,3398.849,0.0027,0.0031
16.09.2020 01:42:08.890 GMT+0200,3399.554,3399.046,0.0005,0.0022
16.09.2020 01:42:08.941 GMT+0200,3399.757,3399.1,0.0027,0.0031
