Local time,Ask,Bid,AskVolume,BidVolume
16.09.2020 00:00:00.088 GMT+0200,176.47299999999998,176.437,0.0173,0.0225
16.09.2020 00:00:01.079 GMT+0200,176.507,176.463,0.0173,0.0225
16.09.2020 00:00:15.076 GMT+0200,176.475,176.43599999999998,0.0173,0.0225
16.09.2020 00:00:45.764 GMT+0200,176.442,176.403,0.0173,0.0225
16.09.2020 00:01:14.832 GMT+0200,176.476,176.43200000000002,0.0173,0.0225
16.09.2020 00:02:34.070 GMT+0200,176.507,176.463,0.0173,0.0225
16.09.2020 00:04:24.417 GMT+0200,176.507,176.46599999999998,0.0173,0.0225
16.09.2020 00:06:06.269 GMT+0200,176.519,176.481,0.0173,0.0225
16.09.2020 00:06:06.372 GMT+0200,176.50400000000002,176.47,0.0173,0.0225
16.09.2020 00:09:37.449 GMT+0200,176.52,176.481,0.0173,0.0225
16.09.2020 00:09:37.550 GMT+0200,176.503,176.465,0.0173,0.0225
16.09.2020 00:12:11.117 GMT+0200,176.506,176.467,0.0173,0.0225
16.09.2020 00:15:18.258 GMT+0200,176.506,176.46599999999998,0.0173,0.0225
16.09.2020 00:15:35.459 GMT+0200,176.537,176.498,0.0173,0.0225
16.09.2020 00:16:15.495 GMT+0200,176.521,176.484,0.0173,0.0225
16.09.2020 00:16:15.742 GMT+0200,176.507,176.465,0.0173,0.0225
16.09.2020 00:16:20.396 GMT+0200,176.521,176.481,0.0173,0.0225
16.09.2020 00:18:38.917 GMT+0200,176.533,176.50099999999998,0.0173,0.0225
16.09.2020 00:20:08.103 GMT+0200,176.521,176.483,0.0173,0.0225
16.09.2020 00:20:08.307 GMT+0200,176.505,176.468,0.0173,0.0225
16.09.2020 00:21:35.897 GMT+0200,176.537,176.497,0.0173,0.0225
16.09.2020 00:24:53.338 GMT+0200,176.565,176.52599999999998,0.0173,0.0225
16.09.2020 00:27:02.722 GMT+0200,176.56799999999998,176.53,0.0173,0.0225
16.09.2020 00:30:24.699 GMT+0200,176.567,176.53,0.0173,0.0225
16.09.2020 00:33:01.450 GMT+0200,176.53400000000002,176.495,0.0173,0.0225
16.09.2020 00:34:34.042 GMT+0200,176.56400000000002,176.532,0.0173,0.0225
16.09.2020 00:34:43.196 GMT+0200,176.533,176.49900000000002,0.0173,0.0225
16.09.2020 00:36:43.453 GMT+0200,176.53799999999998,176.49599999999998,0.0173,0.0225
16.09.2020 00:37:09.218 GMT+0200,176.567,176.528,0.0173,0.0225
16.09.2020 00:37:09.382 GMT+0200,176.551,176.51700000000002,0.0173,0.0225
16.09.2020 00:37:16.677 GMT+0200,176.53799999999998,176.495,0.0173,0.0225
16.09.2020 00:37:17.546 GMT+0200,176.551,176.511,0.0173,0.0225
16.09.2020 00:37:17.654 GMT+0200,176.53099999999998,176.49599999999998,0.0173,0.0225
16.09.2020 00:37:21.880 GMT+0200,176.56400000000002,176.528,0.0173,0.0225
16.09.2020 00:43:07.610 GMT+0200,176.56799999999998,176.52599999999998,0.0173,0.0225
16.09.2020 00:43:27.689 GMT+0200,176.536,176.50099999999998,0.0173,0.0225
16.09.2020 00:43:41.722 GMT+0200,176.55400000000003,176.51700000000002,0.0173,0.0225
16.09.2020 00:43:41.881 GMT+0200,176.56400000000002,176.53,0.0173,0.0225
16.09.2020 00:52:00.485 GMT+0200,176.56900000000002,176.528,0.0173,0.0225
16.09.2020 00:56:03.972 GMT+0200,176.562,176.528,0.0173,0.0225
16.09.2020 01:03:04.500 GMT+0200,176.56900000000002,176.528,0.0173,0.0225
16.09.2020 01:08:08.445 GMT+0200,176.566,176.52599999999998,0.0173,0.0225
16.09.2020 01:10:46.341 GMT+0200,176.565,176.532,0.0173,0.0225
16.09.2020 01:10:46.500 GMT+0200,176.601,176.56400000000002,0.0173,0.0225
16.09.2020 01:14:42.266 GMT+0200,176.6,176.55900000000003,0.0173,0.0225
16.09.2020 01:16:03.604 GMT+0200,176.601,176.56099999999998,0.0173,0.0225
16.09.2020 01:17:49.476 GMT+0200,176.6,176.56099999999998,0.0173,0.0225
16.09.2020 01:19:53.637 GMT+0200,176.59599999999998,176.55700000000002,0.0173,0.0225
16.09.2020 01:22:15.020 GMT+0200,176.56400000000002,176.52900000000002,0.0173,0.0225
16.09.2020 01:22:16.414 GMT+0200,176.59799999999998,176.562,0.0173,0.0225
16.09.2020 01:22:17.488 GMT+0200,176.567,176.52900000000002,0.0173,0.0225
16.09.2020 01:25:22.054 GMT+0200,176.597,176.56400000000002,0.0173,0.0225
16.09.2020 01:28:06.054 GMT+0200,176.59599999999998,176.55900000000003,0.0173,0.0225
16.09.2020 01:29:06.779 GMT+0200,176.56900000000002,176.532,0.0173,0.0225
16.09.2020 01:32:25.992 GMT+0200,176.6,176.56,0.0173,0.0225
16.09.2020 01:32:35.696 GMT+0200,176.567,176.525,0.0173,0.0225
16.09.2020 01:32:35.846 GMT+0200,176.59900000000002,176.56099999999998,0.0173,0.0225
16.09.2020 01:33:52.617 GMT+0200,176.59599999999998,176.562,0.0173,0.0225
16.09.2020 01:36:11.373 GMT+0200,176.59799999999998,176.56400000000002,0.0173,0.0225
16.09.2020 01:37:40.669 GMT+0200,176.59400000000002,176.562,0.0173,0.0225
16.09.2020 01:39:57.467 GMT+0200,176.601,176.562,0.0173,0.0225
16.09.2020 01:40:05.115 GMT+0200,176.62900000000002,176.59,0.0173,0.0225
16.09.2020 01:40:30.306 GMT+0200,176.65599999999998,176.62400000000002,0.0173,0.0225
16.09.2020 01:44:35.458 GMT+0200,176.661,176.62099999999998,0.0173,0.0225
16.09.2020 01:48:40.869 GMT+0200,176.65599999999998,176.62599999999998,0.0173,0.0225
16.09.2020 01:49:53.934 GMT+0200,176.662,176.62599999999998,0.0173,0.0225
16.09.2020 01:50:39.639 GMT+0200,176.628,176.592,0.0173,0.0225
16.09.2020 01:50:39.941 GMT+0200,176.662,176.62,0.0173,0.0225
16.09.2020 01:57:02.241 GMT+0200,176.662,176.62,0.0173,0.0225
16.09.2020 02:00:10.652 GMT+0200,176.68900000000002,176.655,0.0173,0.0225
16.09.2020 02:02:27.619 GMT+0200,176.69299999999998,176.65099999999998,0.0173,0.0225
16.09.2020 02:03:57.200 GMT+0200,176.661,176.623,0.0173,0.0225
16.09.2020 02:05:02.668 GMT+0200,176.69,176.65200000000002,0.0173,0.0225
16.09.2020 02:07:23.528 GMT+0200,176.65900000000002,176.62,0.0173,0.0225
16.09.2020 02:08:55.751 GMT+0200,176.63,176.588,0.0173,0.0225
16.09.2020 02:08:55.916 GMT+0200,176.661,176.62400000000002,0.0173,0.0225
16.09.2020 02:09:48.240 GMT+0200,176.627,176.588,0.0173,0.0225
16.09.2020 02:09:48.379 GMT+0200,176.66299999999998,176.622,0.0173,0.0225
16.09.2020 02:13:13.871 GMT+0200,176.65900000000002,176.623,0.0173,0.0225
16.09.2020 02:14:03.738 GMT+0200,176.691,176.653,0.0173,0.0225
16.09.2020 02:16:01.390 GMT+0200,176.72400000000002,176.685,0.0173,0.0225
16.09.2020 02:16:51.575 GMT+0200,176.68900000000002,176.657,0.0173,0.0225
16.09.2020 02:16:51.765 GMT+0200,176.71900000000002,176.68900000000002,0.0173,0.0225
16.09.2020 02:17:23.610 GMT+0200,176.687,176.65200000000002,0.0173,0.0225
16.09.2020 02:17:23.661 GMT+0200,176.71900000000002,176.68200000000002,0.0173,0.0225
16.09.2020 02:18:20.670 GMT+0200,176.69299999999998,176.65,0.0173,0.0225
16.09.2020 02:18:20.875 GMT+0200,176.71900000000002,176.687,0.0173,0.0225
16.09.2020 02:18:21.679 GMT+0200,176.708,176.666,0.0173,0.0225
16.09.2020 02:18:22.631 GMT+0200,176.68900000000002,176.65099999999998,0.0173,0.0225
16.09.2020 02:18:22.982 GMT+0200,176.71,176.666,0.0173,0.0225
16.09.2020 02:18:23.206 GMT+0200,176.692,176.65099999999998,0.0173,0.0225
16.09.2020 02:18:28.656 GMT+0200,176.72099999999998,176.68900000000002,0.0173,0.0225
16.09.2020 02:21:40.617 GMT+0200,176.69299999999998,176.653,0.0173,0.0225
16.09.2020 02:21:45.599 GMT+0200,176.722,176.68400000000003,0.0173,0.0225
16.09.2020 02:22:13.011 GMT+0200,176.69,176.657,0.0173,0.0225
16.09.2020 02:22:42.207 GMT+0200,176.65900000000002,176.62099999999998,0.0173,0.0225
16.09.2020 02:28:08.484 GMT+0200,176.674,176.635,0.0173,0.0225
16.09.2020 02:28:08.621 GMT+0200,176.69400000000002,176.65099999999998,0.0173,0.0225
16.09.2020 02:28:08.906 GMT+0200,176.67900000000003,176.64000000000001,0.0173,0.0225
16.09.2020 02:28:16.768 GMT+0200,176.65599999999998,176.622,0.0173,0.0225
16.09.2020 02:32:51.694 GMT+0200,176.662,176.62599999999998,0.0173,0.0225
16.09.2020 02:38:40.499 GMT+0200,176.661,176.62599999999998,0.0173,0.0225
16.09.2020 02:39:02.109 GMT+0200,176.627,176.59099999999998,0.0173,0.0225
16.09.2020 02:39:02.320 GMT+0200,176.66,176.623,0.0173,0.0225
16.09.2020 02:40:00.385 GMT+0200,176.627,176.59,0.0173,0.0225
16.09.2020 02:46:35.691 GMT+0200,176.61200000000002,176.574,0.0173,0.0225
16.09.2020 02:46:35.804 GMT+0200,176.597,176.558,0.0173,0.0225
16.09.2020 02:47:15.881 GMT+0200,176.62900000000002,176.59,0.0173,0.0225
16.09.2020 02:47:19.281 GMT+0200,176.614,176.572,0.0173,0.0225
16.09.2020 02:47:19.395 GMT+0200,176.59799999999998,176.56400000000002,0.0173,0.0225
16.09.2020 02:47:29.498 GMT+0200,176.631,176.592,0.0173,0.0225
16.09.2020 02:47:58.737 GMT+0200,176.59599999999998,176.558,0.0173,0.0225
16.09.2020 02:51:51.260 GMT+0200,176.578,176.54500000000002,0.0173,0.0225
16.09.2020 02:51:51.424 GMT+0200,176.56799999999998,176.52900000000002,0.0173,0.0225
16.09.2020 02:52:04.653 GMT+0200,176.537,176.49900000000002,0.0173,0.0225
16.09.2020 02:55:17.787 GMT+0200,176.506,176.463,0.0173,0.0225
16.09.2020 02:55:18.125 GMT+0200,176.537,176.49900000000002,0.0173,0.0225
16.09.2020 02:55:22.714 GMT+0200,176.505,176.47,0.0173,0.0225
16.09.2020 02:55:22.883 GMT+0200,176.537,176.498,0.0173,0.0225
16.09.2020 02:55:23.817 GMT+0200,176.502,176.463,0.0173,0.0225
16.09.2020 02:55:24.305 GMT+0200,176.537,176.49400000000003,0.0173,0.0225
16.09.2020 02:55:27.022 GMT+0200,176.5,176.46400000000003,0.0173,0.0225
16.09.2020 02:56:09.924 GMT+0200,176.47400000000002,176.435,0.0173,0.0225
16.09.2020 02:56:10.137 GMT+0200,176.507,176.47,0.0173,0.0225
16.09.2020 02:56:25.578 GMT+0200,176.47299999999998,176.43200000000002,0.0173,0.0225
16.09.2020 02:56:25.804 GMT+0200,176.503,176.463,0.0173,0.0225
16.09.2020 02:58:03.443 GMT+0200,176.535,176.49599999999998,0.0173,0.0225
16.09.2020 02:58:03.564 GMT+0200,176.506,176.463,0.0173,0.0225
16.09.2020 02:58:03.949 GMT+0200,176.53099999999998,176.497,0.0173,0.0225
16.09.2020 02:58:04.411 GMT+0200,176.521,176.481,0.0173,0.0225
16.09.2020 02:58:04.518 GMT+0200,176.533,176.49900000000002,0.0173,0.0225
16.09.2020 02:58:06.286 GMT+0200,176.5,176.47,0.0173,0.0225
16.09.2020 02:59:48.766 GMT+0200,176.533,176.498,0.0173,0.0225
16.09.2020 02:59:49.623 GMT+0200,176.50400000000002,176.46599999999998,0.0173,0.0225
16.09.2020 02:59:50.153 GMT+0200,176.535,176.49599999999998,0.0173,0.0225
16.09.2020 03:00:50.137 GMT+0200,176.505,176.465,0.0173,0.0225
16.09.2020 03:00:56.120 GMT+0200,176.489,176.452,0.0173,0.0225
16.09.2020 03:00:56.170 GMT+0200,176.441,176.40200000000002,0.0173,0.0225
16.09.2020 03:00:56.391 GMT+0200,176.47400000000002,176.43400000000003,0.0173,0.0225
16.09.2020 03:02:40.304 GMT+0200,176.442,176.40200000000002,0.0173,0.0225
16.09.2020 03:02:40.580 GMT+0200,176.47099999999998,176.433,0.0173,0.0225
16.09.2020 03:04:32.505 GMT+0200,176.507,176.468,0.0173,0.0225
16.09.2020 03:04:32.687 GMT+0200,176.47400000000002,176.437,0.0173,0.0225
16.09.2020 03:04:33.493 GMT+0200,176.49,176.449,0.0173,0.0225
16.09.2020 03:04:33.653 GMT+0200,176.506,176.467,0.0173,0.0225
16.09.2020 03:04:34.019 GMT+0200,176.46900000000002,176.43400000000003,0.0173,0.0225
16.09.2020 03:04:59.910 GMT+0200,176.506,176.463,0.0173,0.0225
16.09.2020 03:06:19.296 GMT+0200,176.53799999999998,176.49400000000003,0.0173,0.0225
16.09.2020 03:06:19.502 GMT+0200,176.507,176.465,0.0173,0.0225
16.09.2020 03:07:04.521 GMT+0200,176.52,176.484,0.0173,0.0225
16.09.2020 03:07:05.446 GMT+0200,176.505,176.463,0.0173,0.0225
16.09.2020 03:07:06.177 GMT+0200,176.52200000000002,176.481,0.0173,0.0225
16.09.2020 03:07:14.928 GMT+0200,176.50400000000002,176.46599999999998,0.0173,0.0225
16.09.2020 03:07:17.199 GMT+0200,176.519,176.486,0.0173,0.0225
16.09.2020 03:07:17.630 GMT+0200,176.536,176.50099999999998,0.0173,0.0225
16.09.2020 03:07:19.622 GMT+0200,176.505,176.46400000000003,0.0173,0.0225
16.09.2020 03:07:45.593 GMT+0200,176.47400000000002,176.43599999999998,0.0173,0.0225
16.09.2020 03:07:46.346 GMT+0200,176.50400000000002,176.46599999999998,0.0173,0.0225
16.09.2020 03:07:48.673 GMT+0200,176.49,176.448,0.0173,0.0225
16.09.2020 03:07:48.900 GMT+0200,176.503,176.47,0.0173,0.0225
16.09.2020 03:07:50.282 GMT+0200,176.472,176.43200000000002,0.0173,0.0225
16.09.2020 03:08:20.839 GMT+0200,176.437,176.405,0.0173,0.0225
16.09.2020 03:08:20.922 GMT+0200,176.46900000000002,176.43400000000003,0.0173,0.0225
16.09.2020 03:08:21.126 GMT+0200,176.442,176.40200000000002,0.0173,0.0225
16.09.2020 03:08:27.843 GMT+0200,176.472,176.437,0.0173,0.0225
16.09.2020 03:08:30.939 GMT+0200,176.441,176.4,0.0173,0.0225
16.09.2020 03:08:31.102 GMT+0200,176.455,176.416,0.0173,0.0225
16.09.2020 03:08:32.903 GMT+0200,176.46900000000002,176.43599999999998,0.0173,0.0225
16.09.2020 03:08:35.312 GMT+0200,176.44400000000002,176.40400000000002,0.0173,0.0225
16.09.2020 03:08:36.305 GMT+0200,176.455,176.416,0.0173,0.0225
16.09.2020 03:08:37.511 GMT+0200,176.46900000000002,176.433,0.0173,0.0225
16.09.2020 03:08:38.082 GMT+0200,176.442,176.40400000000002,0.0173,0.0225
16.09.2020 03:11:02.916 GMT+0200,176.453,176.416,0.0173,0.0225
16.09.2020 03:11:03.029 GMT+0200,176.47400000000002,176.437,0.0173,0.0225
16.09.2020 03:11:03.708 GMT+0200,176.43900000000002,176.40200000000002,0.0173,0.0225
16.09.2020 03:11:04.314 GMT+0200,176.453,176.418,0.0173,0.0225
16.09.2020 03:11:05.710 GMT+0200,176.475,176.43400000000003,0.0173,0.0225
16.09.2020 03:12:12.818 GMT+0200,176.503,176.46400000000003,0.0173,0.0225
16.09.2020 03:14:33.877 GMT+0200,176.53799999999998,176.497,0.0173,0.0225
16.09.2020 03:15:01.481 GMT+0200,176.50400000000002,176.47,0.0173,0.0225
16.09.2020 03:15:02.800 GMT+0200,176.536,176.49400000000003,0.0173,0.0225
16.09.2020 03:15:03.616 GMT+0200,176.502,176.467,0.0173,0.0225
16.09.2020 03:15:04.120 GMT+0200,176.536,176.49599999999998,0.0173,0.0225
16.09.2020 03:15:05.101 GMT+0200,176.52,176.486,0.0173,0.0225
16.09.2020 03:15:05.204 GMT+0200,176.502,176.46400000000003,0.0173,0.0225
16.09.2020 03:15:06.100 GMT+0200,176.521,176.483,0.0173,0.0225
16.09.2020 03:15:06.201 GMT+0200,176.50400000000002,176.465,0.0173,0.0225
16.09.2020 03:17:18.108 GMT+0200,176.536,176.498,0.0173,0.0225
16.09.2020 03:17:23.046 GMT+0200,176.50400000000002,176.468,0.0173,0.0225
16.09.2020 03:20:14.599 GMT+0200,176.52200000000002,176.482,0.0173,0.0225
16.09.2020 03:20:14.701 GMT+0200,176.536,176.49900000000002,0.0173,0.0225
16.09.2020 03:21:18.946 GMT+0200,176.5,176.465,0.0173,0.0225
16.09.2020 03:21:22.551 GMT+0200,176.53400000000002,176.49900000000002,0.0173,0.0225
16.09.2020 03:21:22.701 GMT+0200,176.507,176.463,0.0173,0.0225
16.09.2020 03:21:31.537 GMT+0200,176.536,176.497,0.0173,0.0225
16.09.2020 03:25:52.374 GMT+0200,176.565,176.532,0.0173,0.0225
16.09.2020 03:27:05.700 GMT+0200,176.536,176.49900000000002,0.0173,0.0225
16.09.2020 03:30:52.608 GMT+0200,176.506,176.468,0.0173,0.0225
16.09.2020 03:32:06.398 GMT+0200,176.53799999999998,176.49599999999998,0.0173,0.0225
16.09.2020 03:32:06.574 GMT+0200,176.519,176.479,0.0173,0.0225
16.09.2020 03:32:06.702 GMT+0200,176.506,176.467,0.0173,0.0225
16.09.2020 03:32:06.954 GMT+0200,176.53400000000002,176.50099999999998,0.0173,0.0225
16.09.2020 03:35:53.640 GMT+0200,176.536,176.497,0.0173,0.0225
16.09.2020 03:41:04.535 GMT+0200,176.50400000000002,176.47,0.0173,0.0225
16.09.2020 03:41:18.327 GMT+0200,176.535,176.50099999999998,0.0173,0.0225
16.09.2020 03:41:18.611 GMT+0200,176.521,176.481,0.0173,0.0225
16.09.2020 03:41:23.757 GMT+0200,176.505,176.47,0.0173,0.0225
16.09.2020 03:41:37.055 GMT+0200,176.533,176.50099999999998,0.0173,0.0225
16.09.2020 03:41:55.929 GMT+0200,176.506,176.47,0.0173,0.0225
16.09.2020 03:41:56.179 GMT+0200,176.535,176.498,0.0173,0.0225
16.09.2020 03:42:24.441 GMT+0200,176.52200000000002,176.482,0.0173,0.0225
16.09.2020 03:42:25.214 GMT+0200,176.536,176.50099999999998,0.0173,0.0225
16.09.2020 03:52:00.698 GMT+0200,176.56400000000002,176.528,0.0173,0.0225
16.09.2020 03:53:49.893 GMT+0200,176.566,176.52700000000002,0.0173,0.0225
16.09.2020 03:55:00.118 GMT+0200,176.567,176.52700000000002,0.0173,0.0225
16.09.2020 03:56:12.281 GMT+0200,176.56900000000002,176.52900000000002,0.0173,0.0225
16.09.2020 03:58:10.986 GMT+0200,176.562,176.528,0.0173,0.0225
16.09.2020 03:59:02.278 GMT+0200,176.53400000000002,176.49900000000002,0.0173,0.0225
16.09.2020 03:59:02.500 GMT+0200,176.562,176.52599999999998,0.0173,0.0225
16.09.2020 04:02:51.599 GMT+0200,176.535,176.49599999999998,0.0173,0.0225
16.09.2020 04:05:42.968 GMT+0200,176.562,176.52900000000002,0.0173,0.0225
16.09.2020 04:05:43.177 GMT+0200,176.535,176.49900000000002,0.0173,0.0225
16.09.2020 04:07:02.687 GMT+0200,176.567,176.52700000000002,0.0173,0.0225
16.09.2020 04:07:02.846 GMT+0200,176.547,176.512,0.0173,0.0225
16.09.2020 04:07:03.004 GMT+0200,176.565,176.532,0.0173,0.0225
16.09.2020 04:08:23.572 GMT+0200,176.566,176.53,0.0173,0.0225
16.09.2020 04:11:59.737 GMT+0200,176.567,176.53,0.0173,0.0225
16.09.2020 04:12:14.153 GMT+0200,176.537,176.498,0.0173,0.0225
16.09.2020 04:16:01.291 GMT+0200,176.565,176.532,0.0173,0.0225
16.09.2020 04:16:21.860 GMT+0200,176.535,176.49400000000003,0.0173,0.0225
16.09.2020 04:20:29.873 GMT+0200,176.565,176.52900000000002,0.0173,0.0225
16.09.2020 04:31:02.410 GMT+0200,176.56900000000002,176.532,0.0173,0.0225
16.09.2020 04:36:10.013 GMT+0200,176.567,176.52599999999998,0.0173,0.0225
16.09.2020 04:37:45.894 GMT+0200,176.59400000000002,176.56400000000002,0.0173,0.0225
16.09.2020 04:37:46.173 GMT+0200,176.567,176.52599999999998,0.0173,0.0225
16.09.2020 04:38:08.433 GMT+0200,176.58,176.544,0.0173,0.0225
16.09.2020 04:38:08.799 GMT+0200,176.59900000000002,176.562,0.0173,0.0225
16.09.2020 04:41:09.568 GMT+0200,176.56400000000002,176.53,0.0173,0.0225
16.09.2020 04:44:46.739 GMT+0200,176.565,176.532,0.0173,0.0225
16.09.2020 04:45:49.924 GMT+0200,176.59799999999998,176.55700000000002,0.0173,0.0225
16.09.2020 04:50:39.234 GMT+0200,176.627,176.592,0.0173,0.0225
16.09.2020 04:50:39.367 GMT+0200,176.59799999999998,176.56400000000002,0.0173,0.0225
16.09.2020 04:55:57.530 GMT+0200,176.59900000000002,176.562,0.0173,0.0225
16.09.2020 04:58:40.785 GMT+0200,176.567,176.532,0.0173,0.0225
16.09.2020 05:01:58.027 GMT+0200,176.565,176.525,0.0173,0.0225
16.09.2020 05:03:54.119 GMT+0200,176.566,176.528,0.0173,0.0225
16.09.2020 05:07:20.217 GMT+0200,176.53799999999998,176.49599999999998,0.0173,0.0225
16.09.2020 05:07:20.958 GMT+0200,176.562,176.532,0.0173,0.0225
16.09.2020 05:07:22.154 GMT+0200,176.536,176.50099999999998,0.0173,0.0225
16.09.2020 05:07:23.193 GMT+0200,176.56900000000002,176.52900000000002,0.0173,0.0225
16.09.2020 05:11:02.051 GMT+0200,176.537,176.498,0.0173,0.0225
16.09.2020 05:11:06.340 GMT+0200,176.56400000000002,176.525,0.0173,0.0225
16.09.2020 05:11:06.614 GMT+0200,176.537,176.49900000000002,0.0173,0.0225
16.09.2020 05:14:29.275 GMT+0200,176.537,176.50099999999998,0.0173,0.0225
16.09.2020 05:16:32.663 GMT+0200,176.53099999999998,176.498,0.0173,0.0225
16.09.2020 05:18:00.821 GMT+0200,176.562,176.525,0.0173,0.0225
16.09.2020 05:20:46.201 GMT+0200,176.565,176.528,0.0173,0.0225
16.09.2020 05:22:49.347 GMT+0200,176.53799999999998,176.49900000000002,0.0173,0.0225
16.09.2020 05:22:49.478 GMT+0200,176.56799999999998,176.532,0.0173,0.0225
16.09.2020 05:24:34.971 GMT+0200,176.585,176.54500000000002,0.0173,0.0225
16.09.2020 05:24:35.089 GMT+0200,176.59400000000002,176.56,0.0173,0.0225
16.09.2020 05:24:53.181 GMT+0200,176.566,176.532,0.0173,0.0225
16.09.2020 05:24:53.648 GMT+0200,176.59400000000002,176.56,0.0173,0.0225
16.09.2020 05:25:15.821 GMT+0200,176.566,176.52700000000002,0.0173,0.0225
16.09.2020 05:27:55.230 GMT+0200,176.562,176.53,0.0173,0.0225
16.09.2020 05:30:01.195 GMT+0200,176.56900000000002,176.52900000000002,0.0173,0.0225
16.09.2020 05:30:38.504 GMT+0200,176.601,176.55900000000003,0.0173,0.0225
16.09.2020 05:30:39.980 GMT+0200,176.565,176.528,0.0173,0.0225
16.09.2020 05:34:14.220 GMT+0200,176.56900000000002,176.525,0.0173,0.0225
16.09.2020 05:35:53.630 GMT+0200,176.6,176.56099999999998,0.0173,0.0225
16.09.2020 05:38:45.993 GMT+0200,176.597,176.55900000000003,0.0173,0.0225
16.09.2020 05:39:36.422 GMT+0200,176.562,176.53,0.0173,0.0225
16.09.2020 05:39:36.650 GMT+0200,176.59799999999998,176.56400000000002,0.0173,0.0225
16.09.2020 05:41:18.217 GMT+0200,176.6,176.558,0.0173,0.0225
16.09.2020 05:46:24.482 GMT+0200,176.59400000000002,176.56,0.0173,0.0225
16.09.2020 05:49:12.266 GMT+0200,176.597,176.55900000000003,0.0173,0.0225
16.09.2020 05:51:36.371 GMT+0200,176.614,176.579,0.0173,0.0225
16.09.2020 05:51:39.248 GMT+0200,176.63,176.593,0.0173,0.0225
16.09.2020 05:55:03.445 GMT+0200,176.628,176.595,0.0173,0.0225
16.09.2020 05:55:03.673 GMT+0200,176.646,176.608,0.0173,0.0225
16.09.2020 05:55:03.903 GMT+0200,176.65900000000002,176.61900000000003,0.0173,0.0225
16.09.2020 05:55:07.451 GMT+0200,176.643,176.606,0.0173,0.0225
16.09.2020 05:55:07.563 GMT+0200,176.65900000000002,176.62599999999998,0.0173,0.0225
16.09.2020 05:55:11.155 GMT+0200,176.643,176.604,0.0173,0.0225
16.09.2020 05:55:11.851 GMT+0200,176.65900000000002,176.62099999999998,0.0173,0.0225
16.09.2020 05:55:13.275 GMT+0200,176.644,176.604,0.0173,0.0225
16.09.2020 05:55:13.379 GMT+0200,176.662,176.623,0.0173,0.0225
16.09.2020 05:57:24.578 GMT+0200,176.662,176.623,0.0173,0.0225
16.09.2020 06:00:26.478 GMT+0200,176.66,176.62099999999998,0.0173,0.0225
16.09.2020 06:02:07.369 GMT+0200,176.661,176.623,0.0173,0.0225
16.09.2020 06:05:48.489 GMT+0200,176.65599999999998,176.62400000000002,0.0173,0.0225
16.09.2020 06:09:53.197 GMT+0200,176.66299999999998,176.62400000000002,0.0173,0.0225
16.09.2020 06:11:44.990 GMT+0200,176.662,176.62099999999998,0.0173,0.0225
16.09.2020 06:14:35.278 GMT+0200,176.65900000000002,176.62400000000002,0.0173,0.0225
16.09.2020 06:17:05.998 GMT+0200,176.661,176.623,0.0173,0.0225
16.09.2020 06:21:08.255 GMT+0200,176.66299999999998,176.62400000000002,0.0173,0.0225
16.09.2020 06:25:32.959 GMT+0200,176.65599999999998,176.62,0.0173,0.0225
16.09.2020 06:29:41.446 GMT+0200,176.687,176.657,0.0173,0.0225
16.09.2020 06:29:42.001 GMT+0200,176.661,176.62599999999998,0.0173,0.0225
16.09.2020 06:30:00.273 GMT+0200,176.692,176.655,0.0173,0.0225
16.09.2020 06:30:00.426 GMT+0200,176.658,176.61900000000003,0.0173,0.0225
16.09.2020 06:30:05.289 GMT+0200,176.68900000000002,176.653,0.0173,0.0225
16.09.2020 06:33:14.178 GMT+0200,176.687,176.65200000000002,0.0173,0.0225
16.09.2020 06:40:47.448 GMT+0200,176.691,176.657,0.0173,0.0225
16.09.2020 06:42:03.291 GMT+0200,176.662,176.62599999999998,0.0173,0.0225
16.09.2020 06:45:06.517 GMT+0200,176.69400000000002,176.655,0.0173,0.0225
16.09.2020 06:45:07.319 GMT+0200,176.678,176.638,0.0173,0.0225
16.09.2020 06:45:25.863 GMT+0200,176.65900000000002,176.62,0.0173,0.0225
16.09.2020 06:45:37.358 GMT+0200,176.68900000000002,176.655,0.0173,0.0225
16.09.2020 06:47:02.565 GMT+0200,176.66299999999998,176.623,0.0173,0.0225
16.09.2020 06:47:04.515 GMT+0200,176.691,176.657,0.0173,0.0225
16.09.2020 06:47:43.884 GMT+0200,176.65599999999998,176.622,0.0173,0.0225
16.09.2020 06:47:43.956 GMT+0200,176.687,176.65400000000002,0.0173,0.0225
16.09.2020 06:47:44.145 GMT+0200,176.661,176.62099999999998,0.0173,0.0225
16.09.2020 06:47:58.598 GMT+0200,176.69,176.65400000000002,0.0173,0.0225
16.09.2020 06:48:43.997 GMT+0200,176.66299999999998,176.62099999999998,0.0173,0.0225
16.09.2020 06:48:44.162 GMT+0200,176.69299999999998,176.65200000000002,0.0173,0.0225
16.09.2020 06:48:46.890 GMT+0200,176.66299999999998,176.62400000000002,0.0173,0.0225
16.09.2020 06:48:47.725 GMT+0200,176.692,176.65099999999998,0.0173,0.0225
16.09.2020 06:50:40.700 GMT+0200,176.69299999999998,176.657,0.0173,0.0225
16.09.2020 06:55:36.321 GMT+0200,176.69400000000002,176.653,0.0173,0.0225
16.09.2020 06:59:02.205 GMT+0200,176.69,176.65,0.0173,0.0225
16.09.2020 07:01:21.848 GMT+0200,176.691,176.655,0.0173,0.0225
16.09.2020 07:07:43.016 GMT+0200,176.687,176.65,0.0173,0.0225
16.09.2020 07:16:00.002 GMT+0200,176.69299999999998,176.657,0.0173,0.0225
16.09.2020 07:17:15.454 GMT+0200,176.68900000000002,176.65400000000002,0.0173,0.0225
16.09.2020 07:18:59.636 GMT+0200,176.687,176.657,0.0173,0.0225
16.09.2020 07:22:59.256 GMT+0200,176.68900000000002,176.65099999999998,0.0173,0.0225
16.09.2020 07:24:20.878 GMT+0200,176.691,176.65099999999998,0.0173,0.0225
16.09.2020 07:26:12.906 GMT+0200,176.68900000000002,176.65,0.0173,0.0225
16.09.2020 07:34:53.784 GMT+0200,176.69,176.65400000000002,0.0173,0.0225
16.09.2020 07:40:03.964 GMT+0200,176.692,176.657,0.0173,0.0225
16.09.2020 07:44:53.702 GMT+0200,176.692,176.655,0.0173,0.0225
16.09.2020 07:46:18.409 GMT+0200,176.69299999999998,176.653,0.0173,0.0225
16.09.2020 07:52:08.271 GMT+0200,176.68900000000002,176.657,0.0173,0.0225
16.09.2020 07:54:28.501 GMT+0200,176.691,176.655,0.0173,0.0225
16.09.2020 07:56:21.168 GMT+0200,176.68900000000002,176.655,0.0173,0.0225
16.09.2020 08:00:38.203 GMT+0200,176.72099999999998,176.68400000000003,0.0173,0.0225
16.09.2020 08:02:21.726 GMT+0200,176.68900000000002,176.65,0.0173,0.0225
16.09.2020 08:02:31.689 GMT+0200,176.726,176.68200000000002,0.0173,0.0225
16.09.2020 08:02:42.872 GMT+0200,176.687,176.65400000000002,0.0173,0.0225
16.09.2020 08:08:38.446 GMT+0200,176.725,176.687,0.0173,0.0225
16.09.2020 08:08:39.140 GMT+0200,176.706,176.673,0.0173,0.0225
16.09.2020 08:08:39.387 GMT+0200,176.725,176.68900000000002,0.0173,0.0225
16.09.2020 08:09:01.790 GMT+0200,176.69299999999998,176.65200000000002,0.0173,0.0225
16.09.2020 08:09:08.570 GMT+0200,176.722,176.68400000000003,0.0173,0.0225
16.09.2020 08:09:08.722 GMT+0200,176.69400000000002,176.65,0.0173,0.0225
16.09.2020 08:12:55.604 GMT+0200,176.71900000000002,176.685,0.0173,0.0225
16.09.2020 08:13:05.899 GMT+0200,176.687,176.65,0.0173,0.0225
16.09.2020 08:16:49.155 GMT+0200,176.66299999999998,176.62,0.0173,0.0225
16.09.2020 08:18:01.701 GMT+0200,176.628,176.593,0.0173,0.0225
16.09.2020 08:18:06.542 GMT+0200,176.66,176.62400000000002,0.0173,0.0225
16.09.2020 08:19:15.963 GMT+0200,176.648,176.608,0.0173,0.0225
16.09.2020 08:19:16.087 GMT+0200,176.62900000000002,176.588,0.0173,0.0225
16.09.2020 08:20:19.754 GMT+0200,176.662,176.623,0.0173,0.0225
16.09.2020 08:22:34.608 GMT+0200,176.628,176.595,0.0173,0.0225
16.09.2020 08:24:30.020 GMT+0200,176.597,176.55900000000003,0.0173,0.0225
16.09.2020 08:24:30.275 GMT+0200,176.631,176.593,0.0173,0.0225
16.09.2020 08:25:00.204 GMT+0200,176.6,176.56,0.0173,0.0225
16.09.2020 08:25:05.663 GMT+0200,176.56799999999998,176.52599999999998,0.0173,0.0225
16.09.2020 08:25:05.907 GMT+0200,176.601,176.55700000000002,0.0173,0.0225
16.09.2020 08:25:14.882 GMT+0200,176.562,176.528,0.0173,0.0225
16.09.2020 08:25:18.775 GMT+0200,176.59599999999998,176.55700000000002,0.0173,0.0225
16.09.2020 08:25:18.980 GMT+0200,176.58,176.54500000000002,0.0173,0.0225
16.09.2020 08:25:19.142 GMT+0200,176.59799999999998,176.558,0.0173,0.0225
16.09.2020 08:25:19.915 GMT+0200,176.56799999999998,176.53,0.0173,0.0225
16.09.2020 08:25:20.077 GMT+0200,176.59799999999998,176.56,0.0173,0.0225
16.09.2020 08:25:21.958 GMT+0200,176.562,176.52700000000002,0.0173,0.0225
16.09.2020 08:25:22.688 GMT+0200,176.578,176.54500000000002,0.0173,0.0225
16.09.2020 08:25:22.859 GMT+0200,176.59400000000002,176.56400000000002,0.0173,0.0225
16.09.2020 08:25:23.171 GMT+0200,176.566,176.52700000000002,0.0173,0.0225
16.09.2020 08:28:02.185 GMT+0200,176.601,176.55900000000003,0.0173,0.0225
16.09.2020 08:28:38.420 GMT+0200,176.56400000000002,176.52700000000002,0.0173,0.0225
16.09.2020 08:28:38.958 GMT+0200,176.59799999999998,176.56400000000002,0.0173,0.0225
16.09.2020 08:28:40.130 GMT+0200,176.56799999999998,176.53,0.0173,0.0225
16.09.2020 08:29:44.986 GMT+0200,176.536,176.49400000000003,0.0173,0.0225
16.09.2020 08:29:45.857 GMT+0200,176.565,176.52700000000002,0.0173,0.0225
16.09.2020 08:29:57.977 GMT+0200,176.53400000000002,176.50099999999998,0.0173,0.0225
16.09.2020 08:30:00.114 GMT+0200,176.56900000000002,176.532,0.0173,0.0225
16.09.2020 08:30:00.165 GMT+0200,176.536,176.498,0.0173,0.0225
16.09.2020 08:30:07.235 GMT+0200,176.562,176.532,0.0173,0.0225
16.09.2020 08:34:02.614 GMT+0200,176.53799999999998,176.50099999999998,0.0173,0.0225
16.09.2020 08:34:13.323 GMT+0200,176.56900000000002,176.528,0.0173,0.0225
16.09.2020 08:36:00.598 GMT+0200,176.59599999999998,176.56400000000002,0.0173,0.0225
16.09.2020 08:36:03.789 GMT+0200,176.58400000000003,176.546,0.0173,0.0225
16.09.2020 08:36:07.163 GMT+0200,176.567,176.52900000000002,0.0173,0.0225
16.09.2020 08:36:10.815 GMT+0200,176.597,176.56099999999998,0.0173,0.0225
16.09.2020 08:36:22.229 GMT+0200,176.565,176.53,0.0173,0.0225
16.09.2020 08:36:23.393 GMT+0200,176.601,176.56400000000002,0.0173,0.0225
16.09.2020 08:36:37.769 GMT+0200,176.562,176.52599999999998,0.0173,0.0225
16.09.2020 08:40:26.826 GMT+0200,176.597,176.56400000000002,0.0173,0.0225
16.09.2020 08:41:02.274 GMT+0200,176.566,176.532,0.0173,0.0225
16.09.2020 08:41:02.432 GMT+0200,176.59799999999998,176.562,0.0173,0.0225
16.09.2020 08:43:03.565 GMT+0200,176.56900000000002,176.528,0.0173,0.0225
16.09.2020 08:43:04.619 GMT+0200,176.59900000000002,176.56,0.0173,0.0225
16.09.2020 08:45:23.100 GMT+0200,176.562,176.532,0.0173,0.0225
16.09.2020 08:45:23.150 GMT+0200,176.59400000000002,176.558,0.0173,0.0225
16.09.2020 08:45:28.621 GMT+0200,176.567,176.528,0.0173,0.0225
16.09.2020 08:45:30.279 GMT+0200,176.59900000000002,176.56,0.0173,0.0225
16.09.2020 08:45:35.570 GMT+0200,176.562,176.528,0.0173,0.0225
16.09.2020 08:46:34.124 GMT+0200,176.59400000000002,176.56099999999998,0.0173,0.0225
16.09.2020 08:47:49.236 GMT+0200,176.565,176.532,0.0173,0.0225
16.09.2020 08:47:49.509 GMT+0200,176.59900000000002,176.56400000000002,0.0173,0.0225
16.09.2020 08:47:50.682 GMT+0200,176.583,176.548,0.0173,0.0225
16.09.2020 08:47:52.868 GMT+0200,176.59599999999998,176.56,0.0173,0.0225
16.09.2020 08:48:00.448 GMT+0200,176.56900000000002,176.52599999999998,0.0173,0.0225
16.09.2020 08:48:00.675 GMT+0200,176.59900000000002,176.558,0.0173,0.0225
16.09.2020 08:48:02.257 GMT+0200,176.565,176.53,0.0173,0.0225
16.09.2020 08:48:44.500 GMT+0200,176.59599999999998,176.56400000000002,0.0173,0.0225
16.09.2020 08:54:01.938 GMT+0200,176.566,176.52900000000002,0.0173,0.0225
16.09.2020 08:57:36.289 GMT+0200,176.533,176.495,0.0173,0.0225
16.09.2020 08:57:38.245 GMT+0200,176.56799999999998,176.52599999999998,0.0173,0.0225
16.09.2020 08:59:36.525 GMT+0200,176.59400000000002,176.55900000000003,0.0173,0.0225
16.09.2020 08:59:36.725 GMT+0200,176.56900000000002,176.52900000000002,0.0173,0.0225
16.09.2020 08:59:41.773 GMT+0200,176.58200000000002,176.54500000000002,0.0173,0.0225
16.09.2020 08:59:41.909 GMT+0200,176.597,176.558,0.0173,0.0225
16.09.2020 08:59:45.472 GMT+0200,176.58200000000002,176.541,0.0173,0.0225
16.09.2020 08:59:45.588 GMT+0200,176.56400000000002,176.52900000000002,0.0173,0.0225
16.09.2020 08:59:50.082 GMT+0200,176.6,176.55700000000002,0.0173,0.0225
16.09.2020 09:00:10.185 GMT+0200,176.566,176.525,0.0173,0.0225
16.09.2020 09:00:18.470 GMT+0200,176.59799999999998,176.56099999999998,0.0173,0.0225
16.09.2020 09:00:27.020 GMT+0200,176.625,176.592,0.0173,0.0225
16.09.2020 09:00:28.443 GMT+0200,176.59799999999998,176.562,0.0173,0.0225
16.09.2020 09:00:28.589 GMT+0200,176.632,176.59,0.0173,0.0225
16.09.2020 09:00:36.747 GMT+0200,176.59799999999998,176.56,0.0173,0.0225
16.09.2020 09:00:36.851 GMT+0200,176.63,176.595,0.0173,0.0225
16.09.2020 09:00:36.901 GMT+0200,176.6,176.558,0.0173,0.0225
16.09.2020 09:00:37.091 GMT+0200,176.627,176.59099999999998,0.0173,0.0225
16.09.2020 09:03:04.486 GMT+0200,176.65900000000002,176.62099999999998,0.0173,0.0225
16.09.2020 09:03:06.195 GMT+0200,176.627,176.588,0.0173,0.0225
16.09.2020 09:03:12.168 GMT+0200,176.661,176.62599999999998,0.0173,0.0225
16.09.2020 09:03:35.585 GMT+0200,176.62900000000002,176.59,0.0173,0.0225
16.09.2020 09:04:01.502 GMT+0200,176.601,176.55900000000003,0.0173,0.0225
16.09.2020 09:04:04.192 GMT+0200,176.625,176.593,0.0173,0.0225
16.09.2020 09:05:12.100 GMT+0200,176.59900000000002,176.562,0.0173,0.0225
16.09.2020 09:05:16.993 GMT+0200,176.625,176.592,0.0173,0.0225
16.09.2020 09:05:37.167 GMT+0200,176.597,176.558,0.0173,0.0225
16.09.2020 09:05:39.147 GMT+0200,176.627,176.595,0.0173,0.0225
16.09.2020 09:05:39.330 GMT+0200,176.613,176.579,0.0173,0.0225
16.09.2020 09:05:41.243 GMT+0200,176.631,176.59,0.0173,0.0225
16.09.2020 09:05:42.969 GMT+0200,176.59799999999998,176.558,0.0173,0.0225
16.09.2020 09:05:54.972 GMT+0200,176.62900000000002,176.58900000000003,0.0173,0.0225
16.09.2020 09:05:55.177 GMT+0200,176.597,176.56400000000002,0.0173,0.0225
16.09.2020 09:05:58.275 GMT+0200,176.62900000000002,176.58900000000003,0.0173,0.0225
16.09.2020 09:06:28.223 GMT+0200,176.66,176.623,0.0173,0.0225
16.09.2020 09:06:28.772 GMT+0200,176.628,176.59099999999998,0.0173,0.0225
16.09.2020 09:06:28.971 GMT+0200,176.661,176.623,0.0173,0.0225
16.09.2020 09:06:31.120 GMT+0200,176.627,176.58900000000003,0.0173,0.0225
16.09.2020 09:06:35.207 GMT+0200,176.658,176.62400000000002,0.0173,0.0225
16.09.2020 09:06:39.533 GMT+0200,176.632,176.58900000000003,0.0173,0.0225
16.09.2020 09:06:39.673 GMT+0200,176.65900000000002,176.623,0.0173,0.0225
16.09.2020 09:08:18.581 GMT+0200,176.631,176.588,0.0173,0.0225
16.09.2020 09:08:18.755 GMT+0200,176.658,176.623,0.0173,0.0225
16.09.2020 09:08:28.205 GMT+0200,176.641,176.606,0.0173,0.0225
16.09.2020 09:08:28.321 GMT+0200,176.628,176.593,0.0173,0.0225
16.09.2020 09:08:29.275 GMT+0200,176.65599999999998,176.622,0.0173,0.0225
16.09.2020 09:09:34.008 GMT+0200,176.691,176.655,0.0173,0.0225
16.09.2020 09:09:35.822 GMT+0200,176.658,176.62099999999998,0.0173,0.0225
16.09.2020 09:12:27.264 GMT+0200,176.678,176.64200000000002,0.0173,0.0225
16.09.2020 09:12:27.382 GMT+0200,176.691,176.65099999999998,0.0173,0.0225
16.09.2020 09:12:29.342 GMT+0200,176.66299999999998,176.62599999999998,0.0173,0.0225
16.09.2020 09:12:29.768 GMT+0200,176.692,176.65,0.0173,0.0225
16.09.2020 09:12:31.274 GMT+0200,176.662,176.62599999999998,0.0173,0.0225
16.09.2020 09:12:31.584 GMT+0200,176.692,176.653,0.0173,0.0225
16.09.2020 09:12:36.078 GMT+0200,176.661,176.622,0.0173,0.0225
16.09.2020 09:12:37.707 GMT+0200,176.692,176.657,0.0173,0.0225
16.09.2020 09:12:48.897 GMT+0200,176.66,176.62,0.0173,0.0225
16.09.2020 09:12:49.074 GMT+0200,176.68900000000002,176.65099999999998,0.0173,0.0225
16.09.2020 09:12:49.827 GMT+0200,176.661,176.62599999999998,0.0173,0.0225
16.09.2020 09:12:49.959 GMT+0200,176.687,176.65400000000002,0.0173,0.0225
16.09.2020 09:12:52.932 GMT+0200,176.66,176.62400000000002,0.0173,0.0225
16.09.2020 09:12:53.177 GMT+0200,176.69299999999998,176.65400000000002,0.0173,0.0225
16.09.2020 09:12:54.361 GMT+0200,176.65599999999998,176.61900000000003,0.0173,0.0225
16.09.2020 09:12:55.854 GMT+0200,176.69299999999998,176.65200000000002,0.0173,0.0225
16.09.2020 09:12:56.472 GMT+0200,176.675,176.637,0.0173,0.0225
16.09.2020 09:13:00.222 GMT+0200,176.69400000000002,176.65,0.0173,0.0225
16.09.2020 09:13:05.971 GMT+0200,176.65900000000002,176.62,0.0173,0.0225
16.09.2020 09:13:06.125 GMT+0200,176.687,176.65099999999998,0.0173,0.0225
16.09.2020 09:13:57.657 GMT+0200,176.71900000000002,176.685,0.0173,0.0225
16.09.2020 09:14:00.568 GMT+0200,176.69,176.65400000000002,0.0173,0.0225
16.09.2020 09:14:02.317 GMT+0200,176.72400000000002,176.68599999999998,0.0173,0.0225
16.09.2020 09:14:16.060 GMT+0200,176.68900000000002,176.65,0.0173,0.0225
16.09.2020 09:14:16.274 GMT+0200,176.703,176.669,0.0173,0.0225
16.09.2020 09:14:17.507 GMT+0200,176.687,176.65,0.0173,0.0225
16.09.2020 09:14:22.388 GMT+0200,176.726,176.685,0.0173,0.0225
16.09.2020 09:14:54.604 GMT+0200,176.692,176.653,0.0173,0.0225
16.09.2020 09:14:56.310 GMT+0200,176.708,176.666,0.0173,0.0225
16.09.2020 09:14:57.929 GMT+0200,176.69299999999998,176.65099999999998,0.0173,0.0225
16.09.2020 09:15:01.565 GMT+0200,176.71900000000002,176.687,0.0173,0.0225
16.09.2020 09:15:04.207 GMT+0200,176.68900000000002,176.65200000000002,0.0173,0.0225
16.09.2020 09:15:05.634 GMT+0200,176.72400000000002,176.687,0.0173,0.0225
16.09.2020 09:19:15.883 GMT+0200,176.692,176.65099999999998,0.0173,0.0225
16.09.2020 09:21:04.655 GMT+0200,176.65599999999998,176.62099999999998,0.0173,0.0225
16.09.2020 09:21:05.135 GMT+0200,176.69400000000002,176.655,0.0173,0.0225
16.09.2020 09:21:05.673 GMT+0200,176.661,176.62,0.0173,0.0225
16.09.2020 09:21:05.783 GMT+0200,176.691,176.655,0.0173,0.0225
16.09.2020 09:21:06.874 GMT+0200,176.658,176.61900000000003,0.0173,0.0225
16.09.2020 09:21:11.397 GMT+0200,176.692,176.65099999999998,0.0173,0.0225
16.09.2020 09:21:27.019 GMT+0200,176.662,176.623,0.0173,0.0225
16.09.2020 09:21:35.984 GMT+0200,176.69299999999998,176.65400000000002,0.0173,0.0225
16.09.2020 09:21:39.814 GMT+0200,176.661,176.623,0.0173,0.0225
16.09.2020 09:22:04.453 GMT+0200,176.687,176.65099999999998,0.0173,0.0225
16.09.2020 09:23:23.048 GMT+0200,176.722,176.68900000000002,0.0173,0.0225
16.09.2020 09:23:52.517 GMT+0200,176.69400000000002,176.65400000000002,0.0173,0.0225
16.09.2020 09:23:52.702 GMT+0200,176.726,176.687,0.0173,0.0225
16.09.2020 09:24:27.961 GMT+0200,176.687,176.657,0.0173,0.0225
16.09.2020 09:24:28.041 GMT+0200,176.725,176.68599999999998,0.0173,0.0225
16.09.2020 09:27:12.270 GMT+0200,176.687,176.65,0.0173,0.0225
16.09.2020 09:27:12.429 GMT+0200,176.71900000000002,176.687,0.0173,0.0225
16.09.2020 09:27:12.650 GMT+0200,176.687,176.65200000000002,0.0173,0.0225
16.09.2020 09:27:12.723 GMT+0200,176.72099999999998,176.68599999999998,0.0173,0.0225
16.09.2020 09:27:45.270 GMT+0200,176.68900000000002,176.653,0.0173,0.0225
16.09.2020 09:27:47.013 GMT+0200,176.725,176.68900000000002,0.0173,0.0225
16.09.2020 09:27:49.778 GMT+0200,176.691,176.653,0.0173,0.0225
16.09.2020 09:29:17.518 GMT+0200,176.65900000000002,176.62400000000002,0.0173,0.0225
16.09.2020 09:30:08.347 GMT+0200,176.63,176.58900000000003,0.0173,0.0225
16.09.2020 09:30:08.504 GMT+0200,176.65599999999998,176.61900000000003,0.0173,0.0225
16.09.2020 09:30:14.180 GMT+0200,176.62900000000002,176.595,0.0173,0.0225
16.09.2020 09:30:29.384 GMT+0200,176.658,176.623,0.0173,0.0225
16.09.2020 09:30:29.649 GMT+0200,176.625,176.592,0.0173,0.0225
16.09.2020 09:31:45.991 GMT+0200,176.658,176.622,0.0173,0.0225
16.09.2020 09:31:46.128 GMT+0200,176.62900000000002,176.592,0.0173,0.0225
16.09.2020 09:31:49.276 GMT+0200,176.661,176.62599999999998,0.0173,0.0225
16.09.2020 09:32:00.443 GMT+0200,176.628,176.588,0.0173,0.0225
16.09.2020 09:32:24.582 GMT+0200,176.59799999999998,176.55700000000002,0.0173,0.0225
16.09.2020 09:32:24.816 GMT+0200,176.631,176.58900000000003,0.0173,0.0225
16.09.2020 09:32:28.563 GMT+0200,176.59400000000002,176.558,0.0173,0.0225
16.09.2020 09:32:28.613 GMT+0200,176.628,176.595,0.0173,0.0225
16.09.2020 09:32:31.659 GMT+0200,176.59900000000002,176.56099999999998,0.0173,0.0225
16.09.2020 09:33:00.467 GMT+0200,176.625,176.593,0.0173,0.0225
16.09.2020 09:33:00.677 GMT+0200,176.59599999999998,176.558,0.0173,0.0225
16.09.2020 09:33:26.956 GMT+0200,176.628,176.59,0.0173,0.0225
16.09.2020 09:33:27.077 GMT+0200,176.609,176.572,0.0173,0.0225
16.09.2020 09:33:27.376 GMT+0200,176.62900000000002,176.593,0.0173,0.0225
16.09.2020 09:33:33.450 GMT+0200,176.6,176.558,0.0173,0.0225
16.09.2020 09:34:05.393 GMT+0200,176.625,176.593,0.0173,0.0225
16.09.2020 09:36:31.091 GMT+0200,176.66299999999998,176.62,0.0173,0.0225
16.09.2020 09:36:34.533 GMT+0200,176.63,176.59,0.0173,0.0225
16.09.2020 09:36:46.224 GMT+0200,176.658,176.623,0.0173,0.0225
16.09.2020 09:36:49.575 GMT+0200,176.631,176.588,0.0173,0.0225
16.09.2020 09:37:02.109 GMT+0200,176.658,176.62099999999998,0.0173,0.0225
16.09.2020 09:37:04.784 GMT+0200,176.627,176.593,0.0173,0.0225
16.09.2020 09:37:09.572 GMT+0200,176.66299999999998,176.62599999999998,0.0173,0.0225
16.09.2020 09:37:28.811 GMT+0200,176.632,176.595,0.0173,0.0225
16.09.2020 09:37:58.132 GMT+0200,176.65599999999998,176.622,0.0173,0.0225
16.09.2020 09:37:58.382 GMT+0200,176.62900000000002,176.593,0.0173,0.0225
16.09.2020 09:38:10.495 GMT+0200,176.65599999999998,176.623,0.0173,0.0225
16.09.2020 09:38:10.618 GMT+0200,176.627,176.592,0.0173,0.0225
16.09.2020 09:38:25.589 GMT+0200,176.65599999999998,176.623,0.0173,0.0225
16.09.2020 09:39:39.306 GMT+0200,176.64700000000002,176.607,0.0173,0.0225
16.09.2020 09:39:39.429 GMT+0200,176.658,176.623,0.0173,0.0225
16.09.2020 09:40:08.214 GMT+0200,176.645,176.608,0.0173,0.0225
16.09.2020 09:40:08.318 GMT+0200,176.65599999999998,176.62400000000002,0.0173,0.0225
16.09.2020 09:41:49.442 GMT+0200,176.627,176.588,0.0173,0.0225
16.09.2020 09:41:53.596 GMT+0200,176.643,176.606,0.0173,0.0225
16.09.2020 09:41:53.850 GMT+0200,176.632,176.58900000000003,0.0173,0.0225
16.09.2020 09:42:02.489 GMT+0200,176.658,176.622,0.0173,0.0225
16.09.2020 09:42:02.591 GMT+0200,176.631,176.593,0.0173,0.0225
16.09.2020 09:42:05.889 GMT+0200,176.65599999999998,176.622,0.0173,0.0225
16.09.2020 09:42:08.992 GMT+0200,176.632,176.59099999999998,0.0173,0.0225
16.09.2020 09:42:22.232 GMT+0200,176.597,176.558,0.0173,0.0225
16.09.2020 09:42:46.469 GMT+0200,176.63,176.595,0.0173,0.0225
16.09.2020 09:45:00.480 GMT+0200,176.661,176.622,0.0173,0.0225
16.09.2020 09:45:17.763 GMT+0200,176.69,176.65099999999998,0.0173,0.0225
16.09.2020 09:45:18.419 GMT+0200,176.661,176.61900000000003,0.0173,0.0225
16.09.2020 09:47:15.222 GMT+0200,176.69299999999998,176.653,0.0173,0.0225
16.09.2020 09:47:32.808 GMT+0200,176.658,176.62599999999998,0.0173,0.0225
16.09.2020 09:47:34.250 GMT+0200,176.68900000000002,176.65400000000002,0.0173,0.0225
16.09.2020 09:47:56.038 GMT+0200,176.661,176.62599999999998,0.0173,0.0225
16.09.2020 09:47:56.193 GMT+0200,176.69400000000002,176.65099999999998,0.0173,0.0225
16.09.2020 09:48:06.361 GMT+0200,176.66,176.62400000000002,0.0173,0.0225
16.09.2020 09:48:06.723 GMT+0200,176.67900000000003,176.637,0.0173,0.0225
16.09.2020 09:48:06.956 GMT+0200,176.69400000000002,176.655,0.0173,0.0225
16.09.2020 09:48:08.324 GMT+0200,176.662,176.62599999999998,0.0173,0.0225
16.09.2020 09:48:10.660 GMT+0200,176.691,176.65,0.0173,0.0225
16.09.2020 09:48:46.720 GMT+0200,176.658,176.62,0.0173,0.0225
16.09.2020 09:48:49.366 GMT+0200,176.69400000000002,176.655,0.0173,0.0225
16.09.2020 09:50:49.024 GMT+0200,176.658,176.62,0.0173,0.0225
16.09.2020 09:52:58.438 GMT+0200,176.69,176.657,0.0173,0.0225
16.09.2020 09:53:20.811 GMT+0200,176.661,176.62400000000002,0.0173,0.0225
16.09.2020 09:53:56.869 GMT+0200,176.69299999999998,176.655,0.0173,0.0225
16.09.2020 09:54:46.447 GMT+0200,176.661,176.623,0.0173,0.0225
16.09.2020 09:54:50.263 GMT+0200,176.69,176.65200000000002,0.0173,0.0225
16.09.2020 09:55:06.307 GMT+0200,176.66299999999998,176.623,0.0173,0.0225
16.09.2020 09:56:01.147 GMT+0200,176.692,176.65099999999998,0.0173,0.0225
16.09.2020 09:56:04.135 GMT+0200,176.675,176.635,0.0173,0.0225
16.09.2020 09:56:04.243 GMT+0200,176.662,176.62,0.0173,0.0225
16.09.2020 09:56:05.099 GMT+0200,176.67900000000003,176.638,0.0173,0.0225
16.09.2020 09:56:05.268 GMT+0200,176.69400000000002,176.65200000000002,0.0173,0.0225
16.09.2020 09:57:42.800 GMT+0200,176.65900000000002,176.622,0.0173,0.0225
16.09.2020 09:58:02.097 GMT+0200,176.687,176.65,0.0173,0.0225
16.09.2020 09:59:34.028 GMT+0200,176.65599999999998,176.62599999999998,0.0173,0.0225
16.09.2020 09:59:34.178 GMT+0200,176.69299999999998,176.65099999999998,0.0173,0.0225
16.09.2020 10:02:40.111 GMT+0200,176.658,176.61900000000003,0.0173,0.0225
16.09.2020 10:02:48.941 GMT+0200,176.645,176.611,0.0173,0.0225
16.09.2020 10:02:49.048 GMT+0200,176.65599999999998,176.61900000000003,0.0173,0.0225
16.09.2020 10:03:07.297 GMT+0200,176.643,176.609,0.0173,0.0225
16.09.2020 10:03:07.598 GMT+0200,176.662,176.62099999999998,0.0173,0.0225
16.09.2020 10:03:09.741 GMT+0200,176.62900000000002,176.59,0.0173,0.0225
16.09.2020 10:03:32.471 GMT+0200,176.6,176.56099999999998,0.0173,0.0225
16.09.2020 10:03:55.978 GMT+0200,176.632,176.592,0.0173,0.0225
16.09.2020 10:03:59.658 GMT+0200,176.597,176.558,0.0173,0.0225
16.09.2020 10:05:37.095 GMT+0200,176.627,176.592,0.0173,0.0225
16.09.2020 10:05:37.255 GMT+0200,176.59599999999998,176.558,0.0173,0.0225
16.09.2020 10:06:47.853 GMT+0200,176.628,176.588,0.0173,0.0225
16.09.2020 10:07:01.200 GMT+0200,176.609,176.57500000000002,0.0173,0.0225
16.09.2020 10:07:04.752 GMT+0200,176.601,176.55700000000002,0.0173,0.0225
16.09.2020 10:07:19.202 GMT+0200,176.632,176.588,0.0173,0.0225
16.09.2020 10:07:20.812 GMT+0200,176.59900000000002,176.562,0.0173,0.0225
16.09.2020 10:07:27.121 GMT+0200,176.632,176.595,0.0173,0.0225
16.09.2020 10:07:51.074 GMT+0200,176.59900000000002,176.56099999999998,0.0173,0.0225
16.09.2020 10:08:43.375 GMT+0200,176.62900000000002,176.59099999999998,0.0173,0.0225
16.09.2020 10:08:43.498 GMT+0200,176.614,176.579,0.0173,0.0225
16.09.2020 10:08:43.942 GMT+0200,176.62900000000002,176.588,0.0173,0.0225
16.09.2020 10:08:44.492 GMT+0200,176.615,176.579,0.0173,0.0225
16.09.2020 10:08:45.330 GMT+0200,176.628,176.59099999999998,0.0173,0.0225
16.09.2020 10:08:50.306 GMT+0200,176.65900000000002,176.622,0.0173,0.0225
16.09.2020 10:09:10.796 GMT+0200,176.625,176.58900000000003,0.0173,0.0225
16.09.2020 10:10:25.982 GMT+0200,176.658,176.62599999999998,0.0173,0.0225
16.09.2020 10:12:00.113 GMT+0200,176.63,176.59,0.0173,0.0225
16.09.2020 10:12:08.864 GMT+0200,176.662,176.62,0.0173,0.0225
16.09.2020 10:12:14.150 GMT+0200,176.627,176.58900000000003,0.0173,0.0225
16.09.2020 10:12:14.359 GMT+0200,176.64700000000002,176.608,0.0173,0.0225
16.09.2020 10:12:16.171 GMT+0200,176.631,176.59099999999998,0.0173,0.0225
16.09.2020 10:14:53.891 GMT+0200,176.601,176.55900000000003,0.0173,0.0225
16.09.2020 10:14:55.740 GMT+0200,176.627,176.595,0.0173,0.0225
16.09.2020 10:15:56.974 GMT+0200,176.6,176.562,0.0173,0.0225
16.09.2020 10:16:00.720 GMT+0200,176.632,176.593,0.0173,0.0225
16.09.2020 10:16:19.879 GMT+0200,176.59599999999998,176.558,0.0173,0.0225
16.09.2020 10:17:02.616 GMT+0200,176.632,176.59,0.0173,0.0225
16.09.2020 10:17:02.893 GMT+0200,176.59900000000002,176.55900000000003,0.0173,0.0225
16.09.2020 10:17:07.872 GMT+0200,176.628,176.58900000000003,0.0173,0.0225
16.09.2020 10:17:10.774 GMT+0200,176.6,176.56400000000002,0.0173,0.0225
16.09.2020 10:17:11.055 GMT+0200,176.613,176.577,0.0173,0.0225
16.09.2020 10:17:13.550 GMT+0200,176.627,176.595,0.0173,0.0225
16.09.2020 10:17:53.764 GMT+0200,176.59599999999998,176.562,0.0173,0.0225
16.09.2020 10:18:25.194 GMT+0200,176.62900000000002,176.592,0.0173,0.0225
16.09.2020 10:18:26.939 GMT+0200,176.59400000000002,176.56099999999998,0.0173,0.0225
16.09.2020 10:19:12.572 GMT+0200,176.628,176.58900000000003,0.0173,0.0225
16.09.2020 10:19:19.807 GMT+0200,176.59599999999998,176.56099999999998,0.0173,0.0225
16.09.2020 10:19:36.028 GMT+0200,176.625,176.59099999999998,0.0173,0.0225
16.09.2020 10:19:37.324 GMT+0200,176.59599999999998,176.558,0.0173,0.0225
16.09.2020 10:20:03.080 GMT+0200,176.566,176.52700000000002,0.0173,0.0225
16.09.2020 10:20:11.918 GMT+0200,176.59599999999998,176.55700000000002,0.0173,0.0225
16.09.2020 10:20:18.210 GMT+0200,176.56799999999998,176.52900000000002,0.0173,0.0225
16.09.2020 10:20:19.379 GMT+0200,176.597,176.56099999999998,0.0173,0.0225
16.09.2020 10:20:20.842 GMT+0200,176.56400000000002,176.52599999999998,0.0173,0.0225
16.09.2020 10:20:39.383 GMT+0200,176.6,176.56099999999998,0.0173,0.0225
16.09.2020 10:20:41.064 GMT+0200,176.583,176.548,0.0173,0.0225
16.09.2020 10:20:42.543 GMT+0200,176.56900000000002,176.52700000000002,0.0173,0.0225
16.09.2020 10:20:50.268 GMT+0200,176.583,176.548,0.0173,0.0225
16.09.2020 10:20:50.375 GMT+0200,176.59599999999998,176.56,0.0173,0.0225
16.09.2020 10:22:00.259 GMT+0200,176.562,176.52700000000002,0.0173,0.0225
16.09.2020 10:22:01.622 GMT+0200,176.59799999999998,176.55700000000002,0.0173,0.0225
16.09.2020 10:22:04.447 GMT+0200,176.56400000000002,176.525,0.0173,0.0225
16.09.2020 10:22:28.203 GMT+0200,176.533,176.50099999999998,0.0173,0.0225
16.09.2020 10:23:01.877 GMT+0200,176.567,176.52700000000002,0.0173,0.0225
16.09.2020 10:23:17.406 GMT+0200,176.53799999999998,176.49900000000002,0.0173,0.0225
16.09.2020 10:23:19.462 GMT+0200,176.565,176.52900000000002,0.0173,0.0225
16.09.2020 10:23:24.933 GMT+0200,176.535,176.50099999999998,0.0173,0.0225
16.09.2020 10:23:44.449 GMT+0200,176.56900000000002,176.525,0.0173,0.0225
16.09.2020 10:23:44.605 GMT+0200,176.53400000000002,176.50099999999998,0.0173,0.0225
16.09.2020 10:23:50.878 GMT+0200,176.562,176.532,0.0173,0.0225
16.09.2020 10:23:51.808 GMT+0200,176.533,176.50099999999998,0.0173,0.0225
16.09.2020 10:24:22.706 GMT+0200,176.562,176.53,0.0173,0.0225
16.09.2020 10:26:22.443 GMT+0200,176.6,176.55900000000003,0.0173,0.0225
16.09.2020 10:26:22.594 GMT+0200,176.56799999999998,176.532,0.0173,0.0225
16.09.2020 10:27:37.623 GMT+0200,176.533,176.497,0.0173,0.0225
16.09.2020 10:27:37.725 GMT+0200,176.551,176.513,0.0173,0.0225
16.09.2020 10:27:37.845 GMT+0200,176.56799999999998,176.52900000000002,0.0173,0.0225
16.09.2020 10:27:38.371 GMT+0200,176.53099999999998,176.498,0.0173,0.0225
16.09.2020 10:27:38.421 GMT+0200,176.566,176.525,0.0173,0.0225
16.09.2020 10:27:39.240 GMT+0200,176.536,176.50099999999998,0.0173,0.0225
16.09.2020 10:27:40.038 GMT+0200,176.567,176.52900000000002,0.0173,0.0225
16.09.2020 10:28:13.776 GMT+0200,176.53099999999998,176.495,0.0173,0.0225
16.09.2020 10:28:19.066 GMT+0200,176.562,176.528,0.0173,0.0225
16.09.2020 10:28:19.326 GMT+0200,176.55,176.511,0.0173,0.0225
16.09.2020 10:28:19.994 GMT+0200,176.56799999999998,176.52900000000002,0.0173,0.0225
16.09.2020 10:28:20.248 GMT+0200,176.53400000000002,176.498,0.0173,0.0225
16.09.2020 10:28:21.805 GMT+0200,176.56400000000002,176.532,0.0173,0.0225
16.09.2020 10:28:25.575 GMT+0200,176.535,176.49900000000002,0.0173,0.0225
16.09.2020 10:28:25.886 GMT+0200,176.55,176.51,0.0173,0.0225
16.09.2020 10:28:26.477 GMT+0200,176.533,176.49900000000002,0.0173,0.0225
16.09.2020 10:28:35.578 GMT+0200,176.567,176.52900000000002,0.0173,0.0225
16.09.2020 10:33:02.492 GMT+0200,176.537,176.50099999999998,0.0173,0.0225
16.09.2020 10:33:03.788 GMT+0200,176.566,176.53,0.0173,0.0225
16.09.2020 10:33:11.962 GMT+0200,176.533,176.497,0.0173,0.0225
16.09.2020 10:33:14.926 GMT+0200,176.562,176.532,0.0173,0.0225
16.09.2020 10:33:16.275 GMT+0200,176.53400000000002,176.50099999999998,0.0173,0.0225
16.09.2020 10:33:16.637 GMT+0200,176.565,176.525,0.0173,0.0225
16.09.2020 10:33:18.159 GMT+0200,176.53799999999998,176.49599999999998,0.0173,0.0225
16.09.2020 10:33:18.467 GMT+0200,176.551,176.512,0.0173,0.0225
16.09.2020 10:33:18.592 GMT+0200,176.56900000000002,176.52900000000002,0.0173,0.0225
16.09.2020 10:33:18.710 GMT+0200,176.536,176.49599999999998,0.0173,0.0225
16.09.2020 10:33:51.440 GMT+0200,176.565,176.52900000000002,0.0173,0.0225
16.09.2020 10:36:04.868 GMT+0200,176.537,176.49599999999998,0.0173,0.0225
16.09.2020 10:37:08.365 GMT+0200,176.566,176.52900000000002,0.0173,0.0225
16.09.2020 10:38:09.224 GMT+0200,176.53400000000002,176.498,0.0173,0.0225
16.09.2020 10:38:46.345 GMT+0200,176.565,176.525,0.0173,0.0225
16.09.2020 10:40:05.341 GMT+0200,176.53400000000002,176.50099999999998,0.0173,0.0225
16.09.2020 10:41:02.544 GMT+0200,176.562,176.532,0.0173,0.0225
16.09.2020 10:42:17.769 GMT+0200,176.53799999999998,176.50099999999998,0.0173,0.0225
16.09.2020 10:45:26.108 GMT+0200,176.562,176.52900000000002,0.0173,0.0225
16.09.2020 10:45:26.212 GMT+0200,176.537,176.498,0.0173,0.0225
16.09.2020 10:45:26.342 GMT+0200,176.549,176.514,0.0173,0.0225
16.09.2020 10:45:26.522 GMT+0200,176.53799999999998,176.497,0.0173,0.0225
16.09.2020 10:46:04.830 GMT+0200,176.565,176.53,0.0173,0.0225
16.09.2020 10:46:06.814 GMT+0200,176.53400000000002,176.50099999999998,0.0173,0.0225
16.09.2020 10:46:07.530 GMT+0200,176.56900000000002,176.525,0.0173,0.0225
16.09.2020 10:48:24.842 GMT+0200,176.601,176.56400000000002,0.0173,0.0225
16.09.2020 10:48:24.908 GMT+0200,176.565,176.532,0.0173,0.0225
16.09.2020 10:48:25.856 GMT+0200,176.58400000000003,176.542,0.0173,0.0225
16.09.2020 10:48:28.058 GMT+0200,176.562,176.53,0.0173,0.0225
16.09.2020 10:49:08.893 GMT+0200,176.58200000000002,176.541,0.0173,0.0225
16.09.2020 10:49:11.794 GMT+0200,176.562,176.532,0.0173,0.0225
16.09.2020 10:49:16.400 GMT+0200,176.58,176.541,0.0173,0.0225
16.09.2020 10:49:16.672 GMT+0200,176.565,176.52599999999998,0.0173,0.0225
16.09.2020 10:49:17.943 GMT+0200,176.58,176.541,0.0173,0.0225
16.09.2020 10:49:26.899 GMT+0200,176.601,176.55700000000002,0.0173,0.0225
16.09.2020 10:50:00.407 GMT+0200,176.578,176.544,0.0173,0.0225
16.09.2020 10:50:00.517 GMT+0200,176.59900000000002,176.56400000000002,0.0173,0.0225
16.09.2020 10:53:02.291 GMT+0200,176.56400000000002,176.52599999999998,0.0173,0.0225
16.09.2020 10:56:00.768 GMT+0200,176.59599999999998,176.56400000000002,0.0173,0.0225
16.09.2020 10:56:06.848 GMT+0200,176.567,176.52900000000002,0.0173,0.0225
16.09.2020 10:56:10.119 GMT+0200,176.58,176.543,0.0173,0.0225
16.09.2020 10:56:10.290 GMT+0200,176.6,176.55900000000003,0.0173,0.0225
16.09.2020 10:56:11.286 GMT+0200,176.565,176.528,0.0173,0.0225
16.09.2020 10:56:32.467 GMT+0200,176.59400000000002,176.558,0.0173,0.0225
16.09.2020 10:57:51.034 GMT+0200,176.565,176.532,0.0173,0.0225
16.09.2020 10:58:49.360 GMT+0200,176.59900000000002,176.55900000000003,0.0173,0.0225
16.09.2020 10:58:49.908 GMT+0200,176.56900000000002,176.532,0.0173,0.0225
16.09.2020 10:59:01.230 GMT+0200,176.597,176.56400000000002,0.0173,0.0225
16.09.2020 11:00:11.326 GMT+0200,176.63,176.588,0.0173,0.0225
16.09.2020 11:00:16.052 GMT+0200,176.59599999999998,176.56,0.0173,0.0225
16.09.2020 11:00:43.299 GMT+0200,176.625,176.59,0.0173,0.0225
16.09.2020 11:00:43.575 GMT+0200,176.59400000000002,176.56,0.0173,0.0225
16.09.2020 11:01:49.197 GMT+0200,176.567,176.525,0.0173,0.0225
16.09.2020 11:01:50.192 GMT+0200,176.59400000000002,176.56099999999998,0.0173,0.0225
16.09.2020 11:02:01.247 GMT+0200,176.56900000000002,176.528,0.0173,0.0225
16.09.2020 11:02:02.055 GMT+0200,176.59900000000002,176.55700000000002,0.0173,0.0225
16.09.2020 11:02:02.378 GMT+0200,176.562,176.528,0.0173,0.0225
16.09.2020 11:02:10.093 GMT+0200,176.59400000000002,176.55900000000003,0.0173,0.0225
16.09.2020 11:02:10.371 GMT+0200,176.56400000000002,176.52599999999998,0.0173,0.0225
16.09.2020 11:02:24.511 GMT+0200,176.59599999999998,176.562,0.0173,0.0225
16.09.2020 11:02:24.822 GMT+0200,176.562,176.53,0.0173,0.0225
16.09.2020 11:03:12.014 GMT+0200,176.59799999999998,176.56099999999998,0.0173,0.0225
16.09.2020 11:04:01.200 GMT+0200,176.625,176.59099999999998,0.0173,0.0225
16.09.2020 11:04:01.547 GMT+0200,176.59599999999998,176.56099999999998,0.0173,0.0225
16.09.2020 11:04:03.270 GMT+0200,176.62900000000002,176.59,0.0173,0.0225
16.09.2020 11:04:24.368 GMT+0200,176.597,176.55900000000003,0.0173,0.0225
16.09.2020 11:04:39.890 GMT+0200,176.625,176.58900000000003,0.0173,0.0225
16.09.2020 11:04:41.329 GMT+0200,176.6,176.56400000000002,0.0173,0.0225
16.09.2020 11:04:42.484 GMT+0200,176.631,176.59099999999998,0.0173,0.0225
16.09.2020 11:04:56.819 GMT+0200,176.59799999999998,176.558,0.0173,0.0225
16.09.2020 11:04:58.006 GMT+0200,176.631,176.59099999999998,0.0173,0.0225
16.09.2020 11:05:04.667 GMT+0200,176.613,176.577,0.0173,0.0225
16.09.2020 11:05:04.833 GMT+0200,176.627,176.59099999999998,0.0173,0.0225
16.09.2020 11:05:11.406 GMT+0200,176.59599999999998,176.562,0.0173,0.0225
16.09.2020 11:05:11.526 GMT+0200,176.632,176.59,0.0173,0.0225
16.09.2020 11:05:20.832 GMT+0200,176.59900000000002,176.56,0.0173,0.0225
16.09.2020 11:05:28.580 GMT+0200,176.627,176.588,0.0173,0.0225
16.09.2020 11:06:53.821 GMT+0200,176.65900000000002,176.62400000000002,0.0173,0.0225
16.09.2020 11:06:54.194 GMT+0200,176.628,176.593,0.0173,0.0225
16.09.2020 11:06:55.120 GMT+0200,176.643,176.604,0.0173,0.0225
16.09.2020 11:06:55.652 GMT+0200,176.66,176.623,0.0173,0.0225
16.09.2020 11:07:04.331 GMT+0200,176.632,176.595,0.0173,0.0225
16.09.2020 11:07:06.120 GMT+0200,176.65900000000002,176.62,0.0173,0.0225
16.09.2020 11:07:12.044 GMT+0200,176.631,176.59099999999998,0.0173,0.0225
16.09.2020 11:07:12.673 GMT+0200,176.662,176.62599999999998,0.0173,0.0225
16.09.2020 11:10:02.420 GMT+0200,176.648,176.605,0.0173,0.0225
16.09.2020 11:10:02.522 GMT+0200,176.658,176.62400000000002,0.0173,0.0225
16.09.2020 11:10:14.819 GMT+0200,176.62900000000002,176.595,0.0173,0.0225
16.09.2020 11:10:40.452 GMT+0200,176.662,176.62400000000002,0.0173,0.0225
16.09.2020 11:11:01.021 GMT+0200,176.628,176.593,0.0173,0.0225
16.09.2020 11:11:46.214 GMT+0200,176.66,176.61900000000003,0.0173,0.0225
16.09.2020 11:12:02.437 GMT+0200,176.641,176.606,0.0173,0.0225
16.09.2020 11:12:05.655 GMT+0200,176.62900000000002,176.592,0.0173,0.0225
16.09.2020 11:13:10.793 GMT+0200,176.59799999999998,176.56,0.0173,0.0225
16.09.2020 11:13:18.025 GMT+0200,176.631,176.58900000000003,0.0173,0.0225
16.09.2020 11:13:18.185 GMT+0200,176.614,176.572,0.0173,0.0225
16.09.2020 11:13:20.585 GMT+0200,176.6,176.56400000000002,0.0173,0.0225
16.09.2020 11:13:24.938 GMT+0200,176.627,176.59099999999998,0.0173,0.0225
16.09.2020 11:13:37.584 GMT+0200,176.6,176.56400000000002,0.0173,0.0225
16.09.2020 11:13:38.071 GMT+0200,176.63,176.59,0.0173,0.0225
16.09.2020 11:16:02.648 GMT+0200,176.59900000000002,176.56099999999998,0.0173,0.0225
16.09.2020 11:16:03.747 GMT+0200,176.627,176.59,0.0173,0.0225
16.09.2020 11:17:14.953 GMT+0200,176.59799999999998,176.56099999999998,0.0173,0.0225
16.09.2020 11:17:15.117 GMT+0200,176.627,176.58900000000003,0.0173,0.0225
16.09.2020 11:17:18.667 GMT+0200,176.597,176.558,0.0173,0.0225
16.09.2020 11:17:18.809 GMT+0200,176.61599999999999,176.573,0.0173,0.0225
16.09.2020 11:17:19.155 GMT+0200,176.6,176.56099999999998,0.0173,0.0225
16.09.2020 11:17:19.285 GMT+0200,176.62900000000002,176.595,0.0173,0.0225
16.09.2020 11:17:28.997 GMT+0200,176.59599999999998,176.562,0.0173,0.0225
16.09.2020 11:17:29.211 GMT+0200,176.631,176.59,0.0173,0.0225
16.09.2020 11:18:38.831 GMT+0200,176.6,176.56099999999998,0.0173,0.0225
16.09.2020 11:18:40.968 GMT+0200,176.625,176.59,0.0173,0.0225
16.09.2020 11:25:46.946 GMT+0200,176.627,176.592,0.0173,0.0225
16.09.2020 11:27:54.624 GMT+0200,176.59599999999998,176.562,0.0173,0.0225
16.09.2020 11:29:18.135 GMT+0200,176.632,176.58900000000003,0.0173,0.0225
16.09.2020 11:31:13.591 GMT+0200,176.59799999999998,176.558,0.0173,0.0225
16.09.2020 11:31:13.700 GMT+0200,176.611,176.576,0.0173,0.0225
16.09.2020 11:31:13.846 GMT+0200,176.632,176.588,0.0173,0.0225
16.09.2020 11:31:15.057 GMT+0200,176.59400000000002,176.56,0.0173,0.0225
16.09.2020 11:31:15.713 GMT+0200,176.615,176.57500000000002,0.0173,0.0225
16.09.2020 11:31:19.916 GMT+0200,176.62900000000002,176.595,0.0173,0.0225
16.09.2020 11:35:32.811 GMT+0200,176.59400000000002,176.558,0.0173,0.0225
16.09.2020 11:35:33.069 GMT+0200,176.56400000000002,176.53,0.0173,0.0225
16.09.2020 11:35:39.963 GMT+0200,176.597,176.562,0.0173,0.0225
16.09.2020 11:35:45.114 GMT+0200,176.562,176.53,0.0173,0.0225
16.09.2020 11:35:54.648 GMT+0200,176.583,176.54500000000002,0.0173,0.0225
16.09.2020 11:35:54.758 GMT+0200,176.6,176.562,0.0173,0.0225
16.09.2020 11:35:58.850 GMT+0200,176.562,176.528,0.0173,0.0225
16.09.2020 11:36:00.195 GMT+0200,176.6,176.56400000000002,0.0173,0.0225
16.09.2020 11:36:00.729 GMT+0200,176.56900000000002,176.52900000000002,0.0173,0.0225
16.09.2020 11:36:22.277 GMT+0200,176.59599999999998,176.562,0.0173,0.0225
16.09.2020 11:36:24.772 GMT+0200,176.567,176.52900000000002,0.0173,0.0225
16.09.2020 11:36:39.588 GMT+0200,176.597,176.55700000000002,0.0173,0.0225
16.09.2020 11:41:30.252 GMT+0200,176.566,176.52599999999998,0.0173,0.0225
16.09.2020 11:41:35.096 GMT+0200,176.59599999999998,176.56,0.0173,0.0225
16.09.2020 11:41:35.411 GMT+0200,176.566,176.53,0.0173,0.0225
16.09.2020 11:41:38.363 GMT+0200,176.59400000000002,176.55900000000003,0.0173,0.0225
16.09.2020 11:41:49.776 GMT+0200,176.56799999999998,176.52900000000002,0.0173,0.0225
16.09.2020 11:42:07.057 GMT+0200,176.601,176.56400000000002,0.0173,0.0225
16.09.2020 11:42:55.885 GMT+0200,176.585,176.54500000000002,0.0173,0.0225
16.09.2020 11:42:56.001 GMT+0200,176.6,176.562,0.0173,0.0225
16.09.2020 11:43:01.349 GMT+0200,176.567,176.53,0.0173,0.0225
16.09.2020 11:44:08.676 GMT+0200,176.597,176.562,0.0173,0.0225
16.09.2020 11:44:10.241 GMT+0200,176.562,176.52700000000002,0.0173,0.0225
16.09.2020 11:45:00.509 GMT+0200,176.59799999999998,176.558,0.0173,0.0225
16.09.2020 11:45:02.220 GMT+0200,176.56900000000002,176.52900000000002,0.0173,0.0225
16.09.2020 11:46:57.829 GMT+0200,176.6,176.56,0.0173,0.0225
16.09.2020 11:46:58.631 GMT+0200,176.567,176.53,0.0173,0.0225
16.09.2020 11:46:59.297 GMT+0200,176.59799999999998,176.56,0.0173,0.0225
16.09.2020 11:47:00.400 GMT+0200,176.56900000000002,176.525,0.0173,0.0225
16.09.2020 11:47:28.167 GMT+0200,176.601,176.56400000000002,0.0173,0.0225
16.09.2020 11:47:28.619 GMT+0200,176.56400000000002,176.532,0.0173,0.0225
16.09.2020 11:47:29.522 GMT+0200,176.59599999999998,176.562,0.0173,0.0225
16.09.2020 11:47:32.431 GMT+0200,176.566,176.525,0.0173,0.0225
16.09.2020 11:47:53.852 GMT+0200,176.59900000000002,176.558,0.0173,0.0225
16.09.2020 11:48:02.080 GMT+0200,176.562,176.532,0.0173,0.0225
16.09.2020 11:48:56.982 GMT+0200,176.59799999999998,176.55700000000002,0.0173,0.0225
16.09.2020 11:48:57.268 GMT+0200,176.562,176.52700000000002,0.0173,0.0225
16.09.2020 11:49:00.091 GMT+0200,176.583,176.544,0.0173,0.0225
16.09.2020 11:49:00.308 GMT+0200,176.56400000000002,176.52599999999998,0.0173,0.0225
16.09.2020 11:51:05.225 GMT+0200,176.56900000000002,176.525,0.0173,0.0225
16.09.2020 11:56:38.584 GMT+0200,176.53799999999998,176.49400000000003,0.0173,0.0225
16.09.2020 11:59:20.150 GMT+0200,176.565,176.525,0.0173,0.0225
16.09.2020 11:59:31.296 GMT+0200,176.533,176.49599999999998,0.0173,0.0225
16.09.2020 12:01:02.714 GMT+0200,176.565,176.52900000000002,0.0173,0.0225
16.09.2020 12:03:59.623 GMT+0200,176.6,176.56099999999998,0.0173,0.0225
16.09.2020 12:03:59.835 GMT+0200,176.56400000000002,176.528,0.0173,0.0225
16.09.2020 12:04:00.429 GMT+0200,176.59599999999998,176.55900000000003,0.0173,0.0225
16.09.2020 12:04:01.867 GMT+0200,176.565,176.53,0.0173,0.0225
16.09.2020 12:04:03.051 GMT+0200,176.59599999999998,176.56400000000002,0.0173,0.0225
16.09.2020 12:08:05.952 GMT+0200,176.63,176.592,0.0173,0.0225
16.09.2020 12:08:45.355 GMT+0200,176.59599999999998,176.56,0.0173,0.0225
16.09.2020 12:08:45.572 GMT+0200,176.631,176.58900000000003,0.0173,0.0225
16.09.2020 12:08:46.290 GMT+0200,176.601,176.558,0.0173,0.0225
16.09.2020 12:08:47.247 GMT+0200,176.611,176.574,0.0173,0.0225
16.09.2020 12:08:47.625 GMT+0200,176.628,176.59099999999998,0.0173,0.0225
16.09.2020 12:09:19.782 GMT+0200,176.628,176.58900000000003,0.0173,0.0225
16.09.2020 12:09:31.190 GMT+0200,176.65599999999998,176.61900000000003,0.0173,0.0225
16.09.2020 12:09:33.115 GMT+0200,176.62900000000002,176.592,0.0173,0.0225
16.09.2020 12:09:39.053 GMT+0200,176.661,176.622,0.0173,0.0225
16.09.2020 12:10:53.954 GMT+0200,176.64700000000002,176.606,0.0173,0.0225
16.09.2020 12:10:54.065 GMT+0200,176.625,176.593,0.0173,0.0225
16.09.2020 12:24:50.890 GMT+0200,176.59599999999998,176.558,0.0173,0.0225
16.09.2020 12:24:51.120 GMT+0200,176.628,176.595,0.0173,0.0225
16.09.2020 12:32:02.056 GMT+0200,176.65900000000002,176.623,0.0173,0.0225
16.09.2020 12:32:29.455 GMT+0200,176.692,176.657,0.0173,0.0225
16.09.2020 12:32:57.093 GMT+0200,176.65599999999998,176.62,0.0173,0.0225
16.09.2020 12:32:57.840 GMT+0200,176.68900000000002,176.65099999999998,0.0173,0.0225
16.09.2020 12:36:53.654 GMT+0200,176.726,176.68900000000002,0.0173,0.0225
16.09.2020 12:36:53.738 GMT+0200,176.691,176.65099999999998,0.0173,0.0225
16.09.2020 12:36:54.716 GMT+0200,176.72299999999998,176.683,0.0173,0.0225
16.09.2020 12:38:05.544 GMT+0200,176.755,176.715,0.0173,0.0225
16.09.2020 12:38:27.976 GMT+0200,176.722,176.68599999999998,0.0173,0.0225
16.09.2020 12:38:30.983 GMT+0200,176.753,176.713,0.0173,0.0225
16.09.2020 12:38:31.129 GMT+0200,176.72099999999998,176.68900000000002,0.0173,0.0225
16.09.2020 12:41:36.213 GMT+0200,176.752,176.71400000000003,0.0173,0.0225
16.09.2020 12:45:20.682 GMT+0200,176.783,176.748,0.0173,0.0225
16.09.2020 12:45:21.024 GMT+0200,176.752,176.717,0.0173,0.0225
16.09.2020 12:46:30.024 GMT+0200,176.725,176.68900000000002,0.0173,0.0225
16.09.2020 12:46:30.710 GMT+0200,176.75400000000002,176.72,0.0173,0.0225
16.09.2020 12:46:38.598 GMT+0200,176.72099999999998,176.68900000000002,0.0173,0.0225
16.09.2020 12:46:38.803 GMT+0200,176.753,176.71599999999998,0.0173,0.0225
16.09.2020 12:46:39.666 GMT+0200,176.71900000000002,176.687,0.0173,0.0225
16.09.2020 12:46:58.319 GMT+0200,176.752,176.718,0.0173,0.0225
16.09.2020 12:46:58.865 GMT+0200,176.72400000000002,176.68400000000003,0.0173,0.0225
16.09.2020 12:48:14.164 GMT+0200,176.69400000000002,176.653,0.0173,0.0225
16.09.2020 12:49:29.486 GMT+0200,176.722,176.687,0.0173,0.0225
16.09.2020 12:49:37.074 GMT+0200,176.69400000000002,176.65400000000002,0.0173,0.0225
16.09.2020 12:49:37.192 GMT+0200,176.706,176.671,0.0173,0.0225
16.09.2020 12:49:37.948 GMT+0200,176.69299999999998,176.65099999999998,0.0173,0.0225
16.09.2020 12:49:38.996 GMT+0200,176.722,176.687,0.0173,0.0225
16.09.2020 12:50:20.339 GMT+0200,176.68900000000002,176.653,0.0173,0.0225
16.09.2020 12:50:24.294 GMT+0200,176.72299999999998,176.68599999999998,0.0173,0.0225
16.09.2020 12:50:24.516 GMT+0200,176.692,176.65200000000002,0.0173,0.0225
16.09.2020 12:51:22.916 GMT+0200,176.71900000000002,176.687,0.0173,0.0225
16.09.2020 12:51:34.656 GMT+0200,176.691,176.65400000000002,0.0173,0.0225
16.09.2020 12:51:43.210 GMT+0200,176.72299999999998,176.68400000000003,0.0173,0.0225
16.09.2020 12:51:44.351 GMT+0200,176.691,176.65099999999998,0.0173,0.0225
16.09.2020 12:51:48.176 GMT+0200,176.726,176.687,0.0173,0.0225
16.09.2020 12:51:52.315 GMT+0200,176.70700000000002,176.673,0.0173,0.0225
16.09.2020 12:51:53.473 GMT+0200,176.691,176.657,0.0173,0.0225
16.09.2020 12:51:57.403 GMT+0200,176.722,176.687,0.0173,0.0225
16.09.2020 12:52:21.310 GMT+0200,176.75,176.717,0.0173,0.0225
16.09.2020 12:53:59.742 GMT+0200,176.72299999999998,176.68400000000003,0.0173,0.0225
16.09.2020 12:54:00.408 GMT+0200,176.753,176.717,0.0173,0.0225
16.09.2020 12:55:03.697 GMT+0200,176.722,176.68200000000002,0.0173,0.0225
16.09.2020 12:55:30.075 GMT+0200,176.705,176.673,0.0173,0.0225
16.09.2020 12:55:30.285 GMT+0200,176.722,176.68599999999998,0.0173,0.0225
16.09.2020 13:00:23.572 GMT+0200,176.756,176.713,0.0173,0.0225
16.09.2020 13:00:28.890 GMT+0200,176.74099999999999,176.699,0.0173,0.0225
16.09.2020 13:00:29.028 GMT+0200,176.752,176.718,0.0173,0.0225
16.09.2020 13:00:29.435 GMT+0200,176.736,176.698,0.0173,0.0225
16.09.2020 13:00:29.583 GMT+0200,176.72400000000002,176.68900000000002,0.0173,0.0225
16.09.2020 13:02:19.810 GMT+0200,176.753,176.72,0.0173,0.0225
16.09.2020 13:02:20.826 GMT+0200,176.73700000000002,176.702,0.0173,0.0225
16.09.2020 13:02:20.968 GMT+0200,176.726,176.687,0.0173,0.0225
16.09.2020 13:02:32.737 GMT+0200,176.757,176.71599999999998,0.0173,0.0225
16.09.2020 13:02:32.914 GMT+0200,176.722,176.68200000000002,0.0173,0.0225
16.09.2020 13:02:49.754 GMT+0200,176.74,176.701,0.0173,0.0225
16.09.2020 13:02:50.055 GMT+0200,176.75,176.715,0.0173,0.0225
16.09.2020 13:02:56.376 GMT+0200,176.71900000000002,176.687,0.0173,0.0225
16.09.2020 13:03:01.214 GMT+0200,176.75400000000002,176.717,0.0173,0.0225
16.09.2020 13:03:01.583 GMT+0200,176.71900000000002,176.68200000000002,0.0173,0.0225
16.09.2020 13:03:01.893 GMT+0200,176.75400000000002,176.72,0.0173,0.0225
16.09.2020 13:03:18.985 GMT+0200,176.771,176.731,0.0173,0.0225
16.09.2020 13:03:19.097 GMT+0200,176.78099999999998,176.74400000000003,0.0173,0.0225
16.09.2020 13:05:54.432 GMT+0200,176.81799999999998,176.77599999999998,0.0173,0.0225
16.09.2020 13:06:24.127 GMT+0200,176.78799999999998,176.748,0.0173,0.0225
16.09.2020 13:06:24.280 GMT+0200,176.815,176.77700000000002,0.0173,0.0225
16.09.2020 13:06:25.155 GMT+0200,176.783,176.747,0.0173,0.0225
16.09.2020 13:06:25.273 GMT+0200,176.80200000000002,176.76,0.0173,0.0225
16.09.2020 13:06:25.655 GMT+0200,176.815,176.782,0.0173,0.0225
16.09.2020 13:06:26.809 GMT+0200,176.8,176.762,0.0173,0.0225
16.09.2020 13:06:27.160 GMT+0200,176.783,176.748,0.0173,0.0225
16.09.2020 13:06:35.088 GMT+0200,176.816,176.78,0.0173,0.0225
16.09.2020 13:06:42.010 GMT+0200,176.787,176.74900000000002,0.0173,0.0225
16.09.2020 13:06:42.357 GMT+0200,176.817,176.778,0.0173,0.0225
16.09.2020 13:07:18.783 GMT+0200,176.84400000000002,176.80900000000003,0.0173,0.0225
16.09.2020 13:07:48.736 GMT+0200,176.81900000000002,176.77599999999998,0.0173,0.0225
16.09.2020 13:07:54.306 GMT+0200,176.84400000000002,176.808,0.0173,0.0225
16.09.2020 13:08:45.232 GMT+0200,176.812,176.77700000000002,0.0173,0.0225
16.09.2020 13:08:45.285 GMT+0200,176.84799999999998,176.81099999999998,0.0173,0.0225
16.09.2020 13:08:53.621 GMT+0200,176.81799999999998,176.782,0.0173,0.0225
16.09.2020 13:08:54.140 GMT+0200,176.84799999999998,176.81099999999998,0.0173,0.0225
16.09.2020 13:08:59.101 GMT+0200,176.81799999999998,176.77900000000002,0.0173,0.0225
16.09.2020 13:08:59.814 GMT+0200,176.84799999999998,176.80700000000002,0.0173,0.0225
16.09.2020 13:09:00.485 GMT+0200,176.816,176.77700000000002,0.0173,0.0225
16.09.2020 13:09:01.387 GMT+0200,176.84599999999998,176.81,0.0173,0.0225
16.09.2020 13:09:18.928 GMT+0200,176.817,176.77900000000002,0.0173,0.0225
16.09.2020 13:09:19.357 GMT+0200,176.84400000000002,176.81099999999998,0.0173,0.0225
16.09.2020 13:10:43.975 GMT+0200,176.817,176.775,0.0173,0.0225
16.09.2020 13:10:44.106 GMT+0200,176.85,176.80700000000002,0.0173,0.0225
16.09.2020 13:10:44.299 GMT+0200,176.81400000000002,176.78,0.0173,0.0225
16.09.2020 13:10:45.074 GMT+0200,176.84799999999998,176.80700000000002,0.0173,0.0225
16.09.2020 13:10:45.497 GMT+0200,176.81799999999998,176.775,0.0173,0.0225
16.09.2020 13:10:49.234 GMT+0200,176.851,176.80700000000002,0.0173,0.0225
16.09.2020 13:11:00.189 GMT+0200,176.81900000000002,176.77599999999998,0.0173,0.0225
16.09.2020 13:11:04.883 GMT+0200,176.84900000000002,176.81400000000002,0.0173,0.0225
16.09.2020 13:11:05.886 GMT+0200,176.83,176.79500000000002,0.0173,0.0225
16.09.2020 13:11:07.523 GMT+0200,176.816,176.77599999999998,0.0173,0.0225
16.09.2020 13:15:21.777 GMT+0200,176.81900000000002,176.775,0.0173,0.0225
16.09.2020 13:18:29.313 GMT+0200,176.851,176.80900000000003,0.0173,0.0225
16.09.2020 13:18:29.496 GMT+0200,176.815,176.78,0.0173,0.0225
16.09.2020 13:20:02.553 GMT+0200,176.84400000000002,176.808,0.0173,0.0225
16.09.2020 13:20:07.219 GMT+0200,176.815,176.78,0.0173,0.0225
16.09.2020 13:20:08.095 GMT+0200,176.84400000000002,176.812,0.0173,0.0225
16.09.2020 13:21:12.194 GMT+0200,176.81799999999998,176.77599999999998,0.0173,0.0225
16.09.2020 13:23:40.720 GMT+0200,176.84599999999998,176.812,0.0173,0.0225
16.09.2020 13:26:02.385 GMT+0200,176.851,176.81,0.0173,0.0225
16.09.2020 13:27:44.081 GMT+0200,176.847,176.81400000000002,0.0173,0.0225
16.09.2020 13:30:27.695 GMT+0200,176.81400000000002,176.77700000000002,0.0173,0.0225
16.09.2020 13:31:06.572 GMT+0200,176.851,176.81,0.0173,0.0225
16.09.2020 13:36:05.478 GMT+0200,176.881,176.838,0.0173,0.0225
16.09.2020 13:36:05.730 GMT+0200,176.84900000000002,176.812,0.0173,0.0225
16.09.2020 13:36:16.768 GMT+0200,176.878,176.843,0.0173,0.0225
16.09.2020 13:36:17.257 GMT+0200,176.84900000000002,176.80700000000002,0.0173,0.0225
16.09.2020 13:36:17.437 GMT+0200,176.861,176.823,0.0173,0.0225
16.09.2020 13:36:18.027 GMT+0200,176.847,176.80900000000003,0.0173,0.0225
16.09.2020 13:36:18.903 GMT+0200,176.86200000000002,176.824,0.0173,0.0225
16.09.2020 13:36:19.399 GMT+0200,176.84900000000002,176.812,0.0173,0.0225
16.09.2020 13:36:21.510 GMT+0200,176.875,176.842,0.0173,0.0225
16.09.2020 13:36:22.664 GMT+0200,176.847,176.80700000000002,0.0173,0.0225
16.09.2020 13:36:38.575 GMT+0200,176.875,176.838,0.0173,0.0225
16.09.2020 13:36:42.978 GMT+0200,176.84900000000002,176.80700000000002,0.0173,0.0225
16.09.2020 13:36:43.152 GMT+0200,176.882,176.84099999999998,0.0173,0.0225
16.09.2020 13:37:01.101 GMT+0200,176.85,176.81400000000002,0.0173,0.0225
16.09.2020 13:37:01.235 GMT+0200,176.877,176.84,0.0173,0.0225
16.09.2020 13:37:02.269 GMT+0200,176.84799999999998,176.80900000000003,0.0173,0.0225
16.09.2020 13:37:08.220 GMT+0200,176.882,176.83900000000003,0.0173,0.0225
16.09.2020 13:37:11.444 GMT+0200,176.84900000000002,176.808,0.0173,0.0225
16.09.2020 13:37:14.892 GMT+0200,176.882,176.84099999999998,0.0173,0.0225
16.09.2020 13:37:53.439 GMT+0200,176.847,176.81400000000002,0.0173,0.0225
16.09.2020 13:37:54.080 GMT+0200,176.875,176.842,0.0173,0.0225
16.09.2020 13:37:54.836 GMT+0200,176.851,176.812,0.0173,0.0225
16.09.2020 13:38:32.067 GMT+0200,176.882,176.84,0.0173,0.0225
16.09.2020 13:38:34.297 GMT+0200,176.84900000000002,176.808,0.0173,0.0225
16.09.2020 13:38:54.931 GMT+0200,176.881,176.843,0.0173,0.0225
16.09.2020 13:38:57.163 GMT+0200,176.84900000000002,176.81,0.0173,0.0225
16.09.2020 13:39:01.215 GMT+0200,176.878,176.838,0.0173,0.0225
16.09.2020 13:39:32.344 GMT+0200,176.895,176.856,0.0173,0.0225
16.09.2020 13:39:32.453 GMT+0200,176.882,176.84099999999998,0.0173,0.0225
16.09.2020 13:39:33.124 GMT+0200,176.91,176.87099999999998,0.0173,0.0225
16.09.2020 13:39:41.257 GMT+0200,176.881,176.842,0.0173,0.0225
16.09.2020 13:39:42.245 GMT+0200,176.911,176.87,0.0173,0.0225
16.09.2020 13:39:50.021 GMT+0200,176.882,176.845,0.0173,0.0225
16.09.2020 13:39:50.281 GMT+0200,176.908,176.873,0.0173,0.0225
16.09.2020 13:43:08.951 GMT+0200,176.882,176.843,0.0173,0.0225
16.09.2020 13:43:09.052 GMT+0200,176.91,176.87400000000002,0.0173,0.0225
16.09.2020 13:43:09.480 GMT+0200,176.875,176.84,0.0173,0.0225
16.09.2020 13:43:09.781 GMT+0200,176.912,176.87400000000002,0.0173,0.0225
16.09.2020 13:43:10.289 GMT+0200,176.877,176.84,0.0173,0.0225
16.09.2020 13:44:01.850 GMT+0200,176.91,176.873,0.0173,0.0225
16.09.2020 13:44:02.008 GMT+0200,176.878,176.838,0.0173,0.0225
16.09.2020 13:47:18.249 GMT+0200,176.877,176.845,0.0173,0.0225
16.09.2020 13:47:33.256 GMT+0200,176.84599999999998,176.81099999999998,0.0173,0.0225
16.09.2020 13:47:33.421 GMT+0200,176.881,176.842,0.0173,0.0225
16.09.2020 13:47:36.468 GMT+0200,176.84900000000002,176.81,0.0173,0.0225
16.09.2020 13:47:38.067 GMT+0200,176.87900000000002,176.843,0.0173,0.0225
16.09.2020 13:47:38.225 GMT+0200,176.84799999999998,176.808,0.0173,0.0225
16.09.2020 13:47:49.190 GMT+0200,176.817,176.77599999999998,0.0173,0.0225
16.09.2020 13:47:49.292 GMT+0200,176.83200000000002,176.792,0.0173,0.0225
16.09.2020 13:47:49.437 GMT+0200,176.81799999999998,176.77700000000002,0.0173,0.0225
16.09.2020 13:47:49.623 GMT+0200,176.84599999999998,176.808,0.0173,0.0225
16.09.2020 13:48:20.797 GMT+0200,176.815,176.77900000000002,0.0173,0.0225
16.09.2020 13:48:32.255 GMT+0200,176.785,176.748,0.0173,0.0225
16.09.2020 13:48:49.925 GMT+0200,176.81799999999998,176.77599999999998,0.0173,0.0225
16.09.2020 13:48:56.152 GMT+0200,176.797,176.76,0.0173,0.0225
16.09.2020 13:48:59.944 GMT+0200,176.816,176.775,0.0173,0.0225
16.09.2020 13:49:52.089 GMT+0200,176.84900000000002,176.81,0.0173,0.0225
16.09.2020 13:49:54.387 GMT+0200,176.828,176.791,0.0173,0.0225
16.09.2020 13:49:54.540 GMT+0200,176.815,176.77700000000002,0.0173,0.0225
16.09.2020 13:49:55.262 GMT+0200,176.847,176.81099999999998,0.0173,0.0225
16.09.2020 13:51:09.244 GMT+0200,176.81799999999998,176.78,0.0173,0.0225
16.09.2020 13:51:11.119 GMT+0200,176.84599999999998,176.80700000000002,0.0173,0.0225
16.09.2020 13:51:16.162 GMT+0200,176.81799999999998,176.782,0.0173,0.0225
16.09.2020 13:51:16.693 GMT+0200,176.84599999999998,176.81099999999998,0.0173,0.0225
16.09.2020 13:51:18.236 GMT+0200,176.816,176.778,0.0173,0.0225
16.09.2020 13:51:18.700 GMT+0200,176.84599999999998,176.81,0.0173,0.0225
16.09.2020 13:51:19.243 GMT+0200,176.83200000000002,176.793,0.0173,0.0225
16.09.2020 13:51:19.350 GMT+0200,176.817,176.77900000000002,0.0173,0.0225
16.09.2020 13:51:23.570 GMT+0200,176.84900000000002,176.81400000000002,0.0173,0.0225
16.09.2020 13:51:25.657 GMT+0200,176.831,176.798,0.0173,0.0225
16.09.2020 13:51:29.291 GMT+0200,176.812,176.77599999999998,0.0173,0.0225
16.09.2020 13:55:41.744 GMT+0200,176.812,176.77700000000002,0.0173,0.0225
16.09.2020 13:57:57.477 GMT+0200,176.84799999999998,176.80700000000002,0.0173,0.0225
16.09.2020 13:58:13.721 GMT+0200,176.815,176.77599999999998,0.0173,0.0225
16.09.2020 13:58:15.828 GMT+0200,176.84900000000002,176.81400000000002,0.0173,0.0225
16.09.2020 13:58:17.439 GMT+0200,176.816,176.782,0.0173,0.0225
16.09.2020 13:58:21.143 GMT+0200,176.84799999999998,176.81099999999998,0.0173,0.0225
16.09.2020 14:00:54.106 GMT+0200,176.881,176.842,0.0173,0.0225
16.09.2020 14:01:36.272 GMT+0200,176.847,176.808,0.0173,0.0225
16.09.2020 14:03:26.108 GMT+0200,176.87900000000002,176.84099999999998,0.0173,0.0225
16.09.2020 14:03:28.585 GMT+0200,176.84799999999998,176.81,0.0173,0.0225
16.09.2020 14:03:29.550 GMT+0200,176.877,176.843,0.0173,0.0225
16.09.2020 14:03:31.726 GMT+0200,176.84799999999998,176.81099999999998,0.0173,0.0225
16.09.2020 14:03:42.201 GMT+0200,176.878,176.84099999999998,0.0173,0.0225
16.09.2020 14:03:48.869 GMT+0200,176.84900000000002,176.808,0.0173,0.0225
16.09.2020 14:03:51.847 GMT+0200,176.88,176.83900000000003,0.0173,0.0225
16.09.2020 14:04:26.478 GMT+0200,176.851,176.80700000000002,0.0173,0.0225
16.09.2020 14:06:05.587 GMT+0200,176.875,176.84,0.0173,0.0225
16.09.2020 14:06:05.749 GMT+0200,176.84799999999998,176.80700000000002,0.0173,0.0225
16.09.2020 14:06:08.469 GMT+0200,176.878,176.843,0.0173,0.0225
16.09.2020 14:06:09.980 GMT+0200,176.86599999999999,176.824,0.0173,0.0225
16.09.2020 14:06:10.086 GMT+0200,176.84599999999998,176.808,0.0173,0.0225
16.09.2020 14:06:47.505 GMT+0200,176.878,176.84,0.0173,0.0225
16.09.2020 14:07:53.147 GMT+0200,176.84599999999998,176.80700000000002,0.0173,0.0225
16.09.2020 14:07:53.342 GMT+0200,176.882,176.84,0.0173,0.0225
16.09.2020 14:07:53.593 GMT+0200,176.84900000000002,176.80700000000002,0.0173,0.0225
16.09.2020 14:07:53.915 GMT+0200,176.865,176.826,0.0173,0.0225
16.09.2020 14:07:55.999 GMT+0200,176.87900000000002,176.83900000000003,0.0173,0.0225
16.09.2020 14:08:03.078 GMT+0200,176.84900000000002,176.80700000000002,0.0173,0.0225
16.09.2020 14:08:11.614 GMT+0200,176.878,176.84099999999998,0.0173,0.0225
16.09.2020 14:08:11.834 GMT+0200,176.84599999999998,176.808,0.0173,0.0225
16.09.2020 14:08:13.017 GMT+0200,176.881,176.845,0.0173,0.0225
16.09.2020 14:08:14.758 GMT+0200,176.84599999999998,176.808,0.0173,0.0225
16.09.2020 14:08:25.356 GMT+0200,176.875,176.842,0.0173,0.0225
16.09.2020 14:08:46.004 GMT+0200,176.851,176.81,0.0173,0.0225
16.09.2020 14:08:53.406 GMT+0200,176.86200000000002,176.829,0.0173,0.0225
16.09.2020 14:08:53.560 GMT+0200,176.877,176.838,0.0173,0.0225
16.09.2020 14:09:14.050 GMT+0200,176.859,176.824,0.0173,0.0225
16.09.2020 14:09:14.234 GMT+0200,176.875,176.845,0.0173,0.0225
16.09.2020 14:10:33.848 GMT+0200,176.84799999999998,176.80700000000002,0.0173,0.0225
16.09.2020 14:10:38.369 GMT+0200,176.875,176.84,0.0173,0.0225
16.09.2020 14:10:41.923 GMT+0200,176.84400000000002,176.81400000000002,0.0173,0.0225
16.09.2020 14:10:43.276 GMT+0200,176.87900000000002,176.845,0.0173,0.0225
16.09.2020 14:10:44.074 GMT+0200,176.84599999999998,176.80900000000003,0.0173,0.0225
16.09.2020 14:10:54.068 GMT+0200,176.875,176.84099999999998,0.0173,0.0225
16.09.2020 14:11:59.448 GMT+0200,176.85,176.81,0.0173,0.0225
16.09.2020 14:12:11.676 GMT+0200,176.817,176.77700000000002,0.0173,0.0225
16.09.2020 14:13:03.637 GMT+0200,176.78400000000002,176.74599999999998,0.0173,0.0225
16.09.2020 14:13:05.316 GMT+0200,176.815,176.782,0.0173,0.0225
16.09.2020 14:14:05.779 GMT+0200,176.787,176.747,0.0173,0.0225
16.09.2020 14:14:08.074 GMT+0200,176.817,176.778,0.0173,0.0225
16.09.2020 14:14:13.042 GMT+0200,176.78400000000002,176.74400000000003,0.0173,0.0225
16.09.2020 14:14:14.249 GMT+0200,176.81400000000002,176.77700000000002,0.0173,0.0225
16.09.2020 14:14:16.569 GMT+0200,176.80400000000003,176.763,0.0173,0.0225
16.09.2020 14:14:18.093 GMT+0200,176.812,176.782,0.0173,0.0225
16.09.2020 14:14:28.398 GMT+0200,176.783,176.745,0.0173,0.0225
16.09.2020 14:14:28.499 GMT+0200,176.812,176.782,0.0173,0.0225
16.09.2020 14:14:29.386 GMT+0200,176.78400000000002,176.74400000000003,0.0173,0.0225
16.09.2020 14:14:30.517 GMT+0200,176.81400000000002,176.778,0.0173,0.0225
16.09.2020 14:14:42.003 GMT+0200,176.783,176.74900000000002,0.0173,0.0225
16.09.2020 14:14:42.104 GMT+0200,176.81400000000002,176.778,0.0173,0.0225
16.09.2020 14:15:03.016 GMT+0200,176.816,176.77700000000002,0.0173,0.0225
16.09.2020 14:15:26.714 GMT+0200,176.786,176.745,0.0173,0.0225
16.09.2020 14:15:26.885 GMT+0200,176.817,176.775,0.0173,0.0225
16.09.2020 14:15:34.508 GMT+0200,176.786,176.748,0.0173,0.0225
16.09.2020 14:15:38.149 GMT+0200,176.80400000000003,176.76,0.0173,0.0225
16.09.2020 14:15:38.673 GMT+0200,176.81900000000002,176.782,0.0173,0.0225
16.09.2020 14:15:49.576 GMT+0200,176.785,176.747,0.0173,0.0225
16.09.2020 14:15:53.865 GMT+0200,176.816,176.782,0.0173,0.0225
16.09.2020 14:16:31.304 GMT+0200,176.787,176.75099999999998,0.0173,0.0225
16.09.2020 14:16:34.810 GMT+0200,176.816,176.775,0.0173,0.0225
16.09.2020 14:19:52.866 GMT+0200,176.84799999999998,176.808,0.0173,0.0225
16.09.2020 14:19:53.173 GMT+0200,176.882,176.84099999999998,0.0173,0.0225
16.09.2020 14:19:53.492 GMT+0200,176.847,176.81400000000002,0.0173,0.0225
16.09.2020 14:19:54.124 GMT+0200,176.87900000000002,176.84,0.0173,0.0225
16.09.2020 14:19:54.924 GMT+0200,176.859,176.82500000000002,0.0173,0.0225
16.09.2020 14:19:55.594 GMT+0200,176.84400000000002,176.80900000000003,0.0173,0.0225
16.09.2020 14:19:59.751 GMT+0200,176.882,176.845,0.0173,0.0225
16.09.2020 14:20:01.552 GMT+0200,176.851,176.81099999999998,0.0173,0.0225
16.09.2020 14:20:01.769 GMT+0200,176.882,176.84,0.0173,0.0225
16.09.2020 14:20:01.961 GMT+0200,176.84599999999998,176.812,0.0173,0.0225
16.09.2020 14:20:02.936 GMT+0200,176.87900000000002,176.843,0.0173,0.0225
16.09.2020 14:20:03.569 GMT+0200,176.863,176.824,0.0173,0.0225
16.09.2020 14:20:03.754 GMT+0200,176.881,176.838,0.0173,0.0225
16.09.2020 14:20:04.918 GMT+0200,176.85,176.81099999999998,0.0173,0.0225
16.09.2020 14:20:05.373 GMT+0200,176.877,176.843,0.0173,0.0225
16.09.2020 14:20:06.243 GMT+0200,176.851,176.81099999999998,0.0173,0.0225
16.09.2020 14:20:38.034 GMT+0200,176.875,176.84,0.0173,0.0225
16.09.2020 14:20:45.677 GMT+0200,176.84599999999998,176.808,0.0173,0.0225
16.09.2020 14:20:45.851 GMT+0200,176.875,176.843,0.0173,0.0225
16.09.2020 14:20:51.042 GMT+0200,176.85,176.81,0.0173,0.0225
16.09.2020 14:20:53.121 GMT+0200,176.87900000000002,176.84099999999998,0.0173,0.0225
16.09.2020 14:20:53.737 GMT+0200,176.86200000000002,176.823,0.0173,0.0225
16.09.2020 14:20:54.411 GMT+0200,176.84900000000002,176.81099999999998,0.0173,0.0225
16.09.2020 14:20:55.703 GMT+0200,176.875,176.843,0.0173,0.0225
16.09.2020 14:20:56.030 GMT+0200,176.86599999999999,176.823,0.0173,0.0225
16.09.2020 14:20:56.139 GMT+0200,176.882,176.845,0.0173,0.0225
16.09.2020 14:21:04.335 GMT+0200,176.851,176.812,0.0173,0.0225
16.09.2020 14:21:04.497 GMT+0200,176.881,176.84099999999998,0.0173,0.0225
16.09.2020 14:21:12.094 GMT+0200,176.90900000000002,176.872,0.0173,0.0225
16.09.2020 14:21:12.453 GMT+0200,176.877,176.83900000000003,0.0173,0.0225
16.09.2020 14:21:13.064 GMT+0200,176.898,176.855,0.0173,0.0225
16.09.2020 14:21:13.248 GMT+0200,176.88,176.843,0.0173,0.0225
16.09.2020 14:21:18.160 GMT+0200,176.90599999999998,176.873,0.0173,0.0225
16.09.2020 14:21:18.464 GMT+0200,176.877,176.84,0.0173,0.0225
16.09.2020 14:21:18.612 GMT+0200,176.91,176.87400000000002,0.0173,0.0225
16.09.2020 14:21:18.841 GMT+0200,176.878,176.838,0.0173,0.0225
16.09.2020 14:21:19.222 GMT+0200,176.90900000000002,176.87599999999998,0.0173,0.0225
16.09.2020 14:21:21.339 GMT+0200,176.875,176.842,0.0173,0.0225
16.09.2020 14:21:21.745 GMT+0200,176.91299999999998,176.87099999999998,0.0173,0.0225
16.09.2020 14:21:22.662 GMT+0200,176.881,176.84099999999998,0.0173,0.0225
16.09.2020 14:21:29.528 GMT+0200,176.90599999999998,176.87099999999998,0.0173,0.0225
16.09.2020 14:21:37.424 GMT+0200,176.877,176.83900000000003,0.0173,0.0225
16.09.2020 14:21:47.198 GMT+0200,176.91299999999998,176.87099999999998,0.0173,0.0225
16.09.2020 14:21:52.648 GMT+0200,176.87900000000002,176.84,0.0173,0.0225
16.09.2020 14:22:02.257 GMT+0200,176.90900000000002,176.86900000000003,0.0173,0.0225
16.09.2020 14:22:02.630 GMT+0200,176.882,176.838,0.0173,0.0225
16.09.2020 14:22:08.177 GMT+0200,176.91,176.87599999999998,0.0173,0.0225
16.09.2020 14:24:22.413 GMT+0200,176.90599999999998,176.87099999999998,0.0173,0.0225
16.09.2020 14:24:56.837 GMT+0200,176.877,176.84,0.0173,0.0225
16.09.2020 14:24:57.090 GMT+0200,176.84799999999998,176.81099999999998,0.0173,0.0225
16.09.2020 14:24:57.227 GMT+0200,176.881,176.843,0.0173,0.0225
16.09.2020 14:24:57.328 GMT+0200,176.85,176.81400000000002,0.0173,0.0225
16.09.2020 14:25:00.492 GMT+0200,176.863,176.826,0.0173,0.0225
16.09.2020 14:25:00.609 GMT+0200,176.882,176.843,0.0173,0.0225
16.09.2020 14:25:13.071 GMT+0200,176.84799999999998,176.80700000000002,0.0173,0.0225
16.09.2020 14:25:19.014 GMT+0200,176.875,176.84,0.0173,0.0225
16.09.2020 14:26:10.706 GMT+0200,176.90900000000002,176.872,0.0173,0.0225
16.09.2020 14:26:40.168 GMT+0200,176.942,176.907,0.0173,0.0225
16.09.2020 14:26:40.219 GMT+0200,176.908,176.872,0.0173,0.0225
16.09.2020 14:26:43.973 GMT+0200,176.94299999999998,176.90200000000002,0.0173,0.0225
16.09.2020 14:26:44.081 GMT+0200,176.92700000000002,176.889,0.0173,0.0225
16.09.2020 14:26:44.257 GMT+0200,176.90900000000002,176.873,0.0173,0.0225
16.09.2020 14:26:50.604 GMT+0200,176.94,176.905,0.0173,0.0225
16.09.2020 14:26:50.778 GMT+0200,176.90599999999998,176.87099999999998,0.0173,0.0225
16.09.2020 14:26:52.846 GMT+0200,176.92900000000003,176.889,0.0173,0.0225
16.09.2020 14:26:53.409 GMT+0200,176.94299999999998,176.90400000000002,0.0173,0.0225
16.09.2020 14:27:02.040 GMT+0200,176.911,176.87099999999998,0.0173,0.0225
16.09.2020 14:27:02.495 GMT+0200,176.94299999999998,176.9,0.0173,0.0225
16.09.2020 14:27:04.610 GMT+0200,176.912,176.87099999999998,0.0173,0.0225
16.09.2020 14:27:05.565 GMT+0200,176.93900000000002,176.907,0.0173,0.0225
16.09.2020 14:27:06.700 GMT+0200,176.924,176.886,0.0173,0.0225
16.09.2020 14:27:06.816 GMT+0200,176.90900000000002,176.87099999999998,0.0173,0.0225
16.09.2020 14:27:14.345 GMT+0200,176.941,176.905,0.0173,0.0225
16.09.2020 14:28:10.527 GMT+0200,176.912,176.87,0.0173,0.0225
16.09.2020 14:28:10.833 GMT+0200,176.92900000000003,176.89200000000002,0.0173,0.0225
16.09.2020 14:28:11.484 GMT+0200,176.912,176.86900000000003,0.0173,0.0225
16.09.2020 14:28:11.615 GMT+0200,176.92900000000003,176.888,0.0173,0.0225
16.09.2020 14:28:16.561 GMT+0200,176.91,176.86900000000003,0.0173,0.0225
16.09.2020 14:29:01.389 GMT+0200,176.875,176.83900000000003,0.0173,0.0225
16.09.2020 14:29:01.439 GMT+0200,176.90900000000002,176.87,0.0173,0.0225
16.09.2020 14:29:04.010 GMT+0200,176.893,176.861,0.0173,0.0225
16.09.2020 14:29:04.116 GMT+0200,176.875,176.843,0.0173,0.0225
16.09.2020 14:29:49.131 GMT+0200,176.90900000000002,176.873,0.0173,0.0225
16.09.2020 14:29:51.366 GMT+0200,176.875,176.84099999999998,0.0173,0.0225
16.09.2020 14:30:09.994 GMT+0200,176.90599999999998,176.87599999999998,0.0173,0.0225
16.09.2020 14:30:17.939 GMT+0200,176.937,176.907,0.0173,0.0225
16.09.2020 14:30:18.065 GMT+0200,176.912,176.87,0.0173,0.0225
16.09.2020 14:30:18.372 GMT+0200,176.937,176.90200000000002,0.0173,0.0225
16.09.2020 14:30:21.129 GMT+0200,176.96900000000002,176.93200000000002,0.0173,0.0225
16.09.2020 14:30:22.772 GMT+0200,177,176.967,0.0173,0.0225
16.09.2020 14:30:22.909 GMT+0200,176.97400000000002,176.937,0.0173,0.0225
16.09.2020 14:30:23.755 GMT+0200,177,176.963,0.0173,0.0225
16.09.2020 14:30:40.819 GMT+0200,177.036,177.00099999999998,0.0173,0.0225
16.09.2020 14:30:40.870 GMT+0200,177,176.96599999999998,0.0173,0.0225
16.09.2020 14:30:41.067 GMT+0200,177.02,176.984,0.0173,0.0225
16.09.2020 14:30:41.177 GMT+0200,177.005,176.96400000000003,0.0173,0.0225
16.09.2020 14:30:41.875 GMT+0200,177.03099999999998,176.99900000000002,0.0173,0.0225
16.09.2020 14:30:42.393 GMT+0200,177.005,176.963,0.0173,0.0225
16.09.2020 14:30:45.902 GMT+0200,177.03099999999998,176.99599999999998,0.0173,0.0225
16.09.2020 14:30:46.198 GMT+0200,177.002,176.963,0.0173,0.0225
16.09.2020 14:30:54.311 GMT+0200,176.97400000000002,176.937,0.0173,0.0225
16.09.2020 14:30:54.797 GMT+0200,177.003,176.965,0.0173,0.0225
16.09.2020 14:31:01.420 GMT+0200,177.03799999999998,176.99400000000003,0.0173,0.0225
16.09.2020 14:31:02.542 GMT+0200,177.005,176.968,0.0173,0.0225
16.09.2020 14:31:23.150 GMT+0200,177.03799999999998,176.998,0.0173,0.0225
16.09.2020 14:31:23.746 GMT+0200,177.005,176.965,0.0173,0.0225
16.09.2020 14:31:34.894 GMT+0200,177.03799999999998,176.99400000000003,0.0173,0.0225
16.09.2020 14:31:35.047 GMT+0200,177,176.96599999999998,0.0173,0.0225
16.09.2020 14:31:37.161 GMT+0200,177.036,176.995,0.0173,0.0225
16.09.2020 14:31:38.822 GMT+0200,177.003,176.963,0.0173,0.0225
16.09.2020 14:31:57.042 GMT+0200,177.035,176.99900000000002,0.0173,0.0225
16.09.2020 14:31:59.693 GMT+0200,177.006,176.97,0.0173,0.0225
16.09.2020 14:32:00.438 GMT+0200,177.03099999999998,176.997,0.0173,0.0225
16.09.2020 14:32:00.589 GMT+0200,177.00400000000002,176.96599999999998,0.0173,0.0225
16.09.2020 14:32:01.158 GMT+0200,177.036,176.99400000000003,0.0173,0.0225
16.09.2020 14:32:09.183 GMT+0200,177,176.96599999999998,0.0173,0.0225
16.09.2020 14:32:16.731 GMT+0200,177.033,176.998,0.0173,0.0225
16.09.2020 14:32:19.809 GMT+0200,177.003,176.965,0.0173,0.0225
16.09.2020 14:32:24.270 GMT+0200,177.036,177.00099999999998,0.0173,0.0225
16.09.2020 14:32:24.437 GMT+0200,177.003,176.963,0.0173,0.0225
16.09.2020 14:32:27.029 GMT+0200,177.037,176.998,0.0173,0.0225
16.09.2020 14:32:27.294 GMT+0200,177.021,176.98,0.0173,0.0225
16.09.2020 14:32:27.424 GMT+0200,177.007,176.96400000000003,0.0173,0.0225
16.09.2020 14:32:29.054 GMT+0200,177.03799999999998,176.998,0.0173,0.0225
16.09.2020 14:32:44.328 GMT+0200,177.003,176.963,0.0173,0.0225
16.09.2020 14:32:48.469 GMT+0200,177.03400000000002,176.99400000000003,0.0173,0.0225
16.09.2020 14:32:50.600 GMT+0200,177.062,177.032,0.0173,0.0225
16.09.2020 14:32:50.651 GMT+0200,177.036,176.99900000000002,0.0173,0.0225
16.09.2020 14:33:19.972 GMT+0200,177.00400000000002,176.965,0.0173,0.0225
16.09.2020 14:33:30.157 GMT+0200,176.975,176.935,0.0173,0.0225
16.09.2020 14:33:31.897 GMT+0200,177.006,176.967,0.0173,0.0225
16.09.2020 14:33:45.674 GMT+0200,177.037,176.998,0.0173,0.0225
16.09.2020 14:33:46.270 GMT+0200,177.007,176.965,0.0173,0.0225
16.09.2020 14:33:47.769 GMT+0200,177.03099999999998,176.995,0.0173,0.0225
16.09.2020 14:33:49.047 GMT+0200,177.003,176.96599999999998,0.0173,0.0225
16.09.2020 14:34:24.041 GMT+0200,177.03099999999998,176.99599999999998,0.0173,0.0225
16.09.2020 14:34:24.206 GMT+0200,177.003,176.968,0.0173,0.0225
16.09.2020 14:34:27.159 GMT+0200,177.033,176.99400000000003,0.0173,0.0225
16.09.2020 14:34:48.145 GMT+0200,177.005,176.965,0.0173,0.0225
16.09.2020 14:34:49.514 GMT+0200,177.036,176.99599999999998,0.0173,0.0225
16.09.2020 14:34:50.599 GMT+0200,177,176.965,0.0173,0.0225
16.09.2020 14:34:52.850 GMT+0200,177.033,176.995,0.0173,0.0225
16.09.2020 14:34:54.481 GMT+0200,177.002,176.968,0.0173,0.0225
16.09.2020 14:35:07.973 GMT+0200,177.03799999999998,176.997,0.0173,0.0225
16.09.2020 14:35:15.992 GMT+0200,177.005,176.965,0.0173,0.0225
16.09.2020 14:35:16.940 GMT+0200,177.03400000000002,176.998,0.0173,0.0225
16.09.2020 14:35:21.970 GMT+0200,177.00400000000002,176.96599999999998,0.0173,0.0225
16.09.2020 14:35:25.574 GMT+0200,177.036,176.99599999999998,0.0173,0.0225
16.09.2020 14:35:30.347 GMT+0200,177.05200000000002,177.01700000000002,0.0173,0.0225
16.09.2020 14:35:30.460 GMT+0200,177.066,177.02700000000002,0.0173,0.0225
16.09.2020 14:35:44.543 GMT+0200,177.1,177.06400000000002,0.0173,0.0225
16.09.2020 14:35:44.599 GMT+0200,177.06900000000002,177.02700000000002,0.0173,0.0225
16.09.2020 14:36:19.229 GMT+0200,177.03099999999998,176.997,0.0173,0.0225
16.09.2020 14:36:19.356 GMT+0200,177.06799999999998,177.02700000000002,0.0173,0.0225
16.09.2020 14:36:30.697 GMT+0200,177.09400000000002,177.06400000000002,0.0173,0.0225
16.09.2020 14:36:30.809 GMT+0200,177.078,177.042,0.0173,0.0225
16.09.2020 14:36:32.103 GMT+0200,177.097,177.05900000000003,0.0173,0.0225
16.09.2020 14:36:35.955 GMT+0200,177.066,177.02900000000002,0.0173,0.0225
16.09.2020 14:36:41.346 GMT+0200,177.1,177.06,0.0173,0.0225
16.09.2020 14:36:50.857 GMT+0200,177.06799999999998,177.02599999999998,0.0173,0.0225
16.09.2020 14:36:50.982 GMT+0200,177.097,177.05700000000002,0.0173,0.0225
16.09.2020 14:37:31.012 GMT+0200,177.067,177.025,0.0173,0.0225
16.09.2020 14:37:33.061 GMT+0200,177.09799999999998,177.06,0.0173,0.0225
16.09.2020 14:37:50.994 GMT+0200,177.132,177.095,0.0173,0.0225
16.09.2020 14:37:51.054 GMT+0200,177.101,177.058,0.0173,0.0225
16.09.2020 14:39:01.922 GMT+0200,177.06900000000002,177.028,0.0173,0.0225
16.09.2020 14:39:12.389 GMT+0200,177.101,177.06,0.0173,0.0225
16.09.2020 14:39:25.537 GMT+0200,177.06900000000002,177.032,0.0173,0.0225
16.09.2020 14:39:26.380 GMT+0200,177.081,177.044,0.0173,0.0225
16.09.2020 14:39:26.487 GMT+0200,177.09900000000002,177.06400000000002,0.0173,0.0225
16.09.2020 14:39:30.493 GMT+0200,177.06900000000002,177.028,0.0173,0.0225
16.09.2020 14:39:30.819 GMT+0200,177.1,177.058,0.0173,0.0225
16.09.2020 14:39:45.256 GMT+0200,177.066,177.025,0.0173,0.0225
16.09.2020 14:40:01.990 GMT+0200,177.101,177.06,0.0173,0.0225
16.09.2020 14:40:06.211 GMT+0200,177.1,177.058,0.0173,0.0225
16.09.2020 14:41:06.694 GMT+0200,177.131,177.093,0.0173,0.0225
16.09.2020 14:41:06.843 GMT+0200,177.097,177.05900000000003,0.0173,0.0225
16.09.2020 14:41:08.116 GMT+0200,177.128,177.09,0.0173,0.0225
16.09.2020 14:41:08.583 GMT+0200,177.09900000000002,177.06,0.0173,0.0225
16.09.2020 14:41:09.165 GMT+0200,177.128,177.092,0.0173,0.0225
16.09.2020 14:41:29.639 GMT+0200,177.1,177.05900000000003,0.0173,0.0225
16.09.2020 14:41:34.228 GMT+0200,177.125,177.088,0.0173,0.0225
16.09.2020 14:41:34.329 GMT+0200,177.09799999999998,177.062,0.0173,0.0225
16.09.2020 14:42:01.576 GMT+0200,177.06400000000002,177.02700000000002,0.0173,0.0225
16.09.2020 14:42:02.323 GMT+0200,177.09900000000002,177.06,0.0173,0.0225
16.09.2020 14:42:05.516 GMT+0200,177.062,177.028,0.0173,0.0225
16.09.2020 14:42:05.630 GMT+0200,177.081,177.042,0.0173,0.0225
16.09.2020 14:42:05.778 GMT+0200,177.062,177.025,0.0173,0.0225
16.09.2020 14:42:06.135 GMT+0200,177.09799999999998,177.06400000000002,0.0173,0.0225
16.09.2020 14:44:46.341 GMT+0200,177.09599999999998,177.058,0.0173,0.0225
16.09.2020 14:45:01.457 GMT+0200,177.131,177.092,0.0173,0.0225
16.09.2020 14:45:25.896 GMT+0200,177.158,177.11900000000003,0.0173,0.0225
16.09.2020 14:45:29.438 GMT+0200,177.13,177.093,0.0173,0.0225
16.09.2020 14:45:29.690 GMT+0200,177.141,177.104,0.0173,0.0225
16.09.2020 14:45:29.953 GMT+0200,177.158,177.12400000000002,0.0173,0.0225
16.09.2020 14:45:48.418 GMT+0200,177.125,177.09,0.0173,0.0225
16.09.2020 14:46:51.555 GMT+0200,177.09900000000002,177.05900000000003,0.0173,0.0225
16.09.2020 14:47:48.027 GMT+0200,177.06400000000002,177.02900000000002,0.0173,0.0225
16.09.2020 14:48:04.426 GMT+0200,177.09599999999998,177.05700000000002,0.0173,0.0225
16.09.2020 14:48:05.747 GMT+0200,177.062,177.028,0.0173,0.0225
16.09.2020 14:48:05.797 GMT+0200,177.101,177.062,0.0173,0.0225
16.09.2020 14:48:05.945 GMT+0200,177.065,177.02700000000002,0.0173,0.0225
16.09.2020 14:48:08.004 GMT+0200,177.09400000000002,177.05900000000003,0.0173,0.0225
16.09.2020 14:48:29.500 GMT+0200,177.06900000000002,177.02599999999998,0.0173,0.0225
16.09.2020 14:48:51.111 GMT+0200,177.09599999999998,177.058,0.0173,0.0225
16.09.2020 14:48:53.321 GMT+0200,177.06900000000002,177.02900000000002,0.0173,0.0225
16.09.2020 14:49:06.157 GMT+0200,177.083,177.043,0.0173,0.0225
16.09.2020 14:49:07.738 GMT+0200,177.06400000000002,177.032,0.0173,0.0225
16.09.2020 14:49:40.822 GMT+0200,177.035,176.995,0.0173,0.0225
16.09.2020 14:49:47.197 GMT+0200,177.067,177.03,0.0173,0.0225
16.09.2020 14:49:47.402 GMT+0200,177.03099999999998,176.99400000000003,0.0173,0.0225
16.09.2020 14:49:47.615 GMT+0200,177.066,177.03,0.0173,0.0225
16.09.2020 14:49:47.991 GMT+0200,177.036,176.99599999999998,0.0173,0.0225
16.09.2020 14:49:50.140 GMT+0200,177.062,177.02700000000002,0.0173,0.0225
16.09.2020 14:49:51.513 GMT+0200,177.033,177.00099999999998,0.0173,0.0225
16.09.2020 14:49:52.234 GMT+0200,177.066,177.032,0.0173,0.0225
16.09.2020 14:50:26.230 GMT+0200,177.09799999999998,177.06099999999998,0.0173,0.0225
16.09.2020 14:50:27.634 GMT+0200,177.06900000000002,177.025,0.0173,0.0225
16.09.2020 14:51:41.038 GMT+0200,177.09799999999998,177.05700000000002,0.0173,0.0225
16.09.2020 14:51:41.189 GMT+0200,177.066,177.032,0.0173,0.0225
16.09.2020 14:52:17.551 GMT+0200,177.035,176.997,0.0173,0.0225
16.09.2020 14:52:18.280 GMT+0200,177.066,177.03,0.0173,0.0225
16.09.2020 14:52:43.727 GMT+0200,177.03400000000002,176.997,0.0173,0.0225
16.09.2020 14:54:20.366 GMT+0200,177.062,177.03,0.0173,0.0225
16.09.2020 14:54:21.344 GMT+0200,177.036,176.99900000000002,0.0173,0.0225
16.09.2020 14:56:52.400 GMT+0200,177.033,176.998,0.0173,0.0225
16.09.2020 14:57:33.651 GMT+0200,177.00400000000002,176.97,0.0173,0.0225
16.09.2020 14:58:17.104 GMT+0200,176.97099999999998,176.933,0.0173,0.0225
16.09.2020 14:58:52.333 GMT+0200,177.006,176.968,0.0173,0.0225
16.09.2020 14:58:52.501 GMT+0200,176.97400000000002,176.93900000000002,0.0173,0.0225
16.09.2020 15:00:11.766 GMT+0200,177.00400000000002,176.967,0.0173,0.0225
16.09.2020 15:00:12.087 GMT+0200,176.96900000000002,176.935,0.0173,0.0225
16.09.2020 15:00:12.137 GMT+0200,177.00400000000002,176.965,0.0173,0.0225
16.09.2020 15:00:12.699 GMT+0200,176.96900000000002,176.93200000000002,0.0173,0.0225
16.09.2020 15:00:13.397 GMT+0200,177,176.963,0.0173,0.0225
16.09.2020 15:00:58.442 GMT+0200,177.03400000000002,176.997,0.0173,0.0225
16.09.2020 15:01:03.502 GMT+0200,177.02200000000002,176.98,0.0173,0.0225
16.09.2020 15:01:03.711 GMT+0200,177.035,176.997,0.0173,0.0225
16.09.2020 15:01:04.577 GMT+0200,177,176.965,0.0173,0.0225
16.09.2020 15:01:05.412 GMT+0200,177.037,177.00099999999998,0.0173,0.0225
16.09.2020 15:01:05.600 GMT+0200,177.002,176.96599999999998,0.0173,0.0225
16.09.2020 15:01:06.757 GMT+0200,177.037,176.998,0.0173,0.0225
16.09.2020 15:01:07.017 GMT+0200,177,176.963,0.0173,0.0225
16.09.2020 15:01:09.053 GMT+0200,177.033,176.998,0.0173,0.0225
16.09.2020 15:01:11.031 GMT+0200,177.002,176.968,0.0173,0.0225
16.09.2020 15:01:11.884 GMT+0200,177.03099999999998,176.998,0.0173,0.0225
16.09.2020 15:01:59.825 GMT+0200,177.033,176.99900000000002,0.0173,0.0225
16.09.2020 15:05:39.247 GMT+0200,177.036,176.99400000000003,0.0173,0.0225
16.09.2020 15:08:36.123 GMT+0200,177.066,177.02700000000002,0.0173,0.0225
16.09.2020 15:08:36.306 GMT+0200,177.035,176.99900000000002,0.0173,0.0225
16.09.2020 15:08:37.602 GMT+0200,177.06400000000002,177.028,0.0173,0.0225
16.09.2020 15:09:22.133 GMT+0200,177.09799999999998,177.05700000000002,0.0173,0.0225
16.09.2020 15:11:15.359 GMT+0200,177.132,177.093,0.0173,0.0225
16.09.2020 15:11:17.236 GMT+0200,177.097,177.062,0.0173,0.0225
16.09.2020 15:13:12.686 GMT+0200,177.06799999999998,177.032,0.0173,0.0225
16.09.2020 15:13:12.881 GMT+0200,177.09799999999998,177.06099999999998,0.0173,0.0225
16.09.2020 15:13:14.154 GMT+0200,177.062,177.02599999999998,0.0173,0.0225
16.09.2020 15:13:14.314 GMT+0200,177.09599999999998,177.06400000000002,0.0173,0.0225
16.09.2020 15:14:53.589 GMT+0200,177.06900000000002,177.028,0.0173,0.0225
16.09.2020 15:15:12.246 GMT+0200,177.03400000000002,176.997,0.0173,0.0225
16.09.2020 15:15:12.539 GMT+0200,177.047,177.013,0.0173,0.0225
16.09.2020 15:15:13.007 GMT+0200,177.066,177.028,0.0173,0.0225
16.09.2020 15:15:28.304 GMT+0200,177.03400000000002,176.998,0.0173,0.0225
16.09.2020 15:16:08.455 GMT+0200,177.005,176.96599999999998,0.0173,0.0225
16.09.2020 15:16:08.556 GMT+0200,177.033,176.99900000000002,0.0173,0.0225
16.09.2020 15:16:09.209 GMT+0200,177.006,176.96599999999998,0.0173,0.0225
16.09.2020 15:16:21.755 GMT+0200,176.97099999999998,176.935,0.0173,0.0225
16.09.2020 15:16:51.131 GMT+0200,177.002,176.967,0.0173,0.0225
16.09.2020 15:16:51.238 GMT+0200,176.986,176.949,0.0173,0.0225
16.09.2020 15:16:52.208 GMT+0200,177.007,176.965,0.0173,0.0225
16.09.2020 15:16:53.086 GMT+0200,176.975,176.933,0.0173,0.0225
16.09.2020 15:17:00.867 GMT+0200,177.007,176.968,0.0173,0.0225
16.09.2020 15:17:17.120 GMT+0200,177.03799999999998,176.998,0.0173,0.0225
16.09.2020 15:17:18.835 GMT+0200,177.00400000000002,176.96599999999998,0.0173,0.0225
16.09.2020 15:17:24.593 GMT+0200,177.03400000000002,177.00099999999998,0.0173,0.0225
16.09.2020 15:17:57.230 GMT+0200,177.007,176.967,0.0173,0.0225
16.09.2020 15:18:00.207 GMT+0200,177.033,176.99900000000002,0.0173,0.0225
