Local time,Ask,Bid,AskVolume,BidVolume
29.01.2020 00:00:00.072 GMT+0100,1.10226,1.10217,3,0.75
29.01.2020 00:00:00.174 GMT+0100,1.10226,1.10218,2.32,0.45
29.01.2020 00:00:00.225 GMT+0100,1.10223,1.10219,0.52,0.45
29.01.2020 00:00:00.276 GMT+0100,1.10225,1.10219,0.45,0.45
29.01.2020 00:00:00.377 GMT+0100,1.10226,1.1022,1.69,0.45
29.01.2020 00:00:00.585 GMT+0100,1.10225,1.1022,0.75,0.45
29.01.2020 00:00:01.188 GMT+0100,1.10226,1.1022,1.69,0.45
29.01.2020 00:00:01.395 GMT+0100,1.10226,1.1022100000000001,4.5,0.45
29.01.2020 00:00:01.516 GMT+0100,1.10226,1.1022,4.5,1.2
29.01.2020 00:00:02.075 GMT+0100,1.10223,1.1022,0.75,1.2
29.01.2020 00:00:02.281 GMT+0100,1.10226,1.10219,2.25,1.95
29.01.2020 00:00:02.455 GMT+0100,1.10225,1.10219,0.75,1.95
29.01.2020 00:00:02.557 GMT+0100,1.10226,1.1022,3,0.45
29.01.2020 00:00:02.736 GMT+0100,1.10224,1.10219,0.75,1.2
29.01.2020 00:00:02.838 GMT+0100,1.10223,1.10218,1.31,0.45
29.01.2020 00:00:02.939 GMT+0100,1.1022100000000001,1.10219,0.75,0.45
29.01.2020 00:00:03.091 GMT+0100,1.1022100000000001,1.10217,0.75,1.2
29.01.2020 00:00:03.142 GMT+0100,1.10223,1.10217,3.07,1.2
29.01.2020 00:00:03.243 GMT+0100,1.1022200000000002,1.10216,0.75,0.45
29.01.2020 00:00:03.294 GMT+0100,1.10219,1.10216,0.75,0.45
29.01.2020 00:00:03.418 GMT+0100,1.1022200000000002,1.10216,0.75,0.45
29.01.2020 00:00:03.538 GMT+0100,1.1022,1.10216,0.75,0.45
29.01.2020 00:00:03.731 GMT+0100,1.1022200000000002,1.10216,0.75,0.45
29.01.2020 00:00:04.020 GMT+0100,1.10223,1.10216,4.69,0.45
29.01.2020 00:00:04.121 GMT+0100,1.1022200000000002,1.10216,0.75,0.45
29.01.2020 00:00:04.789 GMT+0100,1.1022200000000002,1.10217,1.5,0.45
29.01.2020 00:00:05.076 GMT+0100,1.1022200000000002,1.10216,0.75,0.45
29.01.2020 00:00:05.177 GMT+0100,1.1022200000000002,1.10217,0.75,1.2
29.01.2020 00:00:05.279 GMT+0100,1.1022200000000002,1.10216,0.75,0.45
29.01.2020 00:00:05.430 GMT+0100,1.1022200000000002,1.10217,0.75,1.2
29.01.2020 00:00:05.582 GMT+0100,1.1022200000000002,1.1021400000000001,1.69,1.95
29.01.2020 00:00:05.633 GMT+0100,1.1022200000000002,1.10216,1.5,0.45
29.01.2020 00:00:05.785 GMT+0100,1.1022200000000002,1.10215,2.06,1.2
29.01.2020 00:00:07.051 GMT+0100,1.1022100000000001,1.10216,1.5,0.45
29.01.2020 00:00:07.153 GMT+0100,1.1022200000000002,1.10216,3.19,0.45
29.01.2020 00:00:07.204 GMT+0100,1.1022200000000002,1.1021400000000001,3.64,1.39
29.01.2020 00:00:07.305 GMT+0100,1.1022100000000001,1.1021400000000001,0.75,0.64
29.01.2020 00:00:07.599 GMT+0100,1.1022100000000001,1.10215,1.2,1.2
29.01.2020 00:00:08.118 GMT+0100,1.1022200000000002,1.1021400000000001,4.01,0.64
29.01.2020 00:00:08.219 GMT+0100,1.1022100000000001,1.10215,0.56,1.01
29.01.2020 00:00:08.321 GMT+0100,1.1022100000000001,1.10216,1.31,0.45
29.01.2020 00:00:08.599 GMT+0100,1.1022100000000001,1.10215,1.31,1.76
29.01.2020 00:00:09.208 GMT+0100,1.1022200000000002,1.10215,3.19,1.95
29.01.2020 00:00:09.350 GMT+0100,1.1022100000000001,1.10216,0.75,0.45
29.01.2020 00:00:09.451 GMT+0100,1.1022100000000001,1.10215,2.06,1.2
29.01.2020 00:00:09.704 GMT+0100,1.1022100000000001,1.1021400000000001,1.31,3.15
29.01.2020 00:00:10.313 GMT+0100,1.1022200000000002,1.10215,1.2,0.1
29.01.2020 00:00:10.414 GMT+0100,1.10218,1.1021400000000001,0.75,1.95
29.01.2020 00:00:10.465 GMT+0100,1.10217,1.1021200000000002,0.45,1.5
29.01.2020 00:00:10.567 GMT+0100,1.10215,1.1021100000000001,0.19,0.75
29.01.2020 00:00:10.618 GMT+0100,1.10215,1.10209,2.44,1.2
29.01.2020 00:00:10.721 GMT+0100,1.10216,1.10209,0.94,0.82
29.01.2020 00:00:10.891 GMT+0100,1.10216,1.1021,1.01,0.45
29.01.2020 00:00:10.993 GMT+0100,1.10215,1.10208,0.75,1.2
29.01.2020 00:00:11.647 GMT+0100,1.1021400000000001,1.1021,0.86,1.01
29.01.2020 00:00:12.323 GMT+0100,1.1021400000000001,1.10209,0.86,1.2
29.01.2020 00:00:12.424 GMT+0100,1.10215,1.1021,0.49,0.75
29.01.2020 00:00:12.525 GMT+0100,1.1021400000000001,1.1021,0.37,1.2
29.01.2020 00:00:12.735 GMT+0100,1.1021400000000001,1.10209,0.37,0.45
29.01.2020 00:00:13.181 GMT+0100,1.10216,1.10209,0.37,0.1
29.01.2020 00:00:13.282 GMT+0100,1.10216,1.10208,0.1,1.95
29.01.2020 00:00:13.383 GMT+0100,1.10217,1.10209,1.2,0.82
29.01.2020 00:00:13.595 GMT+0100,1.10216,1.10209,0.75,0.82
29.01.2020 00:00:13.819 GMT+0100,1.10217,1.10209,0.1,1.2
29.01.2020 00:00:13.869 GMT+0100,1.10217,1.1021100000000001,0.45,0.1
29.01.2020 00:00:14.023 GMT+0100,1.10216,1.1021,0.1,0.45
29.01.2020 00:00:14.124 GMT+0100,1.10218,1.1021,1.2,0.1
29.01.2020 00:00:15.355 GMT+0100,1.10218,1.1021100000000001,0.1,0.75
29.01.2020 00:00:16.589 GMT+0100,1.10219,1.1021100000000001,0.45,0.82
29.01.2020 00:00:16.816 GMT+0100,1.10218,1.1021200000000002,0.1,0.75
29.01.2020 00:00:16.867 GMT+0100,1.1022,1.1021200000000002,4.01,1.57
29.01.2020 00:00:16.969 GMT+0100,1.10218,1.10213,0.19,0.19
29.01.2020 00:00:18.316 GMT+0100,1.1022,1.1021200000000002,2.51,1.95
29.01.2020 00:00:18.418 GMT+0100,1.1022,1.10213,2.44,0.1
29.01.2020 00:00:19.410 GMT+0100,1.1022,1.1021200000000002,2.51,1.95
29.01.2020 00:00:19.620 GMT+0100,1.10219,1.1021200000000002,1.61,2.51
29.01.2020 00:00:20.419 GMT+0100,1.10218,1.1021200000000002,0.75,2.51
29.01.2020 00:00:20.993 GMT+0100,1.10219,1.1021200000000002,1.5,1.39
29.01.2020 00:00:23.395 GMT+0100,1.1021400000000001,1.1021100000000001,0.19,1.57
29.01.2020 00:00:23.497 GMT+0100,1.10216,1.1021,0.94,0.1
29.01.2020 00:00:25.159 GMT+0100,1.10215,1.10208,0.19,1.76
29.01.2020 00:00:27.213 GMT+0100,1.10215,1.10209,1.01,0.1
29.01.2020 00:00:27.315 GMT+0100,1.10216,1.10209,0.19,0.82
29.01.2020 00:00:27.416 GMT+0100,1.10217,1.1021100000000001,0.1,0.94
29.01.2020 00:00:27.517 GMT+0100,1.10218,1.1021200000000002,0.94,0.26
29.01.2020 00:00:28.420 GMT+0100,1.10219,1.1021200000000002,1.69,1.76
29.01.2020 00:00:28.978 GMT+0100,1.10219,1.10213,0.94,0.56
29.01.2020 00:00:29.085 GMT+0100,1.10219,1.1021200000000002,1.69,1.39
29.01.2020 00:00:30.086 GMT+0100,1.10219,1.1021400000000001,0.94,0.56
29.01.2020 00:00:30.774 GMT+0100,1.10219,1.10213,0.94,0.56
29.01.2020 00:00:33.257 GMT+0100,1.10219,1.1021200000000002,1.69,0.64
29.01.2020 00:00:34.134 GMT+0100,1.10219,1.10213,1.69,0.56
29.01.2020 00:00:38.054 GMT+0100,1.10219,1.1021200000000002,2.25,0.1
29.01.2020 00:00:46.042 GMT+0100,1.10219,1.1021100000000001,2.32,2.7
29.01.2020 00:00:50.134 GMT+0100,1.10219,1.1021200000000002,1.5,0.64
29.01.2020 00:00:50.287 GMT+0100,1.10218,1.1021200000000002,0.19,1.01
29.01.2020 00:01:00.169 GMT+0100,1.10215,1.1021,0.19,2.25
29.01.2020 00:01:00.271 GMT+0100,1.10215,1.10209,3,0.75
29.01.2020 00:01:00.372 GMT+0100,1.1021400000000001,1.10209,0.56,0.75
29.01.2020 00:01:00.575 GMT+0100,1.10215,1.10209,4.2,0.75
29.01.2020 00:01:01.266 GMT+0100,1.1021400000000001,1.10209,1.5,0.75
29.01.2020 00:01:01.974 GMT+0100,1.10215,1.10209,6.19,0.75
29.01.2020 00:01:04.030 GMT+0100,1.10215,1.1021100000000001,2.92,0.19
29.01.2020 00:01:04.133 GMT+0100,1.10217,1.1021200000000002,0.75,1.5
29.01.2020 00:01:04.234 GMT+0100,1.10216,1.1021200000000002,0.56,1.5
29.01.2020 00:01:05.612 GMT+0100,1.10215,1.1021200000000002,0.19,2.25
29.01.2020 00:01:05.663 GMT+0100,1.10215,1.1021,0.19,0.64
29.01.2020 00:01:05.714 GMT+0100,1.10217,1.1021,0.56,2.89
29.01.2020 00:01:07.892 GMT+0100,1.10217,1.1021100000000001,0.94,0.75
29.01.2020 00:01:08.766 GMT+0100,1.10217,1.1021200000000002,0.56,0.75
29.01.2020 00:01:08.922 GMT+0100,1.10217,1.1021,0.56,4.39
29.01.2020 00:01:09.024 GMT+0100,1.10217,1.1021100000000001,0.56,0.1
29.01.2020 00:01:13.469 GMT+0100,1.10216,1.1021100000000001,0.56,0.82
29.01.2020 00:01:15.439 GMT+0100,1.10217,1.1021100000000001,0.56,0.82
29.01.2020 00:01:19.428 GMT+0100,1.10218,1.1021100000000001,2.32,0.75
29.01.2020 00:01:20.389 GMT+0100,1.10218,1.1021,3.07,3.73
29.01.2020 00:01:20.490 GMT+0100,1.10217,1.1021,0.75,4.48
29.01.2020 00:01:20.894 GMT+0100,1.10217,1.1021100000000001,1.31,1.76
29.01.2020 00:01:20.999 GMT+0100,1.10217,1.1021200000000002,0.75,0.19
29.01.2020 00:01:22.500 GMT+0100,1.10217,1.10213,0.75,0.1
29.01.2020 00:01:23.387 GMT+0100,1.10218,1.10213,2.25,0.1
29.01.2020 00:01:24.130 GMT+0100,1.10217,1.10213,0.75,0.1
29.01.2020 00:01:26.010 GMT+0100,1.10218,1.10213,2.25,0.1
29.01.2020 00:01:27.469 GMT+0100,1.10218,1.1021200000000002,2.25,1.76
29.01.2020 00:01:28.364 GMT+0100,1.10218,1.10213,2.25,0.1
29.01.2020 00:01:30.416 GMT+0100,1.10218,1.1021200000000002,1.5,0.45
29.01.2020 00:01:33.656 GMT+0100,1.10217,1.1021200000000002,0.75,1.57
29.01.2020 00:01:33.758 GMT+0100,1.10217,1.10213,0.75,0.45
29.01.2020 00:01:34.039 GMT+0100,1.10218,1.10213,1.5,0.45
29.01.2020 00:01:37.866 GMT+0100,1.10218,1.1021200000000002,1.5,0.82
29.01.2020 00:01:43.063 GMT+0100,1.10218,1.10213,1.5,0.75
29.01.2020 00:01:44.274 GMT+0100,1.10218,1.1021200000000002,1.5,1.57
29.01.2020 00:01:44.376 GMT+0100,1.10218,1.10213,1.5,0.45
29.01.2020 00:01:57.087 GMT+0100,1.10218,1.1021400000000001,1.5,0.75
29.01.2020 00:02:02.731 GMT+0100,1.10218,1.10213,1.5,0.1
29.01.2020 00:02:04.174 GMT+0100,1.10218,1.1021200000000002,1.5,0.75
29.01.2020 00:02:09.545 GMT+0100,1.10217,1.10213,0.75,0.45
29.01.2020 00:02:09.698 GMT+0100,1.10218,1.1021200000000002,1.5,1.01
29.01.2020 00:02:10.525 GMT+0100,1.10217,1.1021200000000002,0.75,1.76
29.01.2020 00:02:10.626 GMT+0100,1.10218,1.1021200000000002,1.5,1.76
29.01.2020 00:02:11.715 GMT+0100,1.10217,1.1021200000000002,0.75,1.76
29.01.2020 00:02:12.692 GMT+0100,1.10218,1.1021200000000002,1.5,1.76
29.01.2020 00:02:14.964 GMT+0100,1.10219,1.1021200000000002,4.69,1.01
29.01.2020 00:02:15.066 GMT+0100,1.10218,1.1021200000000002,0.75,2.89
29.01.2020 00:02:20.559 GMT+0100,1.10219,1.1021200000000002,5.44,2.89
29.01.2020 00:02:22.002 GMT+0100,1.10219,1.1021400000000001,1.69,0.75
29.01.2020 00:02:33.405 GMT+0100,1.10218,1.1021400000000001,0.75,2.25
29.01.2020 00:02:35.311 GMT+0100,1.10218,1.10215,0.75,0.75
29.01.2020 00:02:35.415 GMT+0100,1.10218,1.1021400000000001,0.75,2.25
29.01.2020 00:02:38.466 GMT+0100,1.10218,1.10215,0.75,0.75
29.01.2020 00:02:38.633 GMT+0100,1.10218,1.1021400000000001,0.75,0.75
29.01.2020 00:02:38.745 GMT+0100,1.10218,1.1021200000000002,0.75,2.89
29.01.2020 00:02:39.035 GMT+0100,1.10218,1.10213,0.75,0.75
29.01.2020 00:02:39.136 GMT+0100,1.10218,1.1021400000000001,0.75,0.1
29.01.2020 00:02:39.504 GMT+0100,1.10219,1.1021400000000001,1.31,0.1
29.01.2020 00:02:39.949 GMT+0100,1.10219,1.10213,1.01,1.2
29.01.2020 00:02:43.544 GMT+0100,1.10219,1.1021200000000002,2.25,3.64
29.01.2020 00:02:43.698 GMT+0100,1.10219,1.10213,2.44,0.75
29.01.2020 00:02:43.803 GMT+0100,1.10219,1.1021200000000002,0.19,3.64
29.01.2020 00:02:44.687 GMT+0100,1.10219,1.10213,2.44,0.75
29.01.2020 00:03:00.225 GMT+0100,1.10219,1.1021200000000002,1.5,2.51
29.01.2020 00:03:00.350 GMT+0100,1.10219,1.10213,3.75,0.75
29.01.2020 00:03:01.293 GMT+0100,1.10218,1.10213,0.75,0.75
29.01.2020 00:03:01.460 GMT+0100,1.10218,1.1021200000000002,1.5,1.01
29.01.2020 00:03:04.202 GMT+0100,1.10218,1.10213,1.5,0.45
29.01.2020 00:03:06.319 GMT+0100,1.10219,1.10213,1.69,0.1
29.01.2020 00:03:08.034 GMT+0100,1.10218,1.10213,0.19,0.1
29.01.2020 00:03:13.865 GMT+0100,1.10219,1.10213,4.31,0.1
29.01.2020 00:03:18.549 GMT+0100,1.10218,1.10213,0.75,0.1
29.01.2020 00:03:18.651 GMT+0100,1.10218,1.1021200000000002,0.75,2.89
29.01.2020 00:03:18.752 GMT+0100,1.10219,1.1021200000000002,4.69,1.76
29.01.2020 00:03:22.127 GMT+0100,1.10217,1.1021200000000002,0.19,1.57
29.01.2020 00:03:23.732 GMT+0100,1.10217,1.1021400000000001,0.19,0.75
29.01.2020 00:03:27.539 GMT+0100,1.10216,1.10213,0.19,0.1
29.01.2020 00:03:27.640 GMT+0100,1.10217,1.10213,0.19,0.45
29.01.2020 00:03:27.980 GMT+0100,1.10217,1.1021200000000002,1.5,2.25
29.01.2020 00:03:55.064 GMT+0100,1.10217,1.10213,0.75,0.56
29.01.2020 00:03:57.547 GMT+0100,1.10218,1.10213,0.75,0.56
29.01.2020 00:04:00.087 GMT+0100,1.10218,1.1021200000000002,0.19,2.44
29.01.2020 00:04:14.888 GMT+0100,1.10218,1.10213,0.94,0.75
29.01.2020 00:04:15.936 GMT+0100,1.10218,1.1021200000000002,0.19,2.44
29.01.2020 00:04:16.276 GMT+0100,1.10218,1.10213,0.94,0.75
29.01.2020 00:04:16.378 GMT+0100,1.10218,1.1021200000000002,0.19,3.26
29.01.2020 00:04:16.529 GMT+0100,1.10218,1.10213,0.94,0.75
29.01.2020 00:04:16.758 GMT+0100,1.10218,1.1021400000000001,0.37,1.5
29.01.2020 00:04:17.723 GMT+0100,1.10217,1.10215,0.19,0.75
29.01.2020 00:04:17.826 GMT+0100,1.10217,1.1021400000000001,0.19,1.5
29.01.2020 00:04:17.927 GMT+0100,1.10218,1.1021400000000001,0.37,1.5
29.01.2020 00:04:18.151 GMT+0100,1.10217,1.1021400000000001,0.19,1.5
29.01.2020 00:04:18.862 GMT+0100,1.10218,1.1021400000000001,0.37,1.5
29.01.2020 00:04:21.734 GMT+0100,1.10218,1.10215,0.94,0.75
29.01.2020 00:04:22.891 GMT+0100,1.10218,1.1021400000000001,0.19,1.5
29.01.2020 00:04:23.697 GMT+0100,1.10219,1.10216,2.25,1.69
29.01.2020 00:04:23.748 GMT+0100,1.1022100000000001,1.10216,3.82,1.69
29.01.2020 00:04:23.899 GMT+0100,1.1022100000000001,1.10217,2.62,0.75
29.01.2020 00:04:24.324 GMT+0100,1.1022100000000001,1.10216,2.62,1.69
29.01.2020 00:04:29.678 GMT+0100,1.1022,1.10216,0.75,1.69
29.01.2020 00:04:29.838 GMT+0100,1.1022100000000001,1.10218,0.56,0.75
29.01.2020 00:04:29.958 GMT+0100,1.1022200000000002,1.10218,1.01,0.75
29.01.2020 00:04:30.348 GMT+0100,1.1022200000000002,1.10217,1.57,1.5
29.01.2020 00:04:30.449 GMT+0100,1.1022100000000001,1.10217,0.37,1.5
29.01.2020 00:04:34.358 GMT+0100,1.1022,1.10216,1.2,0.75
29.01.2020 00:04:34.460 GMT+0100,1.10219,1.10215,0.1,1.5
29.01.2020 00:04:36.598 GMT+0100,1.10219,1.10216,2.14,0.75
29.01.2020 00:04:36.800 GMT+0100,1.10218,1.10216,0.19,0.75
29.01.2020 00:04:38.486 GMT+0100,1.10218,1.10215,1.01,0.75
29.01.2020 00:04:38.587 GMT+0100,1.10218,1.1021400000000001,1.01,1.5
29.01.2020 00:04:38.996 GMT+0100,1.10218,1.10215,1.01,0.75
29.01.2020 00:04:40.059 GMT+0100,1.10218,1.1021400000000001,1.01,1.5
29.01.2020 00:04:42.713 GMT+0100,1.10217,1.1021200000000002,0.75,1.5
29.01.2020 00:04:43.274 GMT+0100,1.10218,1.1021200000000002,1.76,2.7
29.01.2020 00:04:43.476 GMT+0100,1.10218,1.10213,0.94,0.75
29.01.2020 00:04:44.938 GMT+0100,1.10218,1.1021200000000002,2.51,3.64
29.01.2020 00:04:45.359 GMT+0100,1.10218,1.10213,1.84,0.75
29.01.2020 00:04:45.598 GMT+0100,1.10218,1.1021200000000002,1.84,3.64
29.01.2020 00:04:51.517 GMT+0100,1.10218,1.10213,1.01,0.56
29.01.2020 00:04:58.419 GMT+0100,1.10218,1.1021200000000002,0.26,1.69
29.01.2020 00:05:00.051 GMT+0100,1.1021400000000001,1.1021,0.75,4.2
29.01.2020 00:05:00.153 GMT+0100,1.1021400000000001,1.10208,0.75,4.39
29.01.2020 00:05:00.254 GMT+0100,1.1021400000000001,1.10209,1.12,1.5
29.01.2020 00:05:00.562 GMT+0100,1.1021400000000001,1.10208,0.75,4.76
29.01.2020 00:05:00.663 GMT+0100,1.10215,1.10208,3.82,3.26
29.01.2020 00:05:00.967 GMT+0100,1.10215,1.1021100000000001,0.1,1.69
29.01.2020 00:05:01.068 GMT+0100,1.10217,1.1021200000000002,0.19,0.94
29.01.2020 00:05:02.124 GMT+0100,1.10217,1.10213,0.19,1.31
29.01.2020 00:05:02.276 GMT+0100,1.10217,1.1021200000000002,0.19,3.82
29.01.2020 00:05:02.915 GMT+0100,1.10217,1.10213,0.19,1.31
29.01.2020 00:05:03.309 GMT+0100,1.10217,1.1021400000000001,0.19,0.56
29.01.2020 00:05:05.667 GMT+0100,1.10217,1.10213,0.19,0.75
29.01.2020 00:05:07.130 GMT+0100,1.10216,1.10213,0.19,0.56
29.01.2020 00:05:11.476 GMT+0100,1.10216,1.1021400000000001,0.19,0.56
29.01.2020 00:05:14.776 GMT+0100,1.10216,1.10213,0.19,0.56
29.01.2020 00:05:17.089 GMT+0100,1.10216,1.1021200000000002,0.19,2.25
29.01.2020 00:05:22.096 GMT+0100,1.10216,1.10213,0.19,0.56
29.01.2020 00:05:23.026 GMT+0100,1.10216,1.1021200000000002,0.19,0.75
29.01.2020 00:05:32.320 GMT+0100,1.10216,1.10213,0.19,0.56
29.01.2020 00:05:32.490 GMT+0100,1.10216,1.1021400000000001,0.19,0.56
29.01.2020 00:05:34.215 GMT+0100,1.10218,1.1021400000000001,0.1,0.56
29.01.2020 00:05:34.317 GMT+0100,1.10218,1.10213,0.1,0.75
29.01.2020 00:05:34.570 GMT+0100,1.10218,1.1021400000000001,0.1,0.56
29.01.2020 00:05:35.205 GMT+0100,1.10217,1.1021400000000001,0.19,0.56
29.01.2020 00:05:35.484 GMT+0100,1.10218,1.10213,0.26,0.56
29.01.2020 00:05:37.057 GMT+0100,1.10218,1.1021200000000002,0.26,2.25
29.01.2020 00:05:37.848 GMT+0100,1.10218,1.10213,0.26,0.56
29.01.2020 00:05:38.291 GMT+0100,1.10218,1.1021200000000002,1.01,3
29.01.2020 00:05:43.876 GMT+0100,1.10218,1.10213,0.71,0.75
29.01.2020 00:05:43.977 GMT+0100,1.10218,1.1021200000000002,0.71,2.32
29.01.2020 00:05:44.157 GMT+0100,1.10218,1.10213,0.71,0.75
29.01.2020 00:05:45.335 GMT+0100,1.10218,1.1021200000000002,0.71,2.32
29.01.2020 00:05:45.769 GMT+0100,1.10218,1.10213,0.71,0.56
29.01.2020 00:05:45.932 GMT+0100,1.10218,1.1021200000000002,0.71,2.32
29.01.2020 00:05:46.775 GMT+0100,1.10218,1.10213,0.26,0.75
29.01.2020 00:05:47.040 GMT+0100,1.10218,1.1021200000000002,0.26,2.25
29.01.2020 00:05:47.368 GMT+0100,1.10218,1.10213,0.26,0.56
29.01.2020 00:05:47.970 GMT+0100,1.10218,1.1021200000000002,0.26,3
29.01.2020 00:05:48.029 GMT+0100,1.10215,1.1021200000000002,0.75,3
29.01.2020 00:05:48.138 GMT+0100,1.1021400000000001,1.1021100000000001,0.75,1.01
29.01.2020 00:05:48.189 GMT+0100,1.10216,1.1021200000000002,0.1,0.94
29.01.2020 00:05:48.292 GMT+0100,1.10217,1.1021200000000002,0.75,0.94
29.01.2020 00:05:49.120 GMT+0100,1.10217,1.1021400000000001,0.75,0.19
29.01.2020 00:05:50.347 GMT+0100,1.10218,1.1021400000000001,0.19,0.19
29.01.2020 00:06:05.849 GMT+0100,1.10217,1.1021200000000002,0.19,2.06
29.01.2020 00:06:06.001 GMT+0100,1.10218,1.1021200000000002,0.71,2.25
29.01.2020 00:06:06.052 GMT+0100,1.10216,1.1021200000000002,0.94,0.56
29.01.2020 00:06:06.154 GMT+0100,1.10217,1.1021100000000001,4.31,0.94
29.01.2020 00:06:07.070 GMT+0100,1.10217,1.1021200000000002,0.19,0.75
29.01.2020 00:06:07.223 GMT+0100,1.10217,1.10213,0.19,0.56
29.01.2020 00:06:08.009 GMT+0100,1.10217,1.1021200000000002,0.19,1.31
29.01.2020 00:06:08.526 GMT+0100,1.10217,1.10213,0.19,0.56
29.01.2020 00:06:10.011 GMT+0100,1.10217,1.1021200000000002,0.19,0.56
29.01.2020 00:06:10.966 GMT+0100,1.10217,1.10213,0.19,0.56
29.01.2020 00:06:16.169 GMT+0100,1.10217,1.1021100000000001,0.19,4.5
29.01.2020 00:06:16.576 GMT+0100,1.10215,1.1021100000000001,0.94,0.1
29.01.2020 00:06:16.677 GMT+0100,1.10215,1.10209,0.94,2.06
29.01.2020 00:06:20.133 GMT+0100,1.1021400000000001,1.10209,0.1,0.75
29.01.2020 00:06:20.235 GMT+0100,1.10215,1.10209,0.75,0.75
29.01.2020 00:06:20.531 GMT+0100,1.10215,1.1021,3.37,0.56
29.01.2020 00:06:20.663 GMT+0100,1.1021400000000001,1.1021,0.37,0.56
29.01.2020 00:06:20.902 GMT+0100,1.1021400000000001,1.10209,0.37,0.56
29.01.2020 00:06:21.104 GMT+0100,1.10215,1.10209,1.12,0.56
29.01.2020 00:06:23.631 GMT+0100,1.1021400000000001,1.10209,1.87,0.56
29.01.2020 00:06:24.921 GMT+0100,1.10215,1.10209,1.12,1.5
29.01.2020 00:06:25.658 GMT+0100,1.10215,1.10208,5.14,4.12
29.01.2020 00:06:25.760 GMT+0100,1.1021400000000001,1.10209,0.75,0.75
29.01.2020 00:06:26.090 GMT+0100,1.10215,1.10209,5.14,1.01
29.01.2020 00:06:26.307 GMT+0100,1.10215,1.1021,4.01,0.56
29.01.2020 00:06:26.511 GMT+0100,1.10215,1.10208,4.01,4.87
29.01.2020 00:06:29.253 GMT+0100,1.1021400000000001,1.10208,0.1,3.19
29.01.2020 00:06:31.494 GMT+0100,1.1021400000000001,1.10209,4.2,0.75
29.01.2020 00:06:32.083 GMT+0100,1.1021400000000001,1.10208,0.82,2.25
29.01.2020 00:06:43.420 GMT+0100,1.1021400000000001,1.10207,2.51,3.45
29.01.2020 00:06:44.645 GMT+0100,1.10213,1.10207,0.75,4.2
29.01.2020 00:06:44.696 GMT+0100,1.10213,1.10209,0.75,0.56
29.01.2020 00:06:44.868 GMT+0100,1.1021400000000001,1.10209,4.2,0.56
29.01.2020 00:06:45.439 GMT+0100,1.10213,1.10209,0.75,0.56
29.01.2020 00:06:46.049 GMT+0100,1.10213,1.10208,0.75,0.75
29.01.2020 00:06:46.906 GMT+0100,1.1021400000000001,1.10207,4.09,3.37
29.01.2020 00:06:47.276 GMT+0100,1.1021400000000001,1.10209,4.27,0.56
29.01.2020 00:06:50.474 GMT+0100,1.10213,1.10209,0.1,0.56
29.01.2020 00:06:51.197 GMT+0100,1.10213,1.10208,0.1,0.56
29.01.2020 00:06:52.767 GMT+0100,1.10213,1.10207,0.1,3.82
29.01.2020 00:06:52.868 GMT+0100,1.10213,1.10208,0.1,0.56
29.01.2020 00:06:55.398 GMT+0100,1.10213,1.10207,0.1,3.82
29.01.2020 00:06:59.746 GMT+0100,1.10213,1.10208,0.15,0.56
29.01.2020 00:07:06.591 GMT+0100,1.1021400000000001,1.10208,2.7,0.37
29.01.2020 00:07:07.062 GMT+0100,1.10213,1.10208,0.75,0.37
29.01.2020 00:07:07.542 GMT+0100,1.10213,1.10207,0.75,4.2
29.01.2020 00:07:09.541 GMT+0100,1.1021200000000002,1.10208,0.75,0.56
29.01.2020 00:07:12.933 GMT+0100,1.10213,1.10208,0.75,0.56
29.01.2020 00:07:14.088 GMT+0100,1.1021200000000002,1.10208,0.75,0.56
29.01.2020 00:07:14.139 GMT+0100,1.1021400000000001,1.10208,2.7,0.56
29.01.2020 00:07:18.073 GMT+0100,1.10213,1.10208,0.75,0.56
29.01.2020 00:07:18.174 GMT+0100,1.1021400000000001,1.10207,1.95,3.75
29.01.2020 00:07:18.279 GMT+0100,1.1021400000000001,1.10208,2.14,0.19
29.01.2020 00:07:24.689 GMT+0100,1.10213,1.10208,0.75,1.69
29.01.2020 00:07:25.570 GMT+0100,1.1021400000000001,1.10208,1.5,3
29.01.2020 00:07:32.597 GMT+0100,1.1021400000000001,1.10209,4.87,0.75
29.01.2020 00:07:32.704 GMT+0100,1.1021400000000001,1.10208,2.62,3.19
29.01.2020 00:07:36.372 GMT+0100,1.10213,1.10209,0.75,0.75
29.01.2020 00:07:39.713 GMT+0100,1.1021400000000001,1.10208,2.62,1.5
29.01.2020 00:07:47.818 GMT+0100,1.10213,1.10208,0.1,2.25
29.01.2020 00:07:47.919 GMT+0100,1.1021400000000001,1.10208,2.62,2.25
29.01.2020 00:07:48.389 GMT+0100,1.1021400000000001,1.10209,3.37,0.75
29.01.2020 00:07:51.599 GMT+0100,1.10215,1.10208,7.76,3.19
29.01.2020 00:07:55.884 GMT+0100,1.1021400000000001,1.10208,0.1,3.19
29.01.2020 00:07:55.985 GMT+0100,1.1021400000000001,1.10209,0.1,0.56
29.01.2020 00:08:00.941 GMT+0100,1.1021400000000001,1.10208,0.82,2.44
29.01.2020 00:08:15.685 GMT+0100,1.1021400000000001,1.10209,1.5,0.56
29.01.2020 00:08:16.887 GMT+0100,1.10213,1.10209,0.75,1.31
29.01.2020 00:08:24.405 GMT+0100,1.10213,1.10208,0.1,2.81
29.01.2020 00:08:26.220 GMT+0100,1.10215,1.10208,5.7,2.06
29.01.2020 00:08:26.412 GMT+0100,1.1021400000000001,1.10209,2.25,0.75
29.01.2020 00:08:26.513 GMT+0100,1.10215,1.10208,5.32,2.06
29.01.2020 00:08:32.424 GMT+0100,1.1021400000000001,1.10208,0.75,2.81
29.01.2020 00:08:34.144 GMT+0100,1.1021400000000001,1.10209,0.75,0.56
29.01.2020 00:08:36.588 GMT+0100,1.1021400000000001,1.10208,2.62,2.81
29.01.2020 00:08:49.527 GMT+0100,1.1021400000000001,1.1021,0.75,0.75
29.01.2020 00:08:50.884 GMT+0100,1.1021400000000001,1.10208,0.75,3.37
29.01.2020 00:08:54.371 GMT+0100,1.1021400000000001,1.10209,3.07,0.75
29.01.2020 00:08:54.534 GMT+0100,1.1021400000000001,1.10208,2.32,3
29.01.2020 00:09:07.791 GMT+0100,1.1021400000000001,1.10209,1.5,0.75
29.01.2020 00:09:07.893 GMT+0100,1.10215,1.10209,1.69,0.75
29.01.2020 00:09:08.044 GMT+0100,1.1021400000000001,1.10209,0.1,0.75
29.01.2020 00:09:08.145 GMT+0100,1.10215,1.10209,4.39,0.75
29.01.2020 00:09:08.405 GMT+0100,1.10215,1.1021,4.39,0.75
29.01.2020 00:09:09.168 GMT+0100,1.10215,1.10209,3.94,2.25
29.01.2020 00:09:09.320 GMT+0100,1.10215,1.1021,4.39,1.5
29.01.2020 00:09:09.472 GMT+0100,1.1021400000000001,1.1021,0.82,1.5
29.01.2020 00:09:12.444 GMT+0100,1.10215,1.1021100000000001,6.19,0.75
29.01.2020 00:09:12.958 GMT+0100,1.10215,1.10209,3.19,1.5
29.01.2020 00:09:18.939 GMT+0100,1.1021400000000001,1.10209,0.75,2.06
29.01.2020 00:09:19.399 GMT+0100,1.1021400000000001,1.1021,3,0.75
29.01.2020 00:09:19.582 GMT+0100,1.1021400000000001,1.10209,3,1.5
29.01.2020 00:09:27.074 GMT+0100,1.1021400000000001,1.10208,1.31,3.94
29.01.2020 00:09:27.966 GMT+0100,1.1021400000000001,1.10209,1.01,0.56
29.01.2020 00:09:28.128 GMT+0100,1.1021400000000001,1.10208,1.01,4.12
29.01.2020 00:09:28.434 GMT+0100,1.10213,1.10208,0.45,4.12
29.01.2020 00:09:28.535 GMT+0100,1.1021400000000001,1.10209,0.94,0.56
29.01.2020 00:09:29.405 GMT+0100,1.1021400000000001,1.10208,0.64,3.37
29.01.2020 00:09:31.037 GMT+0100,1.1021400000000001,1.10209,0.64,0.37
29.01.2020 00:09:32.855 GMT+0100,1.1021400000000001,1.10208,0.26,3.37
29.01.2020 00:09:34.177 GMT+0100,1.1021400000000001,1.10209,0.26,0.56
29.01.2020 00:09:34.705 GMT+0100,1.10213,1.10209,0.94,2.25
29.01.2020 00:09:39.982 GMT+0100,1.10213,1.1021,1.69,0.75
29.01.2020 00:09:42.423 GMT+0100,1.10213,1.10209,0.19,3
29.01.2020 00:09:52.328 GMT+0100,1.10213,1.1021,0.94,0.75
29.01.2020 00:09:53.636 GMT+0100,1.10213,1.10209,0.19,1.5
29.01.2020 00:10:04.621 GMT+0100,1.10213,1.1021,0.19,0.75
29.01.2020 00:10:10.668 GMT+0100,1.1021400000000001,1.1021,0.19,0.75
29.01.2020 00:10:20.641 GMT+0100,1.10215,1.1021,4.39,0.75
29.01.2020 00:10:22.516 GMT+0100,1.10215,1.1021400000000001,1.12,0.75
29.01.2020 00:10:22.618 GMT+0100,1.10218,1.1021400000000001,0.34,0.75
29.01.2020 00:10:23.099 GMT+0100,1.10218,1.10215,1.5,1.5
29.01.2020 00:10:26.337 GMT+0100,1.10219,1.10215,1.84,0.75
29.01.2020 00:10:26.969 GMT+0100,1.10218,1.10215,0.75,0.75
29.01.2020 00:10:27.128 GMT+0100,1.10219,1.10215,2.59,0.75
29.01.2020 00:10:29.946 GMT+0100,1.10218,1.10215,0.1,0.75
29.01.2020 00:10:31.999 GMT+0100,1.10218,1.1021400000000001,0.1,4.5
29.01.2020 00:10:34.125 GMT+0100,1.10219,1.1021400000000001,5.02,4.5
29.01.2020 00:10:34.969 GMT+0100,1.10218,1.10215,1.5,2.25
29.01.2020 00:10:37.803 GMT+0100,1.10218,1.1021400000000001,0.1,2.25
29.01.2020 00:10:41.035 GMT+0100,1.10218,1.10215,0.56,0.75
29.01.2020 00:10:45.410 GMT+0100,1.10219,1.10215,6.15,0.75
29.01.2020 00:10:45.810 GMT+0100,1.10218,1.10215,0.75,1.5
29.01.2020 00:10:46.500 GMT+0100,1.10219,1.10215,6.15,0.75
29.01.2020 00:10:48.212 GMT+0100,1.10218,1.10215,0.75,0.75
29.01.2020 00:10:58.339 GMT+0100,1.10219,1.10215,5.02,1.5
29.01.2020 00:11:00.219 GMT+0100,1.10218,1.10215,0.75,0.75
29.01.2020 00:11:01.516 GMT+0100,1.10219,1.10215,2.7,0.75
29.01.2020 00:11:06.036 GMT+0100,1.10218,1.10215,0.1,0.75
29.01.2020 00:11:06.188 GMT+0100,1.10219,1.10215,1.95,0.75
29.01.2020 00:11:16.308 GMT+0100,1.10218,1.10215,0.75,0.75
29.01.2020 00:11:16.460 GMT+0100,1.10219,1.10215,1.39,0.75
29.01.2020 00:11:20.214 GMT+0100,1.10219,1.1021400000000001,1.39,3
29.01.2020 00:11:23.899 GMT+0100,1.10218,1.10215,0.75,0.75
29.01.2020 00:11:25.675 GMT+0100,1.10219,1.1021400000000001,1.95,3
29.01.2020 00:11:26.644 GMT+0100,1.10218,1.10215,0.75,0.75
29.01.2020 00:11:26.746 GMT+0100,1.10219,1.1021400000000001,1.95,3
29.01.2020 00:11:36.723 GMT+0100,1.10219,1.10215,0.1,0.75
29.01.2020 00:11:36.825 GMT+0100,1.10219,1.1021400000000001,0.1,3.19
29.01.2020 00:11:37.995 GMT+0100,1.10219,1.10215,0.82,0.75
29.01.2020 00:11:39.392 GMT+0100,1.10219,1.1021400000000001,0.1,4.69
29.01.2020 00:11:42.247 GMT+0100,1.10218,1.1021400000000001,0.19,3.94
29.01.2020 00:11:46.753 GMT+0100,1.10218,1.10215,0.94,0.75
29.01.2020 00:11:46.854 GMT+0100,1.10218,1.1021400000000001,0.19,3.19
29.01.2020 00:11:57.175 GMT+0100,1.10218,1.10215,0.19,0.75
29.01.2020 00:12:21.399 GMT+0100,1.10218,1.1021400000000001,0.26,5.44
29.01.2020 00:12:33.372 GMT+0100,1.10218,1.10215,0.19,0.75
29.01.2020 00:12:39.371 GMT+0100,1.10218,1.1021400000000001,0.19,4.69
29.01.2020 00:12:41.409 GMT+0100,1.10218,1.10215,0.94,2.25
29.01.2020 00:12:41.929 GMT+0100,1.10218,1.1021400000000001,0.19,4.5
29.01.2020 00:12:46.829 GMT+0100,1.10218,1.10215,0.94,2.25
29.01.2020 00:12:46.939 GMT+0100,1.10218,1.1021400000000001,0.19,4.5
29.01.2020 00:12:50.830 GMT+0100,1.10218,1.10215,0.94,2.25
29.01.2020 00:12:54.789 GMT+0100,1.10219,1.1021400000000001,1.01,5.25
29.01.2020 00:12:54.993 GMT+0100,1.10218,1.10215,0.75,2.25
29.01.2020 00:12:56.618 GMT+0100,1.10219,1.1021400000000001,1.01,5.25
29.01.2020 00:13:01.162 GMT+0100,1.10218,1.10215,0.75,2.25
29.01.2020 00:13:01.994 GMT+0100,1.10219,1.1021400000000001,0.26,5.25
29.01.2020 00:13:06.371 GMT+0100,1.10219,1.10215,1.01,0.75
29.01.2020 00:13:20.873 GMT+0100,1.10219,1.1021400000000001,0.19,5.25
29.01.2020 00:13:22.607 GMT+0100,1.10219,1.10215,0.94,0.75
29.01.2020 00:13:26.426 GMT+0100,1.10219,1.1021400000000001,0.19,3
29.01.2020 00:13:29.301 GMT+0100,1.10219,1.10218,3,1.5
29.01.2020 00:13:29.403 GMT+0100,1.1022200000000002,1.10218,2.89,2.62
29.01.2020 00:13:29.455 GMT+0100,1.1022200000000002,1.1022100000000001,0.64,0.75
29.01.2020 00:13:29.917 GMT+0100,1.10223,1.1022100000000001,0.75,0.75
29.01.2020 00:13:31.911 GMT+0100,1.10224,1.1022100000000001,2.44,0.75
29.01.2020 00:13:32.530 GMT+0100,1.10223,1.1022100000000001,0.75,0.75
29.01.2020 00:13:33.499 GMT+0100,1.10224,1.1022100000000001,2.44,0.75
29.01.2020 00:13:36.014 GMT+0100,1.10223,1.1022100000000001,0.75,0.75
29.01.2020 00:13:36.248 GMT+0100,1.10224,1.1022100000000001,2.44,0.75
29.01.2020 00:13:36.541 GMT+0100,1.10223,1.1022100000000001,0.45,0.75
29.01.2020 00:13:40.912 GMT+0100,1.10224,1.1022200000000002,6.75,2.25
29.01.2020 00:13:41.013 GMT+0100,1.10226,1.1022100000000001,2.7,3
29.01.2020 00:13:41.064 GMT+0100,1.10226,1.10225,1.95,0.75
29.01.2020 00:13:41.166 GMT+0100,1.10227,1.10225,0.75,0.75
29.01.2020 00:13:41.282 GMT+0100,1.10228,1.10225,0.94,0.75
29.01.2020 00:13:43.004 GMT+0100,1.10229,1.10226,1.5,0.75
29.01.2020 00:13:44.423 GMT+0100,1.10228,1.10226,0.75,0.75
29.01.2020 00:13:44.658 GMT+0100,1.10229,1.10226,1.69,0.75
29.01.2020 00:13:44.911 GMT+0100,1.10228,1.10226,0.75,0.75
29.01.2020 00:13:45.012 GMT+0100,1.10229,1.10226,0.94,0.75
29.01.2020 00:13:51.615 GMT+0100,1.10228,1.10225,0.75,0.75
29.01.2020 00:13:53.733 GMT+0100,1.10229,1.10225,1.69,0.75
29.01.2020 00:13:59.101 GMT+0100,1.10228,1.10225,0.75,0.75
29.01.2020 00:13:59.922 GMT+0100,1.10229,1.10225,1.69,0.75
29.01.2020 00:14:00.341 GMT+0100,1.10228,1.10225,0.75,0.75
29.01.2020 00:14:01.622 GMT+0100,1.10228,1.10226,0.75,0.75
29.01.2020 00:14:01.853 GMT+0100,1.10229,1.10226,2.25,0.75
29.01.2020 00:14:05.744 GMT+0100,1.10228,1.10226,0.75,0.75
29.01.2020 00:14:09.372 GMT+0100,1.10229,1.10226,2.25,0.75
29.01.2020 00:14:10.623 GMT+0100,1.10228,1.10226,0.45,0.75
29.01.2020 00:14:13.597 GMT+0100,1.10228,1.10224,0.75,3
29.01.2020 00:14:14.238 GMT+0100,1.10228,1.10225,1.5,0.75
29.01.2020 00:14:14.390 GMT+0100,1.10228,1.10224,0.75,2.25
29.01.2020 00:14:14.491 GMT+0100,1.10229,1.10224,5.7,2.25
29.01.2020 00:14:15.422 GMT+0100,1.10228,1.10224,0.56,2.25
29.01.2020 00:14:17.376 GMT+0100,1.10229,1.10224,4.57,2.25
29.01.2020 00:14:17.523 GMT+0100,1.10228,1.10224,0.75,2.25
29.01.2020 00:14:21.588 GMT+0100,1.10229,1.10224,4.2,2.25
29.01.2020 00:14:33.371 GMT+0100,1.10228,1.10224,0.75,3
29.01.2020 00:14:34.823 GMT+0100,1.10228,1.10225,0.75,0.75
29.01.2020 00:14:35.679 GMT+0100,1.10228,1.10224,1.2,1.5
29.01.2020 00:14:36.446 GMT+0100,1.10228,1.10225,1.2,0.75
29.01.2020 00:14:38.013 GMT+0100,1.10228,1.10223,1.5,2.44
29.01.2020 00:14:41.754 GMT+0100,1.10226,1.10223,0.75,3.94
29.01.2020 00:14:49.451 GMT+0100,1.10227,1.10223,2.44,0.94
29.01.2020 00:15:04.389 GMT+0100,1.10226,1.10224,0.75,0.75
29.01.2020 00:15:15.317 GMT+0100,1.10227,1.10224,0.19,3
29.01.2020 00:15:15.418 GMT+0100,1.10227,1.10223,2.14,1.5
29.01.2020 00:15:15.520 GMT+0100,1.10227,1.10224,1.69,0.75
29.01.2020 00:15:16.015 GMT+0100,1.10227,1.10223,0.19,2.25
29.01.2020 00:15:18.158 GMT+0100,1.10227,1.10224,0.19,0.75
29.01.2020 00:15:18.330 GMT+0100,1.10227,1.10223,0.19,2.25
29.01.2020 00:15:19.066 GMT+0100,1.10226,1.10223,0.56,2.25
29.01.2020 00:15:21.083 GMT+0100,1.10228,1.10224,3,0.75
29.01.2020 00:15:31.608 GMT+0100,1.10228,1.10225,1.87,0.75
29.01.2020 00:15:33.122 GMT+0100,1.10228,1.10224,1.12,1.5
29.01.2020 00:15:33.224 GMT+0100,1.10228,1.10223,1.12,4.12
29.01.2020 00:15:33.987 GMT+0100,1.10228,1.10224,1.87,0.75
29.01.2020 00:15:35.056 GMT+0100,1.10228,1.10223,1.12,4.12
29.01.2020 00:15:36.943 GMT+0100,1.10227,1.10223,0.75,4.31
29.01.2020 00:15:41.113 GMT+0100,1.10227,1.10224,0.56,0.75
29.01.2020 00:15:41.392 GMT+0100,1.10228,1.10224,1.2,0.75
29.01.2020 00:15:47.499 GMT+0100,1.10228,1.10225,1.76,0.75
29.01.2020 00:15:53.796 GMT+0100,1.10228,1.10224,0.75,3
29.01.2020 00:15:55.261 GMT+0100,1.10228,1.10225,1.5,0.75
29.01.2020 00:15:56.890 GMT+0100,1.10228,1.10224,0.75,4.5
29.01.2020 00:16:05.608 GMT+0100,1.10228,1.10225,1.2,0.75
29.01.2020 00:16:05.832 GMT+0100,1.10227,1.10225,0.19,0.75
29.01.2020 00:16:08.154 GMT+0100,1.10228,1.10225,1.87,0.75
29.01.2020 00:16:32.344 GMT+0100,1.10229,1.10226,0.19,2.25
29.01.2020 00:16:32.597 GMT+0100,1.10228,1.10226,0.75,3.75
29.01.2020 00:16:32.785 GMT+0100,1.10229,1.10226,0.94,0.75
29.01.2020 00:16:32.886 GMT+0100,1.10228,1.10226,0.75,3
29.01.2020 00:16:32.988 GMT+0100,1.10229,1.10226,1.5,0.75
29.01.2020 00:16:33.089 GMT+0100,1.10228,1.10226,0.75,1.5
29.01.2020 00:16:33.381 GMT+0100,1.10229,1.10226,1.5,0.75
29.01.2020 00:16:34.051 GMT+0100,1.1023,1.10228,2.7,3.75
29.01.2020 00:16:34.153 GMT+0100,1.1023100000000001,1.10229,0.56,1.5
29.01.2020 00:16:34.256 GMT+0100,1.1023200000000002,1.1023,0.56,0.75
29.01.2020 00:16:35.089 GMT+0100,1.10233,1.1023,0.19,2.25
29.01.2020 00:17:00.991 GMT+0100,1.10233,1.10229,0.19,3.75
29.01.2020 00:17:12.861 GMT+0100,1.10233,1.1023,0.19,0.75
29.01.2020 00:17:17.647 GMT+0100,1.1023100000000001,1.1023,0.56,0.75
29.01.2020 00:17:18.312 GMT+0100,1.10233,1.1023,0.19,0.75
29.01.2020 00:17:36.371 GMT+0100,1.10234,1.1023,4.39,0.75
29.01.2020 00:17:37.838 GMT+0100,1.10233,1.1023,0.75,3
29.01.2020 00:17:37.940 GMT+0100,1.10234,1.1023,2.06,0.75
29.01.2020 00:17:40.247 GMT+0100,1.10233,1.1023,0.75,1.5
29.01.2020 00:17:40.400 GMT+0100,1.10234,1.1023,2.06,0.75
29.01.2020 00:17:56.267 GMT+0100,1.10233,1.1023,0.56,1.5
29.01.2020 00:17:59.440 GMT+0100,1.10234,1.1023,0.75,1.5
29.01.2020 00:18:13.560 GMT+0100,1.10234,1.1023100000000001,0.75,0.75
29.01.2020 00:18:20.917 GMT+0100,1.10234,1.1023,3.67,1.5
29.01.2020 00:18:21.728 GMT+0100,1.10233,1.1023,0.75,3.75
29.01.2020 00:18:22.018 GMT+0100,1.10234,1.1023,2.06,1.5
29.01.2020 00:18:22.196 GMT+0100,1.10233,1.1023,0.75,3.75
29.01.2020 00:18:22.400 GMT+0100,1.10234,1.1023,2.62,1.5
29.01.2020 00:18:25.832 GMT+0100,1.10233,1.1023,0.45,0.75
29.01.2020 00:18:28.052 GMT+0100,1.10234,1.1023,3.45,0.75
29.01.2020 00:18:33.186 GMT+0100,1.10233,1.1023,0.75,3
29.01.2020 00:18:33.422 GMT+0100,1.10234,1.1023,2.7,0.75
29.01.2020 00:18:38.869 GMT+0100,1.10233,1.1023,0.75,3
29.01.2020 00:18:38.970 GMT+0100,1.10234,1.1023,2.62,0.75
29.01.2020 00:18:39.329 GMT+0100,1.10233,1.1023,0.75,3
29.01.2020 00:18:40.930 GMT+0100,1.10234,1.1023,2.25,0.75
29.01.2020 00:18:47.020 GMT+0100,1.10233,1.1023,0.75,3
29.01.2020 00:18:47.225 GMT+0100,1.10234,1.1023,1.95,0.75
29.01.2020 00:18:53.984 GMT+0100,1.10234,1.10229,2.7,4.57
29.01.2020 00:19:05.966 GMT+0100,1.10233,1.10229,0.75,3.07
29.01.2020 00:19:06.119 GMT+0100,1.10234,1.10229,3.75,2.32
29.01.2020 00:19:06.220 GMT+0100,1.10233,1.10229,0.75,3.07
29.01.2020 00:19:06.354 GMT+0100,1.10234,1.10229,2.25,2.32
29.01.2020 00:19:12.027 GMT+0100,1.10233,1.10229,0.75,0.82
29.01.2020 00:19:13.393 GMT+0100,1.10233,1.1023,3,0.75
29.01.2020 00:19:18.916 GMT+0100,1.10233,1.10229,0.75,1.5
29.01.2020 00:19:24.399 GMT+0100,1.10233,1.1023,1.5,0.75
29.01.2020 00:19:25.781 GMT+0100,1.10233,1.10229,0.75,2.25
29.01.2020 00:19:26.225 GMT+0100,1.10233,1.1023,1.5,0.75
29.01.2020 00:19:26.369 GMT+0100,1.10233,1.10229,0.75,2.25
29.01.2020 00:19:28.858 GMT+0100,1.10233,1.1023,1.5,0.75
29.01.2020 00:19:28.959 GMT+0100,1.10233,1.10229,0.75,2.25
29.01.2020 00:19:42.371 GMT+0100,1.10233,1.1023,1.5,0.75
29.01.2020 00:19:45.397 GMT+0100,1.10233,1.10229,0.75,2.25
29.01.2020 00:19:45.779 GMT+0100,1.10233,1.1023,0.94,2.44
29.01.2020 00:20:01.154 GMT+0100,1.10234,1.10229,2.25,4.5
29.01.2020 00:20:01.256 GMT+0100,1.10234,1.1023100000000001,2.81,0.75
29.01.2020 00:20:01.399 GMT+0100,1.10234,1.1023,2.81,1.69
29.01.2020 00:20:01.551 GMT+0100,1.10234,1.10229,2.06,4.5
29.01.2020 00:20:21.479 GMT+0100,1.10233,1.1023,0.75,2.25
29.01.2020 00:20:21.612 GMT+0100,1.10234,1.10229,1.69,3.75
29.01.2020 00:20:41.930 GMT+0100,1.10233,1.1023,0.75,0.75
29.01.2020 00:20:42.865 GMT+0100,1.10234,1.1023100000000001,1.69,0.75
29.01.2020 00:20:48.899 GMT+0100,1.10233,1.1023100000000001,0.75,1.5
29.01.2020 00:20:50.787 GMT+0100,1.10234,1.1023100000000001,1.69,0.75
29.01.2020 00:21:08.894 GMT+0100,1.10233,1.1023100000000001,0.75,1.5
29.01.2020 00:21:10.523 GMT+0100,1.10234,1.1023100000000001,3.37,0.75
29.01.2020 00:21:15.434 GMT+0100,1.1023200000000002,1.1023100000000001,0.75,1.5
29.01.2020 00:21:15.535 GMT+0100,1.10233,1.1023100000000001,1.5,1.5
29.01.2020 00:21:16.602 GMT+0100,1.10234,1.1023100000000001,1.5,0.75
29.01.2020 00:21:16.928 GMT+0100,1.10233,1.1023100000000001,0.75,1.5
29.01.2020 00:21:17.973 GMT+0100,1.10234,1.1023100000000001,1.5,0.75
29.01.2020 00:21:43.446 GMT+0100,1.10233,1.1023100000000001,0.75,1.5
29.01.2020 00:21:48.694 GMT+0100,1.10233,1.1023200000000002,0.75,0.75
29.01.2020 00:21:50.436 GMT+0100,1.10234,1.1023200000000002,1.87,0.75
29.01.2020 00:22:01.880 GMT+0100,1.10233,1.1023200000000002,0.75,0.75
29.01.2020 00:22:01.981 GMT+0100,1.10234,1.1023200000000002,0.75,0.75
29.01.2020 00:22:05.205 GMT+0100,1.10233,1.1023200000000002,0.75,0.75
29.01.2020 00:22:07.328 GMT+0100,1.10234,1.1023200000000002,0.75,0.75
29.01.2020 00:22:08.694 GMT+0100,1.10234,1.1023100000000001,1.12,0.75
29.01.2020 00:22:12.446 GMT+0100,1.10233,1.1023100000000001,0.75,1.5
29.01.2020 00:22:12.548 GMT+0100,1.10234,1.1023100000000001,0.75,0.75
29.01.2020 00:22:34.763 GMT+0100,1.10234,1.1023,0.75,2.25
29.01.2020 00:22:41.810 GMT+0100,1.10234,1.1023100000000001,0.75,0.75
29.01.2020 00:22:46.067 GMT+0100,1.10234,1.1023,0.75,4.5
29.01.2020 00:22:50.995 GMT+0100,1.10234,1.1023100000000001,1.01,0.75
29.01.2020 00:22:58.222 GMT+0100,1.10233,1.1023100000000001,0.75,1.5
29.01.2020 00:22:59.616 GMT+0100,1.10234,1.1023100000000001,4.01,0.75
29.01.2020 00:22:59.717 GMT+0100,1.10233,1.1023100000000001,0.75,1.5
29.01.2020 00:23:00.619 GMT+0100,1.10234,1.1023100000000001,4.01,0.75
29.01.2020 00:23:11.646 GMT+0100,1.10234,1.1023,4.01,3
29.01.2020 00:23:44.888 GMT+0100,1.10233,1.1023100000000001,0.75,0.75
29.01.2020 00:24:00.388 GMT+0100,1.10234,1.1023,0.75,3
29.01.2020 00:24:01.632 GMT+0100,1.10233,1.1023100000000001,0.75,0.75
29.01.2020 00:24:05.193 GMT+0100,1.10234,1.1023,2.89,2.25
29.01.2020 00:24:08.072 GMT+0100,1.10234,1.1023100000000001,4.5,0.75
29.01.2020 00:24:10.632 GMT+0100,1.10233,1.1023100000000001,0.75,0.75
29.01.2020 00:24:11.818 GMT+0100,1.10234,1.1023100000000001,4.5,0.75
29.01.2020 00:24:20.233 GMT+0100,1.10233,1.1023100000000001,1.5,1.5
29.01.2020 00:24:22.587 GMT+0100,1.10233,1.1023,0.75,2.25
29.01.2020 00:24:22.694 GMT+0100,1.10234,1.1023,1.95,2.25
29.01.2020 00:24:27.371 GMT+0100,1.10233,1.1023,0.75,2.25
29.01.2020 00:24:28.197 GMT+0100,1.10233,1.1023200000000002,0.75,1.5
29.01.2020 00:24:28.849 GMT+0100,1.10233,1.1023,0.75,2.25
29.01.2020 00:24:30.372 GMT+0100,1.10234,1.1023,1.95,2.25
29.01.2020 00:24:30.587 GMT+0100,1.10233,1.1023,0.75,2.25
29.01.2020 00:24:36.371 GMT+0100,1.10234,1.1023,1.57,2.25
29.01.2020 00:25:05.479 GMT+0100,1.10233,1.1023100000000001,0.75,0.75
29.01.2020 00:25:10.518 GMT+0100,1.10233,1.1023,0.75,2.25
29.01.2020 00:25:12.371 GMT+0100,1.10234,1.1023,1.57,2.25
29.01.2020 00:26:00.610 GMT+0100,1.10233,1.1023100000000001,0.75,0.75
29.01.2020 00:26:10.585 GMT+0100,1.10234,1.1023,1.5,2.25
29.01.2020 00:26:39.329 GMT+0100,1.10233,1.1023100000000001,0.75,0.75
29.01.2020 00:26:39.480 GMT+0100,1.10233,1.1023,0.75,0.75
29.01.2020 00:26:39.581 GMT+0100,1.10234,1.1023,6,0.75
29.01.2020 00:26:50.622 GMT+0100,1.10233,1.1023,0.37,0.75
29.01.2020 00:26:51.729 GMT+0100,1.10234,1.1023,1.57,0.75
29.01.2020 00:27:07.138 GMT+0100,1.10233,1.1023,0.19,1.5
29.01.2020 00:27:09.462 GMT+0100,1.10233,1.1023100000000001,0.19,0.75
29.01.2020 00:27:29.463 GMT+0100,1.10233,1.1023,0.56,1.5
29.01.2020 00:28:10.212 GMT+0100,1.10233,1.10229,0.75,2.25
29.01.2020 00:28:10.542 GMT+0100,1.10234,1.10229,1.5,2.25
29.01.2020 00:28:27.745 GMT+0100,1.10234,1.1023,3,0.75
29.01.2020 00:28:33.420 GMT+0100,1.10233,1.1023,0.75,0.75
29.01.2020 00:28:37.000 GMT+0100,1.10234,1.1023,2.25,0.75
29.01.2020 00:28:48.653 GMT+0100,1.10234,1.10229,1.5,0.81
29.01.2020 00:28:59.324 GMT+0100,1.10233,1.10229,0.75,2.13
29.01.2020 00:29:13.436 GMT+0100,1.10233,1.10229,1.69,0.75
29.01.2020 00:30:02.370 GMT+0100,1.1023200000000002,1.10229,0.56,0.75
29.01.2020 00:30:04.176 GMT+0100,1.10233,1.10229,2.06,0.75
29.01.2020 00:30:04.940 GMT+0100,1.1023200000000002,1.10228,1.31,0.94
29.01.2020 00:30:13.000 GMT+0100,1.1023100000000001,1.10228,0.75,0.19
29.01.2020 00:30:13.101 GMT+0100,1.1023200000000002,1.10228,2.25,0.19
29.01.2020 00:30:13.438 GMT+0100,1.1023200000000002,1.10227,2.25,3.64
29.01.2020 00:30:14.475 GMT+0100,1.1023200000000002,1.10228,2.25,0.56
29.01.2020 00:30:14.773 GMT+0100,1.1023200000000002,1.10227,2.25,3.07
29.01.2020 00:30:15.634 GMT+0100,1.1023100000000001,1.10227,0.75,5.32
29.01.2020 00:30:15.735 GMT+0100,1.1023200000000002,1.10227,2.81,3.07
29.01.2020 00:30:22.111 GMT+0100,1.1023200000000002,1.10228,4.31,0.75
29.01.2020 00:30:22.212 GMT+0100,1.1023200000000002,1.10227,3.56,5.32
29.01.2020 00:30:27.372 GMT+0100,1.1023200000000002,1.10228,3.56,0.75
29.01.2020 00:30:39.742 GMT+0100,1.1023100000000001,1.10228,1.5,0.19
29.01.2020 00:30:49.085 GMT+0100,1.1023200000000002,1.10228,2.32,0.19
29.01.2020 00:31:15.705 GMT+0100,1.1023100000000001,1.10228,0.75,1.5
29.01.2020 00:31:16.107 GMT+0100,1.10228,1.10227,0.94,1.5
29.01.2020 00:31:16.210 GMT+0100,1.10226,1.10223,2.51,1.5
29.01.2020 00:31:16.311 GMT+0100,1.10226,1.1022200000000002,2.62,0.75
29.01.2020 00:31:16.362 GMT+0100,1.10224,1.1022200000000002,0.19,0.19
29.01.2020 00:31:16.565 GMT+0100,1.10226,1.1022200000000002,4.01,0.1
29.01.2020 00:31:17.119 GMT+0100,1.10225,1.1022200000000002,0.56,0.82
29.01.2020 00:31:17.565 GMT+0100,1.10226,1.1022200000000002,3.82,0.82
29.01.2020 00:31:18.417 GMT+0100,1.10226,1.1022100000000001,2.32,2.44
29.01.2020 00:31:18.468 GMT+0100,1.10224,1.1022,0.37,2.44
29.01.2020 00:31:18.571 GMT+0100,1.10224,1.1022200000000002,1.12,0.19
29.01.2020 00:31:18.673 GMT+0100,1.10225,1.1022100000000001,2.25,1.5
29.01.2020 00:31:18.780 GMT+0100,1.10225,1.1022200000000002,0.75,0.19
29.01.2020 00:31:20.733 GMT+0100,1.10224,1.1022200000000002,0.1,0.75
29.01.2020 00:31:21.145 GMT+0100,1.10224,1.1022100000000001,1.95,1.5
29.01.2020 00:31:22.591 GMT+0100,1.10225,1.1022200000000002,0.94,0.75
29.01.2020 00:31:24.263 GMT+0100,1.10224,1.1022,0.75,5.51
29.01.2020 00:31:24.371 GMT+0100,1.10224,1.1022100000000001,0.75,1.5
29.01.2020 00:31:24.481 GMT+0100,1.10226,1.1022200000000002,3.07,0.1
29.01.2020 00:31:24.735 GMT+0100,1.10225,1.1022100000000001,0.19,1.01
29.01.2020 00:31:24.990 GMT+0100,1.10226,1.1022200000000002,3.45,0.1
29.01.2020 00:31:25.092 GMT+0100,1.10225,1.1022200000000002,0.1,0.1
29.01.2020 00:31:28.228 GMT+0100,1.10226,1.1022200000000002,1.5,1.01
29.01.2020 00:32:10.525 GMT+0100,1.10226,1.1022100000000001,2.59,5.51
29.01.2020 00:32:10.627 GMT+0100,1.10225,1.1022100000000001,3.9,2.25
29.01.2020 00:32:10.678 GMT+0100,1.10223,1.1022100000000001,0.75,1.5
29.01.2020 00:32:10.779 GMT+0100,1.10224,1.1022100000000001,0.15,1.5
29.01.2020 00:32:13.884 GMT+0100,1.10223,1.1022100000000001,0.45,1.5
29.01.2020 00:32:16.030 GMT+0100,1.10223,1.1022,0.26,2.62
29.01.2020 00:32:16.131 GMT+0100,1.1022200000000002,1.10219,1.65,0.82
29.01.2020 00:32:16.233 GMT+0100,1.1022100000000001,1.10219,0.45,0.82
29.01.2020 00:32:29.938 GMT+0100,1.1022100000000001,1.10218,1.09,0.82
29.01.2020 00:33:13.998 GMT+0100,1.1022200000000002,1.10218,0.1,0.82
29.01.2020 00:33:17.029 GMT+0100,1.1022100000000001,1.10218,0.1,1.95
29.01.2020 00:33:34.246 GMT+0100,1.1022100000000001,1.10219,0.1,0.75
29.01.2020 00:34:17.185 GMT+0100,1.10223,1.10219,2.44,0.75
29.01.2020 00:34:21.422 GMT+0100,1.1022200000000002,1.10219,0.75,0.75
29.01.2020 00:34:27.371 GMT+0100,1.10223,1.10219,2.51,0.79
29.01.2020 00:34:28.130 GMT+0100,1.1022200000000002,1.10219,0.1,0.79
29.01.2020 00:34:28.232 GMT+0100,1.1022200000000002,1.10219,0.1,0.81
29.01.2020 00:34:29.497 GMT+0100,1.1022200000000002,1.10219,0.1,0.75
29.01.2020 00:34:51.380 GMT+0100,1.1022200000000002,1.1022,0.1,0.75
29.01.2020 00:34:55.180 GMT+0100,1.1022200000000002,1.10219,0.1,0.75
29.01.2020 00:35:09.861 GMT+0100,1.10223,1.10219,1.65,2.25
29.01.2020 00:35:15.472 GMT+0100,1.10223,1.1022,2.32,0.75
29.01.2020 00:35:15.615 GMT+0100,1.1022200000000002,1.1022,0.1,0.75
29.01.2020 00:35:17.152 GMT+0100,1.1022200000000002,1.1022,0.1,0.8
29.01.2020 00:35:19.099 GMT+0100,1.1022200000000002,1.1022,0.1,0.75
29.01.2020 00:35:20.100 GMT+0100,1.1022100000000001,1.1022,0.56,0.75
29.01.2020 00:35:24.641 GMT+0100,1.1022200000000002,1.1022,0.1,0.75
29.01.2020 00:35:34.595 GMT+0100,1.1022200000000002,1.10219,0.1,0.95
29.01.2020 00:35:50.212 GMT+0100,1.1022200000000002,1.1022,0.1,0.13
29.01.2020 00:35:50.415 GMT+0100,1.1022200000000002,1.10219,0.1,0.82
29.01.2020 00:35:54.595 GMT+0100,1.1022200000000002,1.1022,0.1,0.75
29.01.2020 00:36:18.933 GMT+0100,1.10223,1.1022,0.75,0.75
29.01.2020 00:36:19.569 GMT+0100,1.10224,1.1022,3.75,0.75
29.01.2020 00:36:22.776 GMT+0100,1.10223,1.1022,0.15,0.75
29.01.2020 00:36:29.485 GMT+0100,1.10223,1.1022100000000001,0.1,0.75
29.01.2020 00:36:49.468 GMT+0100,1.10223,1.1022,0.82,1.5
29.01.2020 00:36:50.978 GMT+0100,1.1022200000000002,1.1022,0.26,0.2
29.01.2020 00:36:51.030 GMT+0100,1.1022200000000002,1.10218,1.01,2.81
29.01.2020 00:36:51.132 GMT+0100,1.1022,1.10218,0.19,2.81
29.01.2020 00:36:51.336 GMT+0100,1.1022100000000001,1.10218,0.1,0.75
29.01.2020 00:36:51.451 GMT+0100,1.1022200000000002,1.10219,0.26,0.75
29.01.2020 00:36:53.257 GMT+0100,1.1022,1.10219,0.19,0.75
29.01.2020 00:36:53.359 GMT+0100,1.1022,1.10218,0.26,0.75
29.01.2020 00:36:58.691 GMT+0100,1.1022,1.10219,0.26,0.75
29.01.2020 00:37:00.502 GMT+0100,1.1022,1.10217,0.26,0.82
29.01.2020 00:37:01.000 GMT+0100,1.1022100000000001,1.10217,1.5,2.32
29.01.2020 00:37:01.456 GMT+0100,1.1022200000000002,1.10217,3.07,1.57
29.01.2020 00:37:03.540 GMT+0100,1.1022,1.10217,0.19,0.82
29.01.2020 00:37:03.693 GMT+0100,1.10219,1.10217,0.75,0.75
29.01.2020 00:37:05.109 GMT+0100,1.10218,1.10216,0.1,0.94
29.01.2020 00:37:05.211 GMT+0100,1.10218,1.10215,0.1,0.1
29.01.2020 00:37:06.174 GMT+0100,1.10218,1.1021400000000001,1.01,1.87
29.01.2020 00:37:28.083 GMT+0100,1.10218,1.10215,1.5,0.11
29.01.2020 00:37:29.934 GMT+0100,1.10218,1.1021400000000001,0.94,0.82
29.01.2020 00:37:37.212 GMT+0100,1.10219,1.10216,1.76,2.44
29.01.2020 00:37:37.313 GMT+0100,1.1022,1.10216,0.75,2.51
29.01.2020 00:37:37.415 GMT+0100,1.1022100000000001,1.10218,0.75,1.12
29.01.2020 00:37:37.516 GMT+0100,1.1022,1.10217,0.56,1.5
29.01.2020 00:37:37.729 GMT+0100,1.1022200000000002,1.10217,1.01,3.26
29.01.2020 00:37:37.932 GMT+0100,1.1022200000000002,1.10218,1.01,0.75
29.01.2020 00:37:42.371 GMT+0100,1.1022100000000001,1.10218,0.75,0.75
29.01.2020 00:37:43.850 GMT+0100,1.1022100000000001,1.10217,0.75,4.01
29.01.2020 00:37:43.998 GMT+0100,1.1022100000000001,1.10218,0.75,0.75
29.01.2020 00:37:46.312 GMT+0100,1.10219,1.10216,0.26,0.37
29.01.2020 00:37:46.414 GMT+0100,1.10219,1.10215,2.32,0.75
29.01.2020 00:37:46.616 GMT+0100,1.10218,1.10215,0.19,1.87
29.01.2020 00:37:47.156 GMT+0100,1.10219,1.10215,0.1,1.87
29.01.2020 00:37:53.751 GMT+0100,1.10218,1.10215,0.75,0.75
29.01.2020 00:38:16.120 GMT+0100,1.10218,1.10216,1.57,0.75
29.01.2020 00:38:18.319 GMT+0100,1.10218,1.10215,0.75,2.44
29.01.2020 00:38:18.421 GMT+0100,1.10218,1.10216,0.75,0.75
29.01.2020 00:38:18.728 GMT+0100,1.10219,1.10216,3.07,1.31
29.01.2020 00:38:18.931 GMT+0100,1.10218,1.10215,0.94,2.25
29.01.2020 00:38:19.033 GMT+0100,1.10218,1.10216,1.76,0.75
29.01.2020 00:38:19.085 GMT+0100,1.10218,1.1021400000000001,1.01,1.12
29.01.2020 00:38:19.136 GMT+0100,1.10218,1.10216,0.75,0.75
29.01.2020 00:38:19.238 GMT+0100,1.10219,1.10215,2.21,2.62
29.01.2020 00:38:19.339 GMT+0100,1.10218,1.1021400000000001,0.26,0.75
29.01.2020 00:38:32.498 GMT+0100,1.10217,1.10213,0.71,0.75
29.01.2020 00:38:32.599 GMT+0100,1.1021400000000001,1.1021200000000002,0.19,3.19
29.01.2020 00:38:32.650 GMT+0100,1.10217,1.1021400000000001,1.01,0.75
29.01.2020 00:38:32.752 GMT+0100,1.10217,1.10213,1.01,3.19
29.01.2020 00:38:33.894 GMT+0100,1.10217,1.1021400000000001,1.01,0.75
29.01.2020 00:38:36.106 GMT+0100,1.10217,1.10213,1.01,3.19
29.01.2020 00:38:37.329 GMT+0100,1.10217,1.1021400000000001,0.1,0.56
29.01.2020 00:38:41.013 GMT+0100,1.10217,1.10213,0.1,3.37
29.01.2020 00:38:46.353 GMT+0100,1.10217,1.1021400000000001,0.1,0.75
29.01.2020 00:38:46.455 GMT+0100,1.10217,1.10213,0.1,3.37
29.01.2020 00:38:48.328 GMT+0100,1.10217,1.1021400000000001,0.1,0.75
29.01.2020 00:39:02.893 GMT+0100,1.10217,1.10215,0.1,0.75
29.01.2020 00:39:08.356 GMT+0100,1.10217,1.1021400000000001,0.1,2.25
29.01.2020 00:39:32.736 GMT+0100,1.10218,1.1021400000000001,1.39,0.75
29.01.2020 00:39:56.851 GMT+0100,1.10217,1.1021400000000001,0.1,0.82
29.01.2020 00:40:07.417 GMT+0100,1.10218,1.1021400000000001,1.82,1.69
29.01.2020 00:40:17.280 GMT+0100,1.10219,1.1021400000000001,6.45,0.82
29.01.2020 00:40:24.045 GMT+0100,1.10219,1.10216,7.2,0.75
29.01.2020 00:40:25.891 GMT+0100,1.10218,1.10216,0.75,0.75
29.01.2020 00:40:47.813 GMT+0100,1.10218,1.10215,2.02,2.25
29.01.2020 00:41:12.713 GMT+0100,1.10218,1.1021400000000001,0.1,2.25
29.01.2020 00:41:12.814 GMT+0100,1.10218,1.10215,0.82,0.75
29.01.2020 00:41:12.916 GMT+0100,1.10218,1.1021400000000001,1.01,2.25
29.01.2020 00:41:13.435 GMT+0100,1.10218,1.10215,1.76,0.75
29.01.2020 00:41:13.537 GMT+0100,1.10218,1.1021400000000001,1.01,2.25
29.01.2020 00:41:19.054 GMT+0100,1.10217,1.1021400000000001,0.56,2.25
29.01.2020 00:41:19.155 GMT+0100,1.10218,1.1021400000000001,1.01,2.25
29.01.2020 00:41:25.890 GMT+0100,1.10218,1.10215,0.82,0.75
29.01.2020 00:41:32.067 GMT+0100,1.10219,1.1021400000000001,5.51,2.25
29.01.2020 00:41:34.136 GMT+0100,1.10218,1.1021400000000001,1.31,2.81
29.01.2020 00:41:41.404 GMT+0100,1.10219,1.1021400000000001,4.76,2.25
29.01.2020 00:41:43.012 GMT+0100,1.10218,1.10215,0.75,0.75
29.01.2020 00:41:43.113 GMT+0100,1.10219,1.1021400000000001,4.31,2.81
29.01.2020 00:41:43.778 GMT+0100,1.10218,1.1021400000000001,0.75,2.81
29.01.2020 00:41:43.879 GMT+0100,1.10219,1.1021400000000001,4.31,2.81
29.01.2020 00:41:46.420 GMT+0100,1.10218,1.1021400000000001,0.75,2.25
29.01.2020 00:41:46.698 GMT+0100,1.10219,1.1021400000000001,4.12,2.25
29.01.2020 00:41:48.508 GMT+0100,1.10218,1.1021400000000001,0.75,2.25
29.01.2020 00:41:49.630 GMT+0100,1.10218,1.10215,0.75,0.75
29.01.2020 00:41:49.732 GMT+0100,1.10219,1.10215,3,0.75
29.01.2020 00:41:51.472 GMT+0100,1.10218,1.10215,0.75,0.75
29.01.2020 00:41:53.137 GMT+0100,1.10219,1.10215,3.75,0.75
29.01.2020 00:41:53.575 GMT+0100,1.10218,1.10215,0.75,1.5
29.01.2020 00:41:53.852 GMT+0100,1.10219,1.10215,3,0.75
29.01.2020 00:41:55.669 GMT+0100,1.10218,1.10215,0.75,1.5
29.01.2020 00:42:03.371 GMT+0100,1.10219,1.10215,2.25,0.75
29.01.2020 00:42:09.630 GMT+0100,1.10219,1.1021400000000001,4.01,2.81
29.01.2020 00:42:24.415 GMT+0100,1.10218,1.1021400000000001,0.75,3.37
29.01.2020 00:42:26.707 GMT+0100,1.10218,1.10213,1.5,3.94
29.01.2020 00:42:43.287 GMT+0100,1.10218,1.1021400000000001,0.75,0.56
29.01.2020 00:42:46.562 GMT+0100,1.10218,1.10213,0.75,3.94
29.01.2020 00:42:57.864 GMT+0100,1.10218,1.1021400000000001,0.75,0.75
29.01.2020 00:43:03.267 GMT+0100,1.10218,1.10213,0.75,3
29.01.2020 00:43:04.175 GMT+0100,1.10218,1.1021400000000001,1.31,0.56
29.01.2020 00:43:07.261 GMT+0100,1.10219,1.1021400000000001,3.45,2.44
29.01.2020 00:43:07.594 GMT+0100,1.10218,1.1021400000000001,0.75,2.44
29.01.2020 00:43:12.371 GMT+0100,1.10219,1.1021400000000001,3.45,2.44
29.01.2020 00:43:17.448 GMT+0100,1.10218,1.10215,0.19,0.94
29.01.2020 00:43:19.992 GMT+0100,1.10219,1.1021400000000001,2.14,2.44
29.01.2020 00:43:20.790 GMT+0100,1.10218,1.10215,0.19,0.94
29.01.2020 00:43:21.079 GMT+0100,1.10219,1.1021400000000001,3.45,2.44
29.01.2020 00:43:24.945 GMT+0100,1.10218,1.1021400000000001,0.37,2.44
29.01.2020 00:43:26.019 GMT+0100,1.10219,1.1021400000000001,3.82,2.44
29.01.2020 00:43:27.210 GMT+0100,1.10219,1.10215,4.2,0.75
29.01.2020 00:43:32.144 GMT+0100,1.10218,1.10215,0.75,0.75
29.01.2020 00:43:47.262 GMT+0100,1.10218,1.1021400000000001,2.81,2.44
29.01.2020 00:43:51.371 GMT+0100,1.10217,1.1021400000000001,0.75,2.44
29.01.2020 00:43:57.371 GMT+0100,1.10218,1.1021400000000001,1.5,2.44
29.01.2020 00:44:18.372 GMT+0100,1.10217,1.1021400000000001,0.75,0.75
29.01.2020 00:44:21.372 GMT+0100,1.10218,1.1021400000000001,0.75,1.31
29.01.2020 00:45:02.263 GMT+0100,1.10217,1.10215,0.52,0.75
29.01.2020 00:45:08.101 GMT+0100,1.10218,1.10215,1.57,0.75
29.01.2020 00:45:18.050 GMT+0100,1.10218,1.1021400000000001,1.39,2.06
29.01.2020 00:45:22.817 GMT+0100,1.10217,1.1021400000000001,0.64,0.75
29.01.2020 00:45:28.360 GMT+0100,1.10218,1.1021400000000001,0.1,0.94
29.01.2020 00:45:33.828 GMT+0100,1.10216,1.1021400000000001,0.1,1.12
29.01.2020 00:45:38.729 GMT+0100,1.10218,1.1021400000000001,1.01,1.5
29.01.2020 00:45:50.970 GMT+0100,1.10218,1.10213,2.32,1.95
29.01.2020 00:45:56.214 GMT+0100,1.10218,1.1021400000000001,1.57,0.56
29.01.2020 00:46:01.064 GMT+0100,1.10218,1.10213,0.82,3.52
29.01.2020 00:46:13.351 GMT+0100,1.10218,1.1021400000000001,1.57,0.75
29.01.2020 00:46:14.453 GMT+0100,1.10218,1.10213,0.82,3.07
29.01.2020 00:46:26.065 GMT+0100,1.10218,1.1021400000000001,2.32,0.75
29.01.2020 00:46:26.243 GMT+0100,1.10217,1.1021400000000001,0.75,0.75
29.01.2020 00:46:26.344 GMT+0100,1.10217,1.10213,0.75,3.45
29.01.2020 00:46:27.056 GMT+0100,1.10218,1.10213,0.82,3.45
29.01.2020 00:46:29.940 GMT+0100,1.10217,1.10213,0.82,3.37
29.01.2020 00:46:30.042 GMT+0100,1.10217,1.1021400000000001,1.39,0.56
29.01.2020 00:46:37.893 GMT+0100,1.10217,1.10213,0.1,4.12
29.01.2020 00:46:42.814 GMT+0100,1.10217,1.1021400000000001,0.1,0.56
29.01.2020 00:47:02.871 GMT+0100,1.10219,1.10216,7.09,1.31
29.01.2020 00:47:03.372 GMT+0100,1.10217,1.1021400000000001,22.12,0.75
29.01.2020 00:47:49.931 GMT+0100,1.10218,1.10213,3.07,2.14
29.01.2020 00:47:55.894 GMT+0100,1.10217,1.10213,0.75,2.81
29.01.2020 00:48:00.556 GMT+0100,1.10218,1.10213,2.25,2.06
29.01.2020 00:48:02.559 GMT+0100,1.10217,1.10213,0.75,2.81
29.01.2020 00:48:03.422 GMT+0100,1.10218,1.10213,2.25,1.5
29.01.2020 00:48:07.140 GMT+0100,1.10217,1.10213,0.75,2.25
29.01.2020 00:48:08.496 GMT+0100,1.10218,1.10213,2.25,1.5
29.01.2020 00:48:11.913 GMT+0100,1.10218,1.1021400000000001,3,0.75
29.01.2020 00:48:14.289 GMT+0100,1.10218,1.10213,2.25,1.5
29.01.2020 00:48:38.671 GMT+0100,1.10218,1.10213,2.31,1.5
29.01.2020 00:48:43.863 GMT+0100,1.10217,1.10213,0.81,0.75
29.01.2020 00:48:51.419 GMT+0100,1.10217,1.10213,2.01,0.75
29.01.2020 00:48:56.416 GMT+0100,1.10217,1.10213,1.5,1.69
29.01.2020 00:49:04.802 GMT+0100,1.10218,1.10213,3,0.94
29.01.2020 00:49:09.371 GMT+0100,1.10217,1.10213,0.75,1.69
29.01.2020 00:49:12.372 GMT+0100,1.10218,1.10213,3.07,0.94
29.01.2020 00:49:15.372 GMT+0100,1.10217,1.10213,0.75,1.69
29.01.2020 00:49:21.730 GMT+0100,1.10218,1.10213,3.07,0.94
29.01.2020 00:49:29.393 GMT+0100,1.10217,1.10213,0.75,1.69
29.01.2020 00:49:43.438 GMT+0100,1.10218,1.10213,3.07,0.94
29.01.2020 00:49:43.539 GMT+0100,1.10217,1.10213,0.75,1.69
29.01.2020 00:49:44.990 GMT+0100,1.10218,1.10213,3.07,1.69
29.01.2020 00:50:02.359 GMT+0100,1.10217,1.10213,0.75,1.5
29.01.2020 00:50:02.478 GMT+0100,1.10218,1.10213,2.32,2.25
29.01.2020 00:50:02.579 GMT+0100,1.10217,1.10213,0.75,3
29.01.2020 00:50:06.372 GMT+0100,1.10218,1.10213,2.32,2.25
29.01.2020 00:50:07.415 GMT+0100,1.10218,1.10215,2.32,0.75
29.01.2020 00:50:19.564 GMT+0100,1.10219,1.10215,0.82,0.75
29.01.2020 00:50:19.878 GMT+0100,1.10218,1.1021400000000001,0.1,0.75
29.01.2020 00:50:30.202 GMT+0100,1.10219,1.10217,0.1,0.75
29.01.2020 00:50:30.253 GMT+0100,1.10219,1.10215,0.1,1.5
29.01.2020 00:50:30.355 GMT+0100,1.1022,1.10217,0.75,0.37
29.01.2020 00:50:30.456 GMT+0100,1.1022100000000001,1.10217,1.76,0.94
29.01.2020 00:50:30.878 GMT+0100,1.1022100000000001,1.10218,1.01,0.75
29.01.2020 00:50:37.284 GMT+0100,1.10218,1.10216,0.1,1.5
29.01.2020 00:50:37.386 GMT+0100,1.10218,1.10215,0.82,0.82
29.01.2020 00:50:37.605 GMT+0100,1.10218,1.10216,0.1,0.56
29.01.2020 00:50:37.707 GMT+0100,1.10219,1.10216,1.5,0.75
29.01.2020 00:50:37.810 GMT+0100,1.10219,1.10217,1.5,0.1
29.01.2020 00:50:37.911 GMT+0100,1.10219,1.10216,0.75,0.75
29.01.2020 00:50:38.512 GMT+0100,1.10219,1.10215,0.75,3.82
29.01.2020 00:50:38.614 GMT+0100,1.10219,1.10216,0.1,0.82
29.01.2020 00:50:38.716 GMT+0100,1.1022,1.10217,1.5,0.94
29.01.2020 00:50:38.818 GMT+0100,1.1022100000000001,1.10218,1.57,0.1
29.01.2020 00:51:38.773 GMT+0100,1.1022200000000002,1.10218,0.94,1.31
29.01.2020 00:51:38.909 GMT+0100,1.1022200000000002,1.10219,0.94,1.5
29.01.2020 00:51:39.263 GMT+0100,1.1022100000000001,1.10219,0.75,2.25
29.01.2020 00:51:59.299 GMT+0100,1.1022200000000002,1.10218,0.94,3
29.01.2020 00:52:11.371 GMT+0100,1.1022200000000002,1.10219,0.19,0.75
29.01.2020 00:52:11.472 GMT+0100,1.1022200000000002,1.10218,0.19,6.45
29.01.2020 00:52:14.493 GMT+0100,1.1022200000000002,1.10219,0.19,0.75
29.01.2020 00:52:32.142 GMT+0100,1.1022100000000001,1.10219,0.1,0.75
29.01.2020 00:52:57.208 GMT+0100,1.1022200000000002,1.10219,0.19,0.75
29.01.2020 00:52:57.310 GMT+0100,1.10223,1.10219,1.01,0.75
29.01.2020 00:53:07.461 GMT+0100,1.1022200000000002,1.10219,0.26,0.75
29.01.2020 00:53:12.001 GMT+0100,1.10223,1.10219,1.76,0.75
29.01.2020 00:53:12.204 GMT+0100,1.10223,1.1022,1.76,0.75
29.01.2020 00:53:27.372 GMT+0100,1.1022200000000002,1.1022,0.75,0.75
29.01.2020 00:53:28.541 GMT+0100,1.1022200000000002,1.1022,0.75,0.75
29.01.2020 00:53:30.278 GMT+0100,1.1022200000000002,1.1022,0.75,0.75
29.01.2020 00:53:30.379 GMT+0100,1.10223,1.10219,1.01,0.75
29.01.2020 00:53:36.050 GMT+0100,1.1022200000000002,1.10219,0.19,0.75
29.01.2020 00:53:43.542 GMT+0100,1.10223,1.10219,0.26,0.75
29.01.2020 00:54:16.348 GMT+0100,1.1022200000000002,1.10219,0.1,0.75
29.01.2020 00:54:17.943 GMT+0100,1.1022200000000002,1.1022100000000001,0.1,0.75
29.01.2020 00:54:19.081 GMT+0100,1.1022200000000002,1.1022,0.1,0.75
29.01.2020 00:54:23.665 GMT+0100,1.1022200000000002,1.1022100000000001,4.57,0.19
29.01.2020 00:54:24.244 GMT+0100,1.1022200000000002,1.1022,5.32,2.62
29.01.2020 00:54:28.391 GMT+0100,1.1022,1.10217,0.19,0.75
29.01.2020 00:54:28.978 GMT+0100,1.10218,1.10217,0.19,1.69
29.01.2020 00:54:29.080 GMT+0100,1.10218,1.10216,0.94,0.75
29.01.2020 00:55:05.924 GMT+0100,1.10218,1.10216,0.26,0.75
29.01.2020 00:55:25.969 GMT+0100,1.10218,1.10216,1.39,0.75
29.01.2020 00:55:41.228 GMT+0100,1.10218,1.1021400000000001,1.2,1.69
29.01.2020 00:55:45.405 GMT+0100,1.10217,1.1021400000000001,0.75,1.69
29.01.2020 00:55:51.446 GMT+0100,1.10218,1.1021400000000001,0.82,0.75
29.01.2020 00:56:06.371 GMT+0100,1.10217,1.1021400000000001,0.75,1.31
29.01.2020 00:56:09.422 GMT+0100,1.10218,1.1021400000000001,0.82,0.75
29.01.2020 00:56:18.399 GMT+0100,1.10219,1.10215,4.87,3.75
29.01.2020 00:56:18.450 GMT+0100,1.1022,1.10219,1.69,0.75
29.01.2020 00:56:18.501 GMT+0100,1.1022200000000002,1.10219,1.39,1.76
29.01.2020 00:56:18.604 GMT+0100,1.1022100000000001,1.1022,1.31,1.5
29.01.2020 00:56:18.708 GMT+0100,1.1022100000000001,1.10219,1.31,0.94
29.01.2020 00:56:18.809 GMT+0100,1.1022200000000002,1.10218,2.06,3.07
29.01.2020 00:56:18.911 GMT+0100,1.10223,1.10219,1.01,1.01
29.01.2020 00:56:29.370 GMT+0100,1.1022200000000002,1.10219,0.75,1.76
29.01.2020 00:56:29.513 GMT+0100,1.10223,1.10219,2.89,1.69
29.01.2020 00:56:38.865 GMT+0100,1.10223,1.1022,3.07,0.75
29.01.2020 00:57:03.623 GMT+0100,1.10224,1.1022,4.39,0.19
29.01.2020 00:57:29.466 GMT+0100,1.1022200000000002,1.1022,0.37,0.19
29.01.2020 00:57:29.811 GMT+0100,1.10224,1.1022,1.31,0.19
29.01.2020 00:57:30.175 GMT+0100,1.10223,1.1022,0.75,2.81
29.01.2020 00:57:30.894 GMT+0100,1.10224,1.1022,1.69,0.56
29.01.2020 00:57:44.834 GMT+0100,1.10223,1.1022,0.75,0.94
29.01.2020 00:57:44.935 GMT+0100,1.10224,1.1022,5.44,0.19
29.01.2020 00:57:46.962 GMT+0100,1.10223,1.1022,0.75,0.94
29.01.2020 00:57:47.515 GMT+0100,1.10224,1.1022,5.81,0.94
29.01.2020 00:57:47.718 GMT+0100,1.10223,1.1022,0.75,1.69
29.01.2020 00:57:47.819 GMT+0100,1.10224,1.1022,5.81,0.94
29.01.2020 00:57:51.371 GMT+0100,1.10224,1.10219,4.87,6.11
29.01.2020 00:57:51.472 GMT+0100,1.10224,1.1022,4.87,0.56
29.01.2020 00:57:52.376 GMT+0100,1.10223,1.1022,0.75,0.75
29.01.2020 00:57:52.616 GMT+0100,1.10224,1.10219,4.87,4.72
29.01.2020 00:57:57.581 GMT+0100,1.10223,1.1022,3,0.75
29.01.2020 00:57:58.929 GMT+0100,1.10223,1.10219,0.75,3.82
29.01.2020 00:58:00.137 GMT+0100,1.10223,1.1022,0.75,0.56
29.01.2020 00:58:02.507 GMT+0100,1.10223,1.10219,0.75,5.59
29.01.2020 00:58:03.144 GMT+0100,1.10223,1.1022,1.5,0.75
29.01.2020 00:58:04.553 GMT+0100,1.10223,1.10219,0.75,4.76
29.01.2020 00:58:19.032 GMT+0100,1.10223,1.1022,0.75,0.37
29.01.2020 00:58:26.659 GMT+0100,1.10223,1.1022100000000001,3,0.75
29.01.2020 00:58:26.834 GMT+0100,1.10223,1.1022,1.5,1.95
29.01.2020 00:58:48.927 GMT+0100,1.10223,1.1022100000000001,0.75,0.75
29.01.2020 00:58:55.115 GMT+0100,1.10223,1.1022,0.75,2.06
29.01.2020 00:59:26.549 GMT+0100,1.10224,1.1022,3.75,0.75
29.01.2020 00:59:47.429 GMT+0100,1.10224,1.10219,3,3.94
29.01.2020 00:59:51.371 GMT+0100,1.10224,1.1022,3.75,0.75
29.01.2020 00:59:52.917 GMT+0100,1.10224,1.10219,3,3.94
29.01.2020 00:59:53.018 GMT+0100,1.10223,1.1022,2.25,0.75
29.01.2020 00:59:53.874 GMT+0100,1.10224,1.10219,4.87,3.75
29.01.2020 00:59:54.519 GMT+0100,1.10223,1.1022,2.25,0.75
29.01.2020 00:59:54.909 GMT+0100,1.10224,1.10219,4.5,3.75
29.01.2020 00:59:56.976 GMT+0100,1.10224,1.1022,3.19,3.64
29.01.2020 01:00:00.153 GMT+0100,1.10223,1.1022,1.5,1.57
29.01.2020 01:00:00.893 GMT+0100,1.10224,1.10219,1.57,6.34
29.01.2020 01:00:01.130 GMT+0100,1.10224,1.1022,1.5,0.1
29.01.2020 01:00:01.923 GMT+0100,1.10224,1.1022100000000001,1.5,0.56
29.01.2020 01:00:03.107 GMT+0100,1.10224,1.10219,1.5,4.39
29.01.2020 01:00:04.082 GMT+0100,1.10224,1.1022100000000001,2.25,0.75
29.01.2020 01:00:05.572 GMT+0100,1.10224,1.10219,1.5,4.39
29.01.2020 01:00:05.905 GMT+0100,1.10225,1.1022200000000002,2.32,1.84
29.01.2020 01:00:06.057 GMT+0100,1.10225,1.10223,0.75,1.76
29.01.2020 01:00:06.108 GMT+0100,1.10227,1.10224,0.75,0.75
29.01.2020 01:00:06.412 GMT+0100,1.10227,1.10223,1.69,1.5
29.01.2020 01:00:06.921 GMT+0100,1.10226,1.10223,0.37,2.25
29.01.2020 01:00:07.108 GMT+0100,1.10225,1.10223,0.75,0.75
29.01.2020 01:00:07.210 GMT+0100,1.10225,1.1022200000000002,1.12,3.82
29.01.2020 01:00:08.590 GMT+0100,1.10226,1.10223,0.1,0.56
29.01.2020 01:00:08.691 GMT+0100,1.10225,1.10223,0.19,0.56
29.01.2020 01:00:08.792 GMT+0100,1.10226,1.10223,0.75,0.37
29.01.2020 01:00:12.173 GMT+0100,1.10227,1.10225,0.75,3
29.01.2020 01:00:12.224 GMT+0100,1.10228,1.10226,0.1,0.75
29.01.2020 01:00:13.368 GMT+0100,1.10228,1.10225,0.94,0.56
29.01.2020 01:00:14.361 GMT+0100,1.10229,1.10225,5.25,1.5
29.01.2020 01:00:15.146 GMT+0100,1.10228,1.10225,0.75,1.5
29.01.2020 01:00:17.139 GMT+0100,1.10229,1.10225,5.25,1.5
29.01.2020 01:00:17.241 GMT+0100,1.10228,1.10225,0.94,0.75
29.01.2020 01:00:21.239 GMT+0100,1.10227,1.10224,1.5,2.06
29.01.2020 01:00:24.372 GMT+0100,1.10227,1.10223,0.75,4.2
29.01.2020 01:00:34.474 GMT+0100,1.10227,1.10224,1.5,0.56
29.01.2020 01:00:34.626 GMT+0100,1.10227,1.10223,0.75,3.82
29.01.2020 01:00:45.408 GMT+0100,1.10227,1.10224,1.87,0.75
29.01.2020 01:00:48.380 GMT+0100,1.10227,1.10223,1.12,4.57
29.01.2020 01:00:50.744 GMT+0100,1.10227,1.10224,1.87,0.75
29.01.2020 01:00:50.846 GMT+0100,1.10226,1.10224,0.37,0.75
29.01.2020 01:00:52.034 GMT+0100,1.10226,1.10223,0.37,4.57
29.01.2020 01:00:52.153 GMT+0100,1.10226,1.10225,0.37,0.75
29.01.2020 01:00:52.255 GMT+0100,1.10227,1.10225,1.12,0.75
29.01.2020 01:00:54.202 GMT+0100,1.10228,1.10225,1.5,0.94
29.01.2020 01:00:55.164 GMT+0100,1.10227,1.10225,0.75,0.94
29.01.2020 01:00:55.267 GMT+0100,1.10228,1.10225,2.25,0.94
29.01.2020 01:00:55.369 GMT+0100,1.10227,1.10225,0.75,1.5
29.01.2020 01:00:55.471 GMT+0100,1.10228,1.10225,1.5,1.5
29.01.2020 01:00:55.834 GMT+0100,1.10227,1.10224,0.37,0.56
29.01.2020 01:00:56.766 GMT+0100,1.10228,1.10223,3.45,4.2
29.01.2020 01:00:56.918 GMT+0100,1.10228,1.10224,4.2,0.75
29.01.2020 01:00:57.074 GMT+0100,1.10228,1.10223,3.45,4.2
29.01.2020 01:00:57.269 GMT+0100,1.10227,1.10224,0.75,0.75
29.01.2020 01:00:57.468 GMT+0100,1.10228,1.10224,2.32,0.75
29.01.2020 01:00:57.951 GMT+0100,1.10227,1.10226,0.75,0.94
29.01.2020 01:00:58.002 GMT+0100,1.10229,1.10225,3.45,2.89
29.01.2020 01:00:58.356 GMT+0100,1.10228,1.10225,0.75,0.75
29.01.2020 01:00:59.954 GMT+0100,1.10229,1.10225,4.65,0.19
29.01.2020 01:01:00.157 GMT+0100,1.10228,1.10225,0.37,0.19
29.01.2020 01:01:02.309 GMT+0100,1.10228,1.10224,0.37,1.95
29.01.2020 01:01:05.638 GMT+0100,1.10228,1.10225,0.37,0.19
29.01.2020 01:01:05.998 GMT+0100,1.10227,1.10225,0.75,0.19
29.01.2020 01:01:07.051 GMT+0100,1.10227,1.10223,0.37,2.51
29.01.2020 01:01:15.371 GMT+0100,1.10227,1.10224,1.87,0.75
29.01.2020 01:01:18.371 GMT+0100,1.10227,1.10223,1.12,1.76
29.01.2020 01:01:32.574 GMT+0100,1.10227,1.10225,0.37,0.1
29.01.2020 01:01:32.675 GMT+0100,1.10228,1.10225,4.2,0.1
29.01.2020 01:01:33.827 GMT+0100,1.10227,1.10225,0.75,0.1
29.01.2020 01:01:35.842 GMT+0100,1.10227,1.10224,0.82,0.82
29.01.2020 01:01:58.815 GMT+0100,1.10226,1.10224,0.75,0.1
29.01.2020 01:01:59.920 GMT+0100,1.10226,1.10223,0.75,2.25
29.01.2020 01:02:01.223 GMT+0100,1.10226,1.10224,0.75,0.75
29.01.2020 01:02:01.325 GMT+0100,1.10226,1.10223,0.75,3.26
29.01.2020 01:02:02.204 GMT+0100,1.10226,1.10224,0.75,0.75
29.01.2020 01:02:05.947 GMT+0100,1.10226,1.10223,0.75,2.51
29.01.2020 01:02:06.200 GMT+0100,1.10224,1.10223,0.75,0.56
29.01.2020 01:02:06.251 GMT+0100,1.1022200000000002,1.1022100000000001,0.75,1.2
29.01.2020 01:02:08.180 GMT+0100,1.1022200000000002,1.1022,0.75,2.14
29.01.2020 01:02:16.291 GMT+0100,1.1022200000000002,1.1022100000000001,0.75,0.75
29.01.2020 01:02:21.372 GMT+0100,1.1022200000000002,1.1022,0.75,0.82
29.01.2020 01:02:22.233 GMT+0100,1.10223,1.1022,2.25,1.2
29.01.2020 01:02:24.330 GMT+0100,1.1022200000000002,1.1022,0.75,1.57
29.01.2020 01:02:24.648 GMT+0100,1.10223,1.1022,1.5,0.1
29.01.2020 01:02:25.053 GMT+0100,1.10223,1.10219,1.5,2.7
29.01.2020 01:02:25.357 GMT+0100,1.1022200000000002,1.10219,0.75,2.32
29.01.2020 01:02:26.334 GMT+0100,1.1022200000000002,1.1022,0.75,0.56
29.01.2020 01:02:26.525 GMT+0100,1.10223,1.10219,1.87,2.7
29.01.2020 01:02:26.677 GMT+0100,1.10223,1.1022,1.87,0.56
29.01.2020 01:02:27.670 GMT+0100,1.10223,1.10219,1.5,2.51
29.01.2020 01:02:29.220 GMT+0100,1.10223,1.1022,2.06,0.56
29.01.2020 01:02:29.322 GMT+0100,1.1022200000000002,1.10219,0.75,2.32
29.01.2020 01:02:29.423 GMT+0100,1.10223,1.10219,1.5,2.32
29.01.2020 01:02:30.007 GMT+0100,1.10224,1.10219,6.52,2.32
29.01.2020 01:02:30.253 GMT+0100,1.10223,1.10219,2.25,2.32
29.01.2020 01:02:30.355 GMT+0100,1.10224,1.10219,6.52,2.32
29.01.2020 01:02:30.456 GMT+0100,1.10223,1.1022,0.75,0.75
29.01.2020 01:02:32.572 GMT+0100,1.1022200000000002,1.1022,0.75,0.75
29.01.2020 01:02:36.371 GMT+0100,1.1022200000000002,1.10219,0.75,3.07
29.01.2020 01:02:39.506 GMT+0100,1.1022200000000002,1.1022,0.75,0.75
29.01.2020 01:02:42.404 GMT+0100,1.1022200000000002,1.10219,0.75,3.07
29.01.2020 01:02:49.587 GMT+0100,1.10223,1.10219,0.75,2.89
29.01.2020 01:02:50.089 GMT+0100,1.10223,1.1022,0.75,0.37
29.01.2020 01:02:53.019 GMT+0100,1.10223,1.10219,0.75,3.07
29.01.2020 01:02:53.828 GMT+0100,1.10223,1.1022,0.75,0.75
29.01.2020 01:02:58.264 GMT+0100,1.10223,1.10219,0.75,2.14
29.01.2020 01:03:02.428 GMT+0100,1.1022200000000002,1.10219,0.75,1.76
29.01.2020 01:03:02.530 GMT+0100,1.10223,1.10219,2.25,1.76
29.01.2020 01:03:06.372 GMT+0100,1.1022200000000002,1.1022,0.75,0.75
29.01.2020 01:03:08.404 GMT+0100,1.10223,1.1022,4.4,0.75
29.01.2020 01:03:24.659 GMT+0100,1.10223,1.1022100000000001,1.31,0.75
29.01.2020 01:03:25.848 GMT+0100,1.10224,1.1022100000000001,5.04,1.5
29.01.2020 01:03:29.227 GMT+0100,1.10223,1.1022200000000002,0.75,0.75
29.01.2020 01:03:29.756 GMT+0100,1.10224,1.1022100000000001,5.4,1.5
29.01.2020 01:03:30.009 GMT+0100,1.10223,1.1022100000000001,0.56,1.5
29.01.2020 01:03:30.110 GMT+0100,1.10224,1.1022200000000002,5.41,0.75
29.01.2020 01:03:30.211 GMT+0100,1.10224,1.1022100000000001,5.4,1.5
29.01.2020 01:03:30.371 GMT+0100,1.10223,1.1022100000000001,0.75,1.5
29.01.2020 01:03:35.134 GMT+0100,1.10223,1.1022200000000002,1.5,1.5
29.01.2020 01:03:35.235 GMT+0100,1.10223,1.1022100000000001,1.12,1.5
29.01.2020 01:03:36.002 GMT+0100,1.10223,1.1022200000000002,1.12,0.75
29.01.2020 01:03:36.236 GMT+0100,1.10223,1.1022100000000001,1.12,1.5
29.01.2020 01:03:36.503 GMT+0100,1.10223,1.1022200000000002,0.37,0.75
29.01.2020 01:03:36.655 GMT+0100,1.10223,1.1022100000000001,0.37,1.5
29.01.2020 01:03:36.857 GMT+0100,1.1022,1.10218,1.69,0.94
29.01.2020 01:03:37.010 GMT+0100,1.1022,1.10219,0.75,1.5
29.01.2020 01:03:37.061 GMT+0100,1.1022200000000002,1.1022,0.75,0.75
29.01.2020 01:03:37.263 GMT+0100,1.1022200000000002,1.1022100000000001,0.75,0.75
29.01.2020 01:03:41.051 GMT+0100,1.1022,1.10219,3.26,0.75
29.01.2020 01:03:41.153 GMT+0100,1.1022,1.10218,0.75,1.31
29.01.2020 01:03:41.204 GMT+0100,1.1022100000000001,1.10219,0.75,1.01
29.01.2020 01:03:41.306 GMT+0100,1.1022,1.10219,2.25,0.82
29.01.2020 01:03:41.407 GMT+0100,1.1022200000000002,1.1022100000000001,2.81,0.75
29.01.2020 01:03:41.793 GMT+0100,1.10223,1.1022100000000001,0.75,0.75
29.01.2020 01:03:42.509 GMT+0100,1.10224,1.1022200000000002,4.12,0.75
29.01.2020 01:03:43.525 GMT+0100,1.10223,1.1022100000000001,0.19,2.44
29.01.2020 01:03:43.627 GMT+0100,1.10223,1.1022200000000002,0.19,0.94
29.01.2020 01:03:43.807 GMT+0100,1.10223,1.1022100000000001,1.12,0.75
29.01.2020 01:03:43.909 GMT+0100,1.1022200000000002,1.1022,1.5,2.51
29.01.2020 01:03:44.011 GMT+0100,1.10223,1.1022100000000001,1.87,0.75
29.01.2020 01:03:44.654 GMT+0100,1.1022100000000001,1.1022,0.19,0.64
29.01.2020 01:03:44.756 GMT+0100,1.1022200000000002,1.1022,0.75,0.82
29.01.2020 01:03:44.857 GMT+0100,1.1022200000000002,1.1022100000000001,0.75,0.94
29.01.2020 01:03:44.959 GMT+0100,1.10223,1.1022100000000001,0.94,0.94
29.01.2020 01:03:45.689 GMT+0100,1.1022200000000002,1.1022100000000001,0.75,0.75
29.01.2020 01:03:46.669 GMT+0100,1.1022100000000001,1.10219,0.75,1.76
29.01.2020 01:03:46.720 GMT+0100,1.1022200000000002,1.1022,0.75,0.26
29.01.2020 01:03:46.821 GMT+0100,1.10223,1.1022,2.81,1.76
29.01.2020 01:03:46.922 GMT+0100,1.10223,1.1022100000000001,1.87,0.94
29.01.2020 01:03:47.682 GMT+0100,1.1022100000000001,1.10219,5.25,0.75
29.01.2020 01:03:47.784 GMT+0100,1.1022100000000001,1.1022,0.56,0.75
29.01.2020 01:03:47.885 GMT+0100,1.1022200000000002,1.1022,0.75,2.44
29.01.2020 01:03:47.987 GMT+0100,1.10223,1.10219,3.37,0.75
29.01.2020 01:03:50.320 GMT+0100,1.1022200000000002,1.10219,0.75,1.5
29.01.2020 01:03:57.997 GMT+0100,1.1022200000000002,1.1022,1.57,0.75
29.01.2020 01:03:58.875 GMT+0100,1.1022100000000001,1.1022,0.75,0.75
29.01.2020 01:03:59.282 GMT+0100,1.1022100000000001,1.10218,0.75,2.06
29.01.2020 01:03:59.383 GMT+0100,1.10219,1.10218,0.1,1.5
29.01.2020 01:03:59.487 GMT+0100,1.10219,1.10216,0.37,2.14
29.01.2020 01:03:59.589 GMT+0100,1.10218,1.10216,0.75,1.5
29.01.2020 01:04:00.196 GMT+0100,1.10217,1.10216,1.5,0.75
29.01.2020 01:04:00.618 GMT+0100,1.10217,1.1021400000000001,1.5,3.64
29.01.2020 01:04:02.341 GMT+0100,1.10217,1.10216,1.5,0.19
29.01.2020 01:04:05.254 GMT+0100,1.10215,1.1021400000000001,0.75,1.69
29.01.2020 01:04:05.356 GMT+0100,1.10216,1.1021400000000001,1.76,0.56
29.01.2020 01:04:05.777 GMT+0100,1.10213,1.1021200000000002,0.75,1.31
29.01.2020 01:04:05.828 GMT+0100,1.1021100000000001,1.1021,1.5,0.94
29.01.2020 01:04:05.930 GMT+0100,1.1021100000000001,1.10209,2.25,0.75
29.01.2020 01:04:06.038 GMT+0100,1.1021100000000001,1.10207,1.57,3.75
29.01.2020 01:04:06.143 GMT+0100,1.1021100000000001,1.10208,2.25,0.75
29.01.2020 01:04:06.244 GMT+0100,1.1021100000000001,1.10207,1.5,4.57
29.01.2020 01:04:06.627 GMT+0100,1.1021100000000001,1.10208,0.75,0.75
29.01.2020 01:04:09.071 GMT+0100,1.1021200000000002,1.10208,2.32,1.5
29.01.2020 01:04:09.283 GMT+0100,1.1021200000000002,1.10209,2.32,0.56
29.01.2020 01:04:09.594 GMT+0100,1.1021100000000001,1.10208,0.75,3.19
29.01.2020 01:04:10.452 GMT+0100,1.1021,1.10208,0.75,1.5
29.01.2020 01:04:10.583 GMT+0100,1.1021100000000001,1.10208,1.5,1.5
29.01.2020 01:04:11.274 GMT+0100,1.1021,1.10208,0.75,1.5
29.01.2020 01:04:11.689 GMT+0100,1.1021100000000001,1.10208,0.75,0.75
29.01.2020 01:04:11.790 GMT+0100,1.1021200000000002,1.10208,3.82,0.75
29.01.2020 01:04:11.891 GMT+0100,1.1021100000000001,1.10208,0.75,1.5
29.01.2020 01:04:11.993 GMT+0100,1.1021200000000002,1.10208,3.82,0.75
29.01.2020 01:04:13.515 GMT+0100,1.1021200000000002,1.10209,3.07,0.37
29.01.2020 01:04:14.018 GMT+0100,1.10213,1.10209,3.15,1.69
29.01.2020 01:04:14.193 GMT+0100,1.1021200000000002,1.10209,0.1,2.51
29.01.2020 01:04:14.244 GMT+0100,1.10213,1.1021200000000002,0.1,0.75
29.01.2020 01:04:17.746 GMT+0100,1.1021100000000001,1.1021,0.82,0.19
29.01.2020 01:04:17.891 GMT+0100,1.1021200000000002,1.10208,0.82,3
29.01.2020 01:04:20.267 GMT+0100,1.10213,1.10209,2.14,0.56
29.01.2020 01:04:21.899 GMT+0100,1.10213,1.10208,0.82,4.39
29.01.2020 01:04:24.840 GMT+0100,1.10213,1.10209,1.39,0.56
29.01.2020 01:04:26.170 GMT+0100,1.1021200000000002,1.10209,0.75,0.56
29.01.2020 01:04:28.296 GMT+0100,1.1021200000000002,1.10208,0.82,3.19
29.01.2020 01:04:28.398 GMT+0100,1.1021200000000002,1.10209,0.82,0.75
29.01.2020 01:04:30.374 GMT+0100,1.10213,1.10208,1.39,3.26
29.01.2020 01:04:32.477 GMT+0100,1.1021200000000002,1.10208,1.31,3.19
29.01.2020 01:04:33.488 GMT+0100,1.1021100000000001,1.10209,0.75,0.75
29.01.2020 01:04:36.471 GMT+0100,1.1021200000000002,1.1021100000000001,0.56,0.75
29.01.2020 01:04:36.522 GMT+0100,1.1021400000000001,1.10213,2.77,0.75
29.01.2020 01:04:36.624 GMT+0100,1.10215,1.10213,0.94,0.75
29.01.2020 01:04:36.725 GMT+0100,1.1021400000000001,1.10213,0.19,0.75
29.01.2020 01:04:36.776 GMT+0100,1.10213,1.1021100000000001,0.19,3
29.01.2020 01:04:36.878 GMT+0100,1.1021200000000002,1.1021100000000001,0.19,0.75
29.01.2020 01:04:37.740 GMT+0100,1.1021200000000002,1.1021,0.19,0.75
29.01.2020 01:04:40.673 GMT+0100,1.1021200000000002,1.10209,0.75,1.5
29.01.2020 01:04:42.428 GMT+0100,1.10213,1.10209,2.4,0.75
29.01.2020 01:04:46.003 GMT+0100,1.1021200000000002,1.10209,0.56,0.75
29.01.2020 01:04:47.608 GMT+0100,1.10213,1.10209,2.4,0.75
29.01.2020 01:04:47.710 GMT+0100,1.1021200000000002,1.10209,0.56,0.75
29.01.2020 01:04:57.372 GMT+0100,1.10213,1.10209,2.4,0.75
29.01.2020 01:05:00.698 GMT+0100,1.10213,1.1021,3.07,0.75
29.01.2020 01:05:01.705 GMT+0100,1.1021200000000002,1.1021,0.1,0.75
29.01.2020 01:05:01.949 GMT+0100,1.1021200000000002,1.10209,0.1,1.5
29.01.2020 01:05:05.310 GMT+0100,1.1021200000000002,1.1021,0.9,0.75
29.01.2020 01:05:05.417 GMT+0100,1.1021200000000002,1.10209,0.9,3
29.01.2020 01:05:05.604 GMT+0100,1.1021200000000002,1.1021,0.9,0.75
29.01.2020 01:05:05.705 GMT+0100,1.1021200000000002,1.10209,0.9,2.25
29.01.2020 01:05:06.187 GMT+0100,1.1021200000000002,1.1021,0.82,0.75
29.01.2020 01:05:06.379 GMT+0100,1.1021200000000002,1.10209,0.82,2.25
29.01.2020 01:05:06.481 GMT+0100,1.1021200000000002,1.1021,0.82,0.75
29.01.2020 01:05:06.582 GMT+0100,1.1021200000000002,1.10209,1.39,2.25
29.01.2020 01:05:06.721 GMT+0100,1.1021200000000002,1.1021,1.39,0.75
29.01.2020 01:05:07.375 GMT+0100,1.1021100000000001,1.1021,0.56,0.75
29.01.2020 01:05:07.881 GMT+0100,1.1021200000000002,1.1021,0.64,0.75
29.01.2020 01:05:08.000 GMT+0100,1.1021200000000002,1.10209,0.64,0.94
29.01.2020 01:05:17.937 GMT+0100,1.1021100000000001,1.10209,0.56,0.75
29.01.2020 01:05:19.380 GMT+0100,1.1021200000000002,1.10209,0.1,0.75
29.01.2020 01:05:26.173 GMT+0100,1.1021200000000002,1.10208,0.82,3.56
29.01.2020 01:05:30.083 GMT+0100,1.1021100000000001,1.10208,0.56,1.5
29.01.2020 01:05:33.957 GMT+0100,1.1021200000000002,1.10208,1.39,1.57
29.01.2020 01:05:34.071 GMT+0100,1.1021100000000001,1.10208,0.75,1.57
29.01.2020 01:05:34.918 GMT+0100,1.1021,1.10208,0.75,0.75
29.01.2020 01:05:37.240 GMT+0100,1.1021100000000001,1.10208,4.95,0.75
29.01.2020 01:05:39.854 GMT+0100,1.1021100000000001,1.10207,4.95,0.75
29.01.2020 01:05:48.494 GMT+0100,1.1021,1.10207,0.75,1.88
29.01.2020 01:05:48.595 GMT+0100,1.1021100000000001,1.10207,6.45,1.88
29.01.2020 01:05:50.041 GMT+0100,1.1021,1.10207,0.56,1.88
29.01.2020 01:05:52.579 GMT+0100,1.1021100000000001,1.10207,7.5,1.88
29.01.2020 01:05:52.681 GMT+0100,1.1021,1.10207,2.51,1.88
29.01.2020 01:05:53.338 GMT+0100,1.10209,1.10207,0.19,0.75
29.01.2020 01:05:53.439 GMT+0100,1.1021,1.10207,1.84,0.75
29.01.2020 01:05:57.376 GMT+0100,1.10209,1.10207,0.75,1.12
29.01.2020 01:05:57.788 GMT+0100,1.1021,1.10207,3.07,0.75
29.01.2020 01:05:59.309 GMT+0100,1.10209,1.10207,0.75,1.5
29.01.2020 01:05:59.467 GMT+0100,1.1021,1.10207,3.07,0.75
29.01.2020 01:05:59.569 GMT+0100,1.10209,1.10207,0.75,0.75
29.01.2020 01:06:00.039 GMT+0100,1.1021,1.10207,3.07,0.75
29.01.2020 01:06:00.168 GMT+0100,1.10209,1.10207,0.75,0.75
29.01.2020 01:06:01.258 GMT+0100,1.1021,1.10207,2.51,0.75
29.01.2020 01:06:01.460 GMT+0100,1.10209,1.10206,0.75,2.33
29.01.2020 01:06:01.951 GMT+0100,1.10208,1.10205,0.94,4.99
29.01.2020 01:06:02.052 GMT+0100,1.10206,1.10204,0.75,3.19
29.01.2020 01:06:02.154 GMT+0100,1.10206,1.10204,0.75,1.57
29.01.2020 01:06:02.256 GMT+0100,1.10207,1.10205,0.9,0.75
29.01.2020 01:06:02.357 GMT+0100,1.10207,1.10204,1.95,0.75
29.01.2020 01:06:02.464 GMT+0100,1.10206,1.10204,0.19,1.69
29.01.2020 01:06:03.288 GMT+0100,1.10207,1.10204,2.32,0.75
29.01.2020 01:06:04.007 GMT+0100,1.10205,1.10204,0.75,0.75
29.01.2020 01:06:04.108 GMT+0100,1.10205,1.10203,0.75,1.5
29.01.2020 01:06:12.372 GMT+0100,1.10206,1.10203,2.89,1.5
29.01.2020 01:06:14.723 GMT+0100,1.10205,1.10203,0.75,2.25
29.01.2020 01:06:15.449 GMT+0100,1.10205,1.10204,0.75,0.94
29.01.2020 01:06:18.390 GMT+0100,1.10206,1.10204,0.75,0.94
29.01.2020 01:06:18.492 GMT+0100,1.10206,1.10203,0.75,3.37
29.01.2020 01:06:18.683 GMT+0100,1.10206,1.10204,0.75,0.94
29.01.2020 01:06:20.121 GMT+0100,1.10206,1.10203,0.75,3.37
29.01.2020 01:06:22.857 GMT+0100,1.10207,1.10204,2.14,0.75
29.01.2020 01:06:23.397 GMT+0100,1.10206,1.10204,0.19,1.69
29.01.2020 01:06:24.097 GMT+0100,1.10207,1.10204,2.51,0.75
29.01.2020 01:06:25.637 GMT+0100,1.10207,1.10203,1.95,2.44
29.01.2020 01:06:26.003 GMT+0100,1.10208,1.10206,0.26,0.75
29.01.2020 01:06:26.105 GMT+0100,1.10209,1.10205,2.02,0.94
29.01.2020 01:06:26.307 GMT+0100,1.10209,1.10207,0.75,0.75
29.01.2020 01:06:26.409 GMT+0100,1.1021,1.10207,2.51,1.5
29.01.2020 01:06:30.195 GMT+0100,1.1021,1.10208,0.94,0.94
29.01.2020 01:06:30.892 GMT+0100,1.1021100000000001,1.10207,2.59,4.5
29.01.2020 01:06:31.436 GMT+0100,1.1021100000000001,1.10208,1.57,0.19
29.01.2020 01:06:31.537 GMT+0100,1.1021100000000001,1.10209,1.12,0.75
29.01.2020 01:06:32.174 GMT+0100,1.1021200000000002,1.10209,1.01,0.75
29.01.2020 01:06:34.367 GMT+0100,1.1021100000000001,1.10209,0.19,0.75
29.01.2020 01:06:34.476 GMT+0100,1.1021200000000002,1.10209,1.12,0.75
29.01.2020 01:06:36.415 GMT+0100,1.1021100000000001,1.10209,0.75,1.5
29.01.2020 01:06:42.372 GMT+0100,1.1021200000000002,1.10209,1.69,0.75
29.01.2020 01:06:46.317 GMT+0100,1.1021200000000002,1.10208,3.26,1.69
29.01.2020 01:06:50.662 GMT+0100,1.1021100000000001,1.10208,0.75,3
29.01.2020 01:06:50.764 GMT+0100,1.1021200000000002,1.10208,2.44,3
29.01.2020 01:06:50.916 GMT+0100,1.1021100000000001,1.10209,0.75,0.75
29.01.2020 01:06:51.517 GMT+0100,1.1021100000000001,1.10208,0.75,3.75
29.01.2020 01:06:52.640 GMT+0100,1.1021,1.10209,0.75,0.75
29.01.2020 01:06:52.691 GMT+0100,1.1021200000000002,1.10208,1.69,3.19
29.01.2020 01:06:52.967 GMT+0100,1.1021100000000001,1.10208,0.75,3.19
29.01.2020 01:06:53.118 GMT+0100,1.1021,1.10209,0.19,0.94
29.01.2020 01:06:53.248 GMT+0100,1.1021100000000001,1.10208,0.56,3.37
29.01.2020 01:06:55.311 GMT+0100,1.1021100000000001,1.10209,0.37,0.75
29.01.2020 01:06:58.309 GMT+0100,1.1021,1.10209,0.37,0.75
29.01.2020 01:06:58.410 GMT+0100,1.1021200000000002,1.10209,1.5,0.75
29.01.2020 01:07:01.532 GMT+0100,1.1021100000000001,1.10209,0.37,0.75
29.01.2020 01:07:06.324 GMT+0100,1.1021200000000002,1.10209,3.64,1.5
29.01.2020 01:07:06.800 GMT+0100,1.1021100000000001,1.10209,0.56,1.5
29.01.2020 01:07:06.901 GMT+0100,1.1021200000000002,1.10209,2.89,1.5
29.01.2020 01:07:07.492 GMT+0100,1.1021100000000001,1.10209,0.75,1.5
29.01.2020 01:07:10.044 GMT+0100,1.10213,1.10209,4.84,1.5
29.01.2020 01:07:13.770 GMT+0100,1.10213,1.1021,1.5,0.75
29.01.2020 01:07:16.078 GMT+0100,1.10213,1.10209,1.69,3.19
29.01.2020 01:07:16.230 GMT+0100,1.1021200000000002,1.10209,0.26,3.11
29.01.2020 01:07:21.332 GMT+0100,1.1021200000000002,1.1021,1.95,0.94
29.01.2020 01:07:24.248 GMT+0100,1.1021200000000002,1.10209,1.01,2.44
29.01.2020 01:07:26.876 GMT+0100,1.10213,1.10209,3.82,2.25
29.01.2020 01:07:26.978 GMT+0100,1.1021200000000002,1.10209,0.34,2.44
29.01.2020 01:07:29.363 GMT+0100,1.1021200000000002,1.1021,1.09,0.75
29.01.2020 01:07:29.470 GMT+0100,1.1021200000000002,1.10209,0.26,2.25
29.01.2020 01:07:54.267 GMT+0100,1.1021100000000001,1.10209,0.56,0.75
29.01.2020 01:08:02.242 GMT+0100,1.1021200000000002,1.10209,2.62,0.75
29.01.2020 01:08:04.529 GMT+0100,1.1021,1.10208,1.31,3.07
29.01.2020 01:08:05.127 GMT+0100,1.1021100000000001,1.10209,0.56,0.75
29.01.2020 01:08:06.529 GMT+0100,1.1021200000000002,1.10209,5.02,1.5
29.01.2020 01:08:08.700 GMT+0100,1.1021100000000001,1.10209,1.76,0.75
29.01.2020 01:08:08.802 GMT+0100,1.1021100000000001,1.10208,1.76,3.75
29.01.2020 01:08:08.903 GMT+0100,1.1021,1.10208,0.75,3.75
29.01.2020 01:08:09.004 GMT+0100,1.1021,1.10209,0.75,0.75
29.01.2020 01:08:11.368 GMT+0100,1.1021100000000001,1.10209,2.51,0.75
29.01.2020 01:08:11.519 GMT+0100,1.1021100000000001,1.10208,2.51,3
29.01.2020 01:08:13.093 GMT+0100,1.1021100000000001,1.10209,2.89,0.75
29.01.2020 01:08:13.214 GMT+0100,1.1021100000000001,1.10208,2.14,0.75
29.01.2020 01:08:15.899 GMT+0100,1.1021100000000001,1.10207,2.77,1.69
29.01.2020 01:08:21.058 GMT+0100,1.10208,1.10207,0.75,0.75
29.01.2020 01:08:21.210 GMT+0100,1.10208,1.10206,0.94,0.82
29.01.2020 01:08:24.180 GMT+0100,1.10208,1.10205,0.75,0.75
29.01.2020 01:08:33.487 GMT+0100,1.10209,1.10207,0.82,0.75
29.01.2020 01:08:37.802 GMT+0100,1.1021,1.10207,2.25,0.75
29.01.2020 01:08:39.884 GMT+0100,1.1021,1.10208,1.5,0.19
29.01.2020 01:09:14.062 GMT+0100,1.10208,1.10206,0.1,0.75
29.01.2020 01:09:16.660 GMT+0100,1.10208,1.10205,0.75,0.94
29.01.2020 01:09:18.160 GMT+0100,1.10208,1.10207,0.75,0.19
29.01.2020 01:09:22.081 GMT+0100,1.10209,1.10207,0.94,0.19
29.01.2020 01:09:26.671 GMT+0100,1.10208,1.10207,0.19,0.75
29.01.2020 01:09:26.781 GMT+0100,1.10208,1.10206,1.69,0.19
29.01.2020 01:09:26.882 GMT+0100,1.10206,1.10205,0.75,0.75
29.01.2020 01:09:26.933 GMT+0100,1.10207,1.10203,4.2,2.44
29.01.2020 01:09:27.034 GMT+0100,1.10205,1.10203,0.75,0.75
29.01.2020 01:09:28.498 GMT+0100,1.10205,1.1020200000000002,0.75,1.69
29.01.2020 01:09:31.893 GMT+0100,1.10206,1.1020200000000002,4.01,0.94
29.01.2020 01:10:07.728 GMT+0100,1.10205,1.10203,0.75,0.75
29.01.2020 01:10:08.303 GMT+0100,1.10206,1.10203,1.76,1.5
29.01.2020 01:10:12.869 GMT+0100,1.10205,1.10203,0.75,1.5
29.01.2020 01:10:13.470 GMT+0100,1.10206,1.10204,0.75,0.75
29.01.2020 01:10:13.674 GMT+0100,1.10207,1.10204,2.51,0.75
29.01.2020 01:10:13.803 GMT+0100,1.10205,1.10204,0.19,0.75
29.01.2020 01:10:13.904 GMT+0100,1.10205,1.10203,0.19,3.94
29.01.2020 01:10:14.285 GMT+0100,1.10205,1.10204,0.19,0.75
29.01.2020 01:10:14.416 GMT+0100,1.10205,1.10203,0.19,2.44
29.01.2020 01:10:15.817 GMT+0100,1.10205,1.10204,0.19,0.75
29.01.2020 01:10:15.919 GMT+0100,1.10206,1.10204,0.19,2.25
29.01.2020 01:10:16.138 GMT+0100,1.10205,1.10204,0.75,1.5
29.01.2020 01:10:16.396 GMT+0100,1.10206,1.10204,0.19,0.75
29.01.2020 01:10:16.599 GMT+0100,1.10207,1.10204,1.27,1.5
29.01.2020 01:10:21.204 GMT+0100,1.10206,1.10204,1.01,0.75
29.01.2020 01:10:21.407 GMT+0100,1.10207,1.10204,0.9,0.75
29.01.2020 01:10:27.372 GMT+0100,1.10206,1.10204,0.75,0.75
29.01.2020 01:10:29.870 GMT+0100,1.10205,1.10204,0.56,0.75
29.01.2020 01:10:31.855 GMT+0100,1.10206,1.10204,1.5,1.5
29.01.2020 01:10:47.866 GMT+0100,1.10207,1.10204,1.76,0.75
29.01.2020 01:10:54.797 GMT+0100,1.10206,1.10204,0.37,0.75
29.01.2020 01:10:56.555 GMT+0100,1.10207,1.10204,1.76,0.75
29.01.2020 01:10:58.631 GMT+0100,1.10206,1.10204,0.56,0.75
29.01.2020 01:11:01.912 GMT+0100,1.10207,1.10204,1.76,0.75
29.01.2020 01:11:03.377 GMT+0100,1.10206,1.10204,0.75,1.5
29.01.2020 01:11:04.697 GMT+0100,1.10207,1.10204,1.76,1.5
29.01.2020 01:11:20.648 GMT+0100,1.10206,1.10204,0.56,0.82
29.01.2020 01:11:28.140 GMT+0100,1.10207,1.10204,1.09,0.82
29.01.2020 01:11:28.795 GMT+0100,1.10206,1.10204,0.56,0.82
29.01.2020 01:11:30.383 GMT+0100,1.10207,1.10204,1.84,1.57
29.01.2020 01:11:30.563 GMT+0100,1.10206,1.10204,0.37,1.57
29.01.2020 01:11:36.294 GMT+0100,1.10207,1.10204,1.27,0.82
29.01.2020 01:11:50.580 GMT+0100,1.10208,1.10205,0.82,2.44
29.01.2020 01:11:53.637 GMT+0100,1.10209,1.10205,4.84,2.44
29.01.2020 01:11:54.016 GMT+0100,1.10208,1.10205,1.5,2.44
29.01.2020 01:11:54.118 GMT+0100,1.10206,1.10205,0.56,2.25
29.01.2020 01:11:54.278 GMT+0100,1.10207,1.10206,0.94,0.75
29.01.2020 01:11:54.435 GMT+0100,1.10207,1.10206,0.94,0.75
29.01.2020 01:11:55.700 GMT+0100,1.10209,1.10205,2.59,3.19
29.01.2020 01:11:55.801 GMT+0100,1.1021,1.10208,1.69,1.5
29.01.2020 01:12:00.685 GMT+0100,1.1021100000000001,1.10208,1.01,0.75
29.01.2020 01:12:08.037 GMT+0100,1.1021,1.10209,0.19,0.75
29.01.2020 01:12:08.144 GMT+0100,1.1021,1.10208,0.19,2.25
29.01.2020 01:12:21.068 GMT+0100,1.1021,1.10209,0.19,0.75
29.01.2020 01:12:21.897 GMT+0100,1.1021,1.10208,0.19,2.25
29.01.2020 01:12:22.990 GMT+0100,1.1021,1.10209,0.19,0.75
29.01.2020 01:12:24.529 GMT+0100,1.1021100000000001,1.10209,0.82,0.75
29.01.2020 01:12:25.462 GMT+0100,1.1021200000000002,1.1021100000000001,0.45,0.19
29.01.2020 01:12:25.513 GMT+0100,1.10213,1.1021,1.01,1.5
29.01.2020 01:12:25.614 GMT+0100,1.1021200000000002,1.1021,0.1,2.25
29.01.2020 01:12:43.339 GMT+0100,1.1021100000000001,1.1021,0.56,1.5
29.01.2020 01:12:44.227 GMT+0100,1.1021200000000002,1.1021,2.14,0.75
29.01.2020 01:12:57.159 GMT+0100,1.1021100000000001,1.1021,0.37,0.75
29.01.2020 01:13:01.226 GMT+0100,1.1021200000000002,1.1021,2.89,0.75
29.01.2020 01:13:04.873 GMT+0100,1.1021100000000001,1.1021,0.75,0.75
29.01.2020 01:13:05.488 GMT+0100,1.1021200000000002,1.1021,2.89,0.75
29.01.2020 01:13:08.203 GMT+0100,1.1021200000000002,1.1021,2.89,0.75
29.01.2020 01:13:18.372 GMT+0100,1.1021100000000001,1.1021,0.75,1.5
29.01.2020 01:13:21.372 GMT+0100,1.1021200000000002,1.1021,1.57,0.75
29.01.2020 01:13:25.515 GMT+0100,1.1021200000000002,1.1021,1.5,1.5
29.01.2020 01:13:30.834 GMT+0100,1.10213,1.1021,6.71,1.5
29.01.2020 01:13:42.157 GMT+0100,1.1021200000000002,1.1021,0.75,0.75
29.01.2020 01:13:45.372 GMT+0100,1.10213,1.1021,4.2,1.12
29.01.2020 01:13:48.671 GMT+0100,1.1021200000000002,1.1021,0.75,0.75
29.01.2020 01:13:48.935 GMT+0100,1.10213,1.1021,4.39,0.75
29.01.2020 01:13:50.550 GMT+0100,1.1021200000000002,1.1021,0.75,0.75
29.01.2020 01:13:50.651 GMT+0100,1.10213,1.1021,5.14,0.75
29.01.2020 01:13:51.728 GMT+0100,1.1021200000000002,1.1021,0.75,0.75
29.01.2020 01:13:58.120 GMT+0100,1.10213,1.1021,1.95,1.5
29.01.2020 01:13:58.323 GMT+0100,1.1021400000000001,1.1021,2.51,2.44
29.01.2020 01:13:58.561 GMT+0100,1.1021400000000001,1.1021100000000001,4.76,0.37
29.01.2020 01:13:59.042 GMT+0100,1.10213,1.1021100000000001,0.75,0.37
29.01.2020 01:13:59.653 GMT+0100,1.10215,1.1021200000000002,1.01,1.5
29.01.2020 01:14:03.975 GMT+0100,1.10217,1.10213,6.07,0.19
29.01.2020 01:14:04.081 GMT+0100,1.10216,1.10213,0.75,0.94
29.01.2020 01:14:04.183 GMT+0100,1.10216,1.1021200000000002,0.19,4.31
29.01.2020 01:14:08.183 GMT+0100,1.10217,1.10213,3.64,0.19
29.01.2020 01:14:11.172 GMT+0100,1.10216,1.1021200000000002,0.19,3.64
29.01.2020 01:14:11.273 GMT+0100,1.10215,1.1021200000000002,0.19,3.45
29.01.2020 01:14:11.374 GMT+0100,1.10215,1.10213,0.19,0.37
29.01.2020 01:14:13.744 GMT+0100,1.10216,1.1021400000000001,0.75,0.19
29.01.2020 01:14:20.639 GMT+0100,1.10217,1.1021400000000001,0.75,0.19
29.01.2020 01:14:20.761 GMT+0100,1.10218,1.10215,1.76,0.37
29.01.2020 01:14:28.267 GMT+0100,1.10218,1.10216,0.26,0.37
29.01.2020 01:14:28.780 GMT+0100,1.10218,1.10215,0.19,0.75
29.01.2020 01:14:38.034 GMT+0100,1.10218,1.10216,1.57,0.75
29.01.2020 01:14:38.471 GMT+0100,1.10219,1.10216,3.94,1.12
29.01.2020 01:14:40.117 GMT+0100,1.10218,1.10216,0.1,0.75
29.01.2020 01:14:42.372 GMT+0100,1.10218,1.10215,0.1,1.95
29.01.2020 01:14:48.132 GMT+0100,1.10219,1.10217,1.31,1.5
29.01.2020 01:14:48.234 GMT+0100,1.1022,1.10219,1.5,0.75
29.01.2020 01:14:48.335 GMT+0100,1.1022,1.10218,0.75,5.14
29.01.2020 01:14:48.842 GMT+0100,1.1022100000000001,1.10219,0.94,0.37
29.01.2020 01:15:04.556 GMT+0100,1.1022200000000002,1.10219,0.75,2.32
29.01.2020 01:15:09.371 GMT+0100,1.10223,1.10219,1.5,1.2
29.01.2020 01:15:17.057 GMT+0100,1.10223,1.1022,0.75,0.37
29.01.2020 01:15:18.234 GMT+0100,1.10224,1.1022,7.5,0.37
29.01.2020 01:15:19.541 GMT+0100,1.10223,1.1022,0.56,0.37
29.01.2020 01:15:19.643 GMT+0100,1.10224,1.1022,7.5,0.37
29.01.2020 01:15:20.400 GMT+0100,1.10223,1.1022,1.5,0.37
29.01.2020 01:15:20.700 GMT+0100,1.10223,1.10219,1.5,1.87
29.01.2020 01:15:24.293 GMT+0100,1.1022200000000002,1.10219,0.56,1.69
29.01.2020 01:15:24.781 GMT+0100,1.1022200000000002,1.1022,0.94,1.12
29.01.2020 01:15:26.180 GMT+0100,1.10223,1.1022,1.5,0.37
29.01.2020 01:15:26.790 GMT+0100,1.1022200000000002,1.1022,0.75,0.37
29.01.2020 01:15:26.971 GMT+0100,1.1022200000000002,1.10219,0.75,1.12
29.01.2020 01:15:45.024 GMT+0100,1.10219,1.10218,0.75,1.76
29.01.2020 01:15:45.126 GMT+0100,1.10218,1.10217,0.75,0.56
29.01.2020 01:15:45.228 GMT+0100,1.10219,1.10216,3.19,1.87
29.01.2020 01:15:45.330 GMT+0100,1.10218,1.10216,0.75,1.87
29.01.2020 01:15:45.668 GMT+0100,1.10219,1.10216,3.19,1.5
29.01.2020 01:15:45.787 GMT+0100,1.10218,1.10215,0.94,1.95
29.01.2020 01:15:46.216 GMT+0100,1.10219,1.10215,4.12,0.82
29.01.2020 01:15:46.981 GMT+0100,1.10218,1.10215,0.75,1.2
29.01.2020 01:15:47.102 GMT+0100,1.10219,1.10215,4.87,1.2
29.01.2020 01:15:48.473 GMT+0100,1.10216,1.10215,0.75,0.37
29.01.2020 01:15:48.574 GMT+0100,1.10216,1.10213,0.19,2.32
29.01.2020 01:15:48.625 GMT+0100,1.10218,1.1021400000000001,2.25,0.82
29.01.2020 01:15:48.727 GMT+0100,1.10219,1.1021400000000001,6.56,2.4
29.01.2020 01:15:48.835 GMT+0100,1.10219,1.10215,5.81,0.37
29.01.2020 01:15:48.989 GMT+0100,1.10218,1.10216,0.56,0.37
29.01.2020 01:15:49.091 GMT+0100,1.10219,1.10216,4.69,0.1
29.01.2020 01:15:50.586 GMT+0100,1.10219,1.10217,6.75,0.37
29.01.2020 01:15:56.850 GMT+0100,1.10219,1.10218,5.25,0.75
29.01.2020 01:15:56.951 GMT+0100,1.1022,1.10219,4.5,2.96
29.01.2020 01:15:57.002 GMT+0100,1.1022200000000002,1.10219,0.75,2.77
29.01.2020 01:15:57.103 GMT+0100,1.10223,1.1022100000000001,0.94,0.37
29.01.2020 01:15:57.306 GMT+0100,1.10223,1.1022,1.69,0.37
29.01.2020 01:15:57.407 GMT+0100,1.10223,1.10219,1.69,1.95
29.01.2020 01:15:57.867 GMT+0100,1.10223,1.1022,1.69,0.37
29.01.2020 01:15:58.194 GMT+0100,1.10223,1.10219,1.69,1.95
29.01.2020 01:16:00.488 GMT+0100,1.10223,1.1022,1.5,0.19
29.01.2020 01:16:00.589 GMT+0100,1.10223,1.1022100000000001,0.75,0.1
29.01.2020 01:16:01.038 GMT+0100,1.10224,1.1022100000000001,4.01,0.45
29.01.2020 01:16:02.218 GMT+0100,1.10223,1.1022100000000001,1.5,0.45
29.01.2020 01:16:02.697 GMT+0100,1.10224,1.1022100000000001,3.26,0.45
29.01.2020 01:16:12.963 GMT+0100,1.10223,1.1022100000000001,0.56,0.45
29.01.2020 01:16:13.441 GMT+0100,1.10224,1.1022100000000001,3.82,0.45
29.01.2020 01:16:23.267 GMT+0100,1.10223,1.1022100000000001,0.75,0.45
29.01.2020 01:16:26.408 GMT+0100,1.10224,1.1022100000000001,3.45,0.45
29.01.2020 01:16:30.210 GMT+0100,1.10223,1.1022,1.12,0.75
29.01.2020 01:16:30.311 GMT+0100,1.1022200000000002,1.1022,0.56,0.56
29.01.2020 01:16:30.548 GMT+0100,1.10223,1.10219,1.5,2.14
29.01.2020 01:16:31.296 GMT+0100,1.10223,1.1022,2.06,0.37
29.01.2020 01:16:36.361 GMT+0100,1.10223,1.10219,0.94,2.7
29.01.2020 01:16:36.565 GMT+0100,1.10224,1.10219,8.7,2.02
29.01.2020 01:16:36.686 GMT+0100,1.10223,1.10219,0.75,2.77
29.01.2020 01:16:42.180 GMT+0100,1.10224,1.10219,9.07,3.15
29.01.2020 01:16:42.475 GMT+0100,1.10223,1.10219,0.56,2.89
29.01.2020 01:16:45.758 GMT+0100,1.10224,1.10219,6.45,2.89
29.01.2020 01:16:49.391 GMT+0100,1.10223,1.10219,0.75,3.71
29.01.2020 01:16:49.496 GMT+0100,1.10224,1.10219,6.07,2.32
29.01.2020 01:16:54.184 GMT+0100,1.10223,1.10219,0.75,2.7
29.01.2020 01:16:54.285 GMT+0100,1.10224,1.10219,7.57,1.95
29.01.2020 01:16:56.968 GMT+0100,1.10223,1.10219,0.75,1.95
29.01.2020 01:16:59.878 GMT+0100,1.10224,1.10219,7.57,1.95
29.01.2020 01:17:00.061 GMT+0100,1.10223,1.1022100000000001,0.75,0.75
29.01.2020 01:17:05.798 GMT+0100,1.10224,1.10219,8.32,1.95
29.01.2020 01:17:09.733 GMT+0100,1.10223,1.10219,0.75,2.02
29.01.2020 01:17:10.198 GMT+0100,1.10224,1.10219,9.07,2.02
29.01.2020 01:17:25.089 GMT+0100,1.10223,1.10219,0.75,2.02
29.01.2020 01:17:31.603 GMT+0100,1.10224,1.10219,4.69,1.95
29.01.2020 01:17:36.193 GMT+0100,1.10224,1.1022100000000001,5.44,0.75
29.01.2020 01:17:36.294 GMT+0100,1.10224,1.1022,5.62,1.76
29.01.2020 01:17:41.210 GMT+0100,1.10223,1.1022,0.75,3.26
29.01.2020 01:17:41.895 GMT+0100,1.10224,1.1022,6.07,2.89
29.01.2020 01:17:43.374 GMT+0100,1.10223,1.1022,0.94,2.14
29.01.2020 01:17:43.578 GMT+0100,1.10223,1.10219,0.45,5.89
29.01.2020 01:17:44.108 GMT+0100,1.10224,1.10219,6.9,5.89
29.01.2020 01:17:44.626 GMT+0100,1.10223,1.10219,0.56,4.76
29.01.2020 01:17:55.834 GMT+0100,1.10224,1.10219,7.65,3.45
29.01.2020 01:17:55.936 GMT+0100,1.10223,1.10219,0.56,3.45
29.01.2020 01:17:56.179 GMT+0100,1.10223,1.1022,1.31,0.75
29.01.2020 01:18:00.102 GMT+0100,1.10224,1.1022,6.15,0.75
29.01.2020 01:18:00.720 GMT+0100,1.10223,1.1022,0.75,1.5
29.01.2020 01:18:00.821 GMT+0100,1.10224,1.1022,6.15,0.75
29.01.2020 01:18:01.181 GMT+0100,1.10223,1.1022,0.75,0.75
29.01.2020 01:18:01.385 GMT+0100,1.10224,1.1022,5.59,0.75
29.01.2020 01:18:01.731 GMT+0100,1.10223,1.1022,0.75,0.75
29.01.2020 01:18:02.268 GMT+0100,1.10224,1.1022,5.59,0.75
29.01.2020 01:18:02.718 GMT+0100,1.10223,1.1022,0.75,0.75
29.01.2020 01:18:03.093 GMT+0100,1.10224,1.1022,6.52,0.75
29.01.2020 01:18:05.176 GMT+0100,1.10223,1.1022,0.56,0.75
29.01.2020 01:18:06.067 GMT+0100,1.10224,1.1022,6.52,0.75
29.01.2020 01:18:07.401 GMT+0100,1.10223,1.1022,0.75,0.75
29.01.2020 01:18:12.702 GMT+0100,1.10224,1.1022,5.4,0.75
29.01.2020 01:18:13.601 GMT+0100,1.1022200000000002,1.1022,1.31,0.75
29.01.2020 01:18:14.165 GMT+0100,1.10224,1.1022,6.15,0.75
29.01.2020 01:18:14.266 GMT+0100,1.10224,1.10219,6.9,3.82
29.01.2020 01:18:14.390 GMT+0100,1.10223,1.1022100000000001,0.56,0.75
29.01.2020 01:18:14.788 GMT+0100,1.10224,1.1022100000000001,6.15,0.75
29.01.2020 01:18:16.907 GMT+0100,1.10223,1.1022100000000001,2.25,1.12
29.01.2020 01:18:21.360 GMT+0100,1.10223,1.1022,2.44,1.2
29.01.2020 01:18:23.269 GMT+0100,1.1022200000000002,1.1022,0.56,1.2
29.01.2020 01:18:24.087 GMT+0100,1.10223,1.1022,1.01,1.2
29.01.2020 01:18:26.089 GMT+0100,1.1022200000000002,1.1022,0.56,1.2
29.01.2020 01:18:26.374 GMT+0100,1.10223,1.1022,1.2,1.2
29.01.2020 01:18:35.650 GMT+0100,1.1022200000000002,1.1022,0.56,1.57
29.01.2020 01:18:36.225 GMT+0100,1.10223,1.1022,1.12,1.2
29.01.2020 01:18:45.372 GMT+0100,1.10223,1.1022100000000001,0.75,0.75
29.01.2020 01:18:48.124 GMT+0100,1.10224,1.1022,5.06,2.89
29.01.2020 01:18:48.586 GMT+0100,1.10223,1.1022,0.75,3
29.01.2020 01:19:03.372 GMT+0100,1.10223,1.1022100000000001,0.26,0.75
29.01.2020 01:19:09.372 GMT+0100,1.10223,1.1022,0.26,1.5
29.01.2020 01:19:15.855 GMT+0100,1.10224,1.1022100000000001,4.65,0.75
29.01.2020 01:19:18.052 GMT+0100,1.10224,1.1022,3.15,1.87
29.01.2020 01:19:18.816 GMT+0100,1.10223,1.1022,0.56,1.5
29.01.2020 01:19:22.268 GMT+0100,1.1022200000000002,1.1022,0.56,2.25
29.01.2020 01:19:33.862 GMT+0100,1.10223,1.1022,1.57,0.75
29.01.2020 01:19:35.027 GMT+0100,1.1022200000000002,1.1022,0.56,0.75
29.01.2020 01:19:39.169 GMT+0100,1.10223,1.1022,0.75,0.75
29.01.2020 01:20:04.824 GMT+0100,1.1022200000000002,1.1022,0.75,0.75
29.01.2020 01:20:04.944 GMT+0100,1.1022200000000002,1.10219,0.75,4.12
29.01.2020 01:20:09.488 GMT+0100,1.10223,1.10219,2.62,3.37
29.01.2020 01:20:12.371 GMT+0100,1.10223,1.1022,3.37,0.75
29.01.2020 01:20:15.371 GMT+0100,1.10223,1.10219,3.37,3.75
29.01.2020 01:20:23.407 GMT+0100,1.1022100000000001,1.10219,2.62,0.75
29.01.2020 01:20:23.509 GMT+0100,1.1022,1.10218,0.19,1.12
29.01.2020 01:20:23.626 GMT+0100,1.1022100000000001,1.10218,2.25,1.12
29.01.2020 01:20:23.730 GMT+0100,1.1022,1.10218,0.19,1.12
29.01.2020 01:20:23.934 GMT+0100,1.1022100000000001,1.10218,2.44,1.2
29.01.2020 01:20:24.490 GMT+0100,1.1022100000000001,1.10219,0.19,0.75
29.01.2020 01:20:25.449 GMT+0100,1.1022200000000002,1.10219,2.51,0.75
29.01.2020 01:20:33.470 GMT+0100,1.10223,1.10219,1.5,2.25
29.01.2020 01:20:34.490 GMT+0100,1.10223,1.1022,0.82,0.75
29.01.2020 01:20:35.613 GMT+0100,1.10223,1.1022100000000001,1.5,0.75
29.01.2020 01:20:35.919 GMT+0100,1.10223,1.1022200000000002,0.75,1.5
29.01.2020 01:20:36.205 GMT+0100,1.10224,1.1022200000000002,0.75,2.25
29.01.2020 01:20:41.296 GMT+0100,1.10225,1.1022200000000002,3,0.37
29.01.2020 01:20:41.549 GMT+0100,1.10225,1.10223,3,0.75
29.01.2020 01:20:44.725 GMT+0100,1.10224,1.10223,0.75,0.75
29.01.2020 01:20:45.112 GMT+0100,1.10225,1.10223,3.56,0.75
29.01.2020 01:20:45.213 GMT+0100,1.10224,1.10223,2.25,0.75
29.01.2020 01:20:45.612 GMT+0100,1.10225,1.10223,5.06,0.75
29.01.2020 01:20:48.749 GMT+0100,1.10224,1.10223,0.75,0.75
29.01.2020 01:20:53.588 GMT+0100,1.10225,1.10223,3.75,0.75
29.01.2020 01:20:57.372 GMT+0100,1.10224,1.10223,0.75,0.75
29.01.2020 01:21:01.126 GMT+0100,1.10224,1.1022200000000002,0.75,2.25
29.01.2020 01:21:03.372 GMT+0100,1.10225,1.1022200000000002,4.5,0.75
29.01.2020 01:21:04.757 GMT+0100,1.10226,1.10225,2.62,0.82
29.01.2020 01:21:04.858 GMT+0100,1.10227,1.10226,0.19,0.75
29.01.2020 01:21:13.248 GMT+0100,1.10229,1.10227,2.62,0.82
29.01.2020 01:21:16.015 GMT+0100,1.1023,1.10228,0.19,1.62
29.01.2020 01:21:16.168 GMT+0100,1.1023100000000001,1.10228,0.75,2.51
29.01.2020 01:21:16.270 GMT+0100,1.1023200000000002,1.10229,1.69,0.75
29.01.2020 01:21:16.523 GMT+0100,1.1023200000000002,1.1023,0.94,0.75
29.01.2020 01:21:19.295 GMT+0100,1.10233,1.1023200000000002,0.75,1.57
29.01.2020 01:21:19.447 GMT+0100,1.10234,1.1023200000000002,1.5,0.82
29.01.2020 01:21:19.549 GMT+0100,1.1023500000000002,1.1023200000000002,3.19,0.1
29.01.2020 01:21:19.999 GMT+0100,1.10234,1.1023200000000002,0.75,0.82
29.01.2020 01:21:20.569 GMT+0100,1.10233,1.1023200000000002,0.75,2.32
29.01.2020 01:21:21.390 GMT+0100,1.10233,1.1023100000000001,1.69,2.62
29.01.2020 01:21:23.591 GMT+0100,1.10234,1.1023100000000001,4.87,0.82
29.01.2020 01:21:23.938 GMT+0100,1.10233,1.1023100000000001,0.56,0.82
29.01.2020 01:21:24.049 GMT+0100,1.10234,1.1023100000000001,3.19,0.82
29.01.2020 01:21:26.681 GMT+0100,1.10233,1.1023100000000001,0.75,1.57
29.01.2020 01:21:27.665 GMT+0100,1.10234,1.1023100000000001,1.69,1.57
29.01.2020 01:21:31.252 GMT+0100,1.1023500000000002,1.1023200000000002,4.69,0.82
29.01.2020 01:21:31.353 GMT+0100,1.10234,1.1023200000000002,0.75,0.82
29.01.2020 01:21:33.289 GMT+0100,1.10234,1.10233,0.75,1.57
29.01.2020 01:21:33.394 GMT+0100,1.1023500000000002,1.10233,0.19,2.4
29.01.2020 01:21:33.749 GMT+0100,1.1023500000000002,1.10234,0.19,0.75
29.01.2020 01:21:35.080 GMT+0100,1.1023500000000002,1.10233,0.19,2.32
29.01.2020 01:21:35.283 GMT+0100,1.10236,1.10234,1.87,0.45
29.01.2020 01:21:35.434 GMT+0100,1.10237,1.1023500000000002,1.5,0.82
29.01.2020 01:21:35.535 GMT+0100,1.10238,1.1023500000000002,0.94,1.57
29.01.2020 01:21:40.958 GMT+0100,1.10237,1.1023500000000002,0.75,1.57
29.01.2020 01:21:42.694 GMT+0100,1.10238,1.1023500000000002,1.5,1.57
29.01.2020 01:21:43.085 GMT+0100,1.10236,1.10234,0.75,4.2
29.01.2020 01:21:43.187 GMT+0100,1.10237,1.10234,2.81,1.95
29.01.2020 01:21:47.275 GMT+0100,1.1023500000000002,1.10234,2.44,0.1
29.01.2020 01:21:47.326 GMT+0100,1.10234,1.1023200000000002,0.19,1.01
29.01.2020 01:21:47.772 GMT+0100,1.10233,1.1023200000000002,0.75,2.51
29.01.2020 01:21:51.165 GMT+0100,1.10233,1.1023100000000001,1.69,2.7
29.01.2020 01:21:53.843 GMT+0100,1.10233,1.1023200000000002,0.19,0.75
29.01.2020 01:21:56.686 GMT+0100,1.10233,1.1023100000000001,0.19,1.57
29.01.2020 01:21:59.568 GMT+0100,1.10234,1.1023100000000001,1.69,0.26
29.01.2020 01:22:03.552 GMT+0100,1.10233,1.1023100000000001,0.19,0.82
29.01.2020 01:22:17.771 GMT+0100,1.1023200000000002,1.1023,0.75,0.75
29.01.2020 01:22:19.307 GMT+0100,1.1023100000000001,1.1023,0.75,0.75
29.01.2020 01:22:19.408 GMT+0100,1.1023200000000002,1.1023,1.5,0.75
29.01.2020 01:22:21.173 GMT+0100,1.10233,1.1023100000000001,1.5,0.1
29.01.2020 01:22:22.546 GMT+0100,1.10233,1.1023,1.5,2.06
29.01.2020 01:22:24.037 GMT+0100,1.1023200000000002,1.1023,0.94,0.75
29.01.2020 01:22:25.873 GMT+0100,1.1023,1.10229,0.75,0.82
29.01.2020 01:22:25.975 GMT+0100,1.1023,1.10228,0.75,1.69
