Local time,Ask,Bid,AskVolume,BidVolume
29.01.2020 00:00:00.941 GMT+0100,3282.866,3282.652,0.0001,0.0022
29.01.2020 00:00:00.992 GMT+0100,3283.3,3282.652,0.0001,0.0026
29.01.2020 00:00:02.074 GMT+0100,3283.06,3282.349,0.0008,0.0007
29.01.2020 00:00:03.189 GMT+0100,3282.966,3282.349,0.0007,0.0007
29.01.2020 00:00:03.240 GMT+0100,3282.9570000000003,3282.2459999999996,0.0001,0.0033
29.01.2020 00:00:03.395 GMT+0100,3283.048,3282.349,0.0001,0.0007
29.01.2020 00:00:05.229 GMT+0100,3283.048,3282.6340000000005,0.0001,0.0022
29.01.2020 00:00:05.279 GMT+0100,3283.348,3282.7000000000003,0.0007,0.0007
29.01.2020 00:00:05.875 GMT+0100,3283.348,3282.855,0.0007,0.0004
29.01.2020 00:00:05.926 GMT+0100,3283.551,3282.855,0.0008,0.0004
29.01.2020 00:00:06.185 GMT+0100,3283.357,3282.855,0.0007,0.0004
29.01.2020 00:00:06.235 GMT+0100,3283.3450000000003,3282.643,0.0001,0.0007
29.01.2020 00:00:06.285 GMT+0100,3283.8,3283.1459999999997,0.0007,0.0004
29.01.2020 00:00:06.569 GMT+0100,3283.8509999999997,3283.2520000000004,0.0001,0.0022
29.01.2020 00:00:06.619 GMT+0100,3283.951,3283.2520000000004,0.0007,0.0022
29.01.2020 00:00:06.732 GMT+0100,3284.051,3283.3520000000003,0.0008,0.0004
29.01.2020 00:00:07.239 GMT+0100,3283.945,3283.3520000000003,0.0007,0.0004
29.01.2020 00:00:07.289 GMT+0100,3283.945,3283.3,0.0007,0.0007
29.01.2020 00:00:07.402 GMT+0100,3283.951,3283.346,0.0001,0.0004
29.01.2020 00:00:07.453 GMT+0100,3284.054,3283.346,0.0007,0.0004
29.01.2020 00:00:08.884 GMT+0100,3283.8509999999997,3283.346,0.0007,0.0004
29.01.2020 00:00:08.934 GMT+0100,3283.848,3283.155,0.0001,0.0007
29.01.2020 00:00:09.757 GMT+0100,3283.5,3283.155,0.0007,0.0007
29.01.2020 00:00:09.807 GMT+0100,3283.5,3282.8520000000003,0.0008,0.0004
29.01.2020 00:00:10.549 GMT+0100,3283.5,3283.355,0.0001,0.0022
29.01.2020 00:00:10.599 GMT+0100,3284.06,3283.355,0.003,0.0029
29.01.2020 00:00:14.121 GMT+0100,3284.06,3283.652,0.0001,0.0022
29.01.2020 00:00:14.171 GMT+0100,3284.3509999999997,3283.655,0.0001,0.0007
29.01.2020 00:00:14.441 GMT+0100,3284.0570000000002,3283.655,0.0007,0.0007
29.01.2020 00:00:14.492 GMT+0100,3284.054,3283.3520000000003,0.0001,0.0011
29.01.2020 00:00:16.611 GMT+0100,3283.863,3283.3520000000003,0.0007,0.0011
29.01.2020 00:00:16.661 GMT+0100,3283.8,3283.14,0.0001,0.0004
29.01.2020 00:00:23.228 GMT+0100,3283.8,3283.3520000000003,0.0001,0.0022
29.01.2020 00:00:23.278 GMT+0100,3284,3283.3520000000003,0.0007,0.0022
29.01.2020 00:00:24.581 GMT+0100,3283.9629999999997,3283.349,0.0007,0.0004
29.01.2020 00:00:24.631 GMT+0100,3283.9,3283.255,0.0001,0.0007
29.01.2020 00:00:24.889 GMT+0100,3284.045,3283.343,0.0008,0.0022
29.01.2020 00:00:28.150 GMT+0100,3283.8,3283.155,0.0007,0.0004
29.01.2020 00:00:30.020 GMT+0100,3283.848,3283.337,0.0001,0.0022
29.01.2020 00:00:30.071 GMT+0100,3284.045,3283.355,0.0007,0.0007
29.01.2020 00:00:32.585 GMT+0100,3283.8509999999997,3283.355,0.0007,0.0007
29.01.2020 00:00:32.636 GMT+0100,3283.848,3283.2000000000003,0.0001,0.0004
29.01.2020 00:00:32.771 GMT+0100,3283.945,3283.237,0.0001,0.0029
29.01.2020 00:00:33.022 GMT+0100,3283.863,3283.237,0.0007,0.0007
29.01.2020 00:00:33.072 GMT+0100,3283.848,3283.1490000000003,0.0001,0.0007
29.01.2020 00:00:39.581 GMT+0100,3283.745,3283.137,0.0001,0.0004
29.01.2020 00:00:39.631 GMT+0100,3283.745,3283.0550000000003,0.0001,0.0029
29.01.2020 00:00:40.045 GMT+0100,3283.56,3283.0550000000003,0.0007,0.0007
29.01.2020 00:00:40.096 GMT+0100,3283.554,3282.855,0.0001,0.0004
29.01.2020 00:00:41.125 GMT+0100,3283.554,3283.152,0.0001,0.0022
29.01.2020 00:00:41.175 GMT+0100,3283.848,3283.155,0.0001,0.0004
29.01.2020 00:00:42.850 GMT+0100,3283.757,3283.155,0.0007,0.0004
29.01.2020 00:00:42.901 GMT+0100,3283.757,3283.0490000000004,0.0008,0.0004
29.01.2020 00:00:43.015 GMT+0100,3283.554,3283.0490000000004,0.0007,0.0004
29.01.2020 00:00:43.065 GMT+0100,3283.5,3282.84,0.0001,0.0022
29.01.2020 00:00:43.498 GMT+0100,3283.5,3283.1490000000003,0.0001,0.0022
29.01.2020 00:00:43.549 GMT+0100,3283.8509999999997,3283.155,0.0001,0.0004
29.01.2020 00:00:47.486 GMT+0100,3283.8509999999997,3283.2459999999996,0.0001,0.0022
29.01.2020 00:00:47.536 GMT+0100,3283.954,3283.255,0.0007,0.0007
29.01.2020 00:00:47.902 GMT+0100,3283.8540000000003,3283.255,0.0007,0.0007
29.01.2020 00:00:47.953 GMT+0100,3283.8540000000003,3283.155,0.0007,0.0007
29.01.2020 00:00:50.146 GMT+0100,3283.863,3283.337,0.0001,0.0022
29.01.2020 00:00:50.196 GMT+0100,3284.051,3283.4,0.0008,0.0007
29.01.2020 00:00:52.951 GMT+0100,3283.866,3283.4,0.0007,0.0007
29.01.2020 00:00:53.001 GMT+0100,3283.8540000000003,3283.155,0.0001,0.0026
29.01.2020 00:00:53.901 GMT+0100,3284.045,3283.4,0.0001,0.0004
29.01.2020 00:01:02.934 GMT+0100,3283.857,3283.4,0.0001,0.0004
29.01.2020 00:01:02.984 GMT+0100,3283.857,3283.1490000000003,0.0001,0.0007
29.01.2020 00:01:04.962 GMT+0100,3283.5,3283.1490000000003,0.0007,0.0007
29.01.2020 00:01:05.013 GMT+0100,3283.5,3282.9,0.0008,0.0022
29.01.2020 00:01:06.142 GMT+0100,3283.348,3282.655,0.0001,0.0029
29.01.2020 00:01:10.160 GMT+0100,3283.054,3282.655,0.0007,0.0007
29.01.2020 00:01:10.240 GMT+0100,3283.051,3282.355,0.0001,0.0029
29.01.2020 00:01:10.481 GMT+0100,3283.051,3282.64,0.0001,0.0022
29.01.2020 00:01:10.531 GMT+0100,3283.3450000000003,3282.655,0.0007,0.0007
29.01.2020 00:01:11.582 GMT+0100,3283.2540000000004,3282.655,0.0007,0.0007
29.01.2020 00:01:11.633 GMT+0100,3283.245,3282.552,0.0001,0.0004
29.01.2020 00:01:11.756 GMT+0100,3283.048,3282.337,0.0007,0.0026
29.01.2020 00:01:12.991 GMT+0100,3283.06,3282.54,0.0001,0.0022
29.01.2020 00:01:13.041 GMT+0100,3283.2000000000003,3282.552,0.0007,0.0007
29.01.2020 00:01:13.318 GMT+0100,3283.245,3282.6490000000003,0.0001,0.0022
29.01.2020 00:01:13.368 GMT+0100,3283.3450000000003,3282.6490000000003,0.0007,0.0029
29.01.2020 00:01:13.475 GMT+0100,3283.045,3282.6490000000003,0.0007,0.0007
29.01.2020 00:01:13.525 GMT+0100,3283.045,3282.3520000000003,0.0007,0.0011
29.01.2020 00:01:13.954 GMT+0100,3283.048,3282.5370000000003,0.0001,0.0022
29.01.2020 00:01:14.004 GMT+0100,3283.2000000000003,3282.6,0.0001,0.0004
29.01.2020 00:01:14.278 GMT+0100,3283.051,3282.6,0.0007,0.0004
29.01.2020 00:01:14.329 GMT+0100,3283.051,3282.4,0.0007,0.0004
29.01.2020 00:01:15.994 GMT+0100,3282.8,3282.4,0.0007,0.0004
29.01.2020 00:01:16.045 GMT+0100,3282.8,3282.137,0.0008,0.0004
29.01.2020 00:01:23.697 GMT+0100,3282.5,3282.137,0.0007,0.0004
29.01.2020 00:01:23.748 GMT+0100,3282.5,3281.9,0.0007,0.0022
29.01.2020 00:01:25.232 GMT+0100,3282.348,3281.84,0.0007,0.0004
29.01.2020 00:01:25.283 GMT+0100,3282.348,3281.7000000000003,0.0008,0.0022
29.01.2020 00:01:27.420 GMT+0100,3281.866,3281.637,0.0007,0.0011
29.01.2020 00:01:27.471 GMT+0100,3281.857,3281.2000000000003,0.0001,0.0022
29.01.2020 00:01:27.601 GMT+0100,3282.054,3281.4,0.0008,0.0004
29.01.2020 00:01:27.675 GMT+0100,3282.0570000000002,3281.8520000000003,0.0001,0.0022
29.01.2020 00:01:27.726 GMT+0100,3282.548,3281.8520000000003,0.0001,0.0026
29.01.2020 00:01:27.835 GMT+0100,3282.3,3281.8520000000003,0.0007,0.0004
29.01.2020 00:01:27.886 GMT+0100,3282.3,3281.6459999999997,0.0007,0.0029
29.01.2020 00:01:29.805 GMT+0100,3282.045,3281.6459999999997,0.0007,0.0007
29.01.2020 00:01:29.856 GMT+0100,3282.045,3281.346,0.0007,0.0007
29.01.2020 00:01:32.092 GMT+0100,3281.848,3281.346,0.0007,0.0007
29.01.2020 00:01:32.142 GMT+0100,3281.848,3281.143,0.0007,0.0022
29.01.2020 00:01:32.893 GMT+0100,3281.56,3281.14,0.0007,0.0007
29.01.2020 00:01:32.943 GMT+0100,3281.554,3280.9,0.0001,0.0004
29.01.2020 00:01:33.054 GMT+0100,3281.3450000000003,3280.9,0.0007,0.0004
29.01.2020 00:01:33.105 GMT+0100,3281.3450000000003,3280.643,0.0007,0.0007
29.01.2020 00:01:35.559 GMT+0100,3281.063,3280.643,0.0007,0.0007
29.01.2020 00:01:35.610 GMT+0100,3281,3280.355,0.0001,0.0004
29.01.2020 00:01:35.719 GMT+0100,3281,3280.6459999999997,0.0001,0.0022
29.01.2020 00:01:35.769 GMT+0100,3281.3,3280.7000000000003,0.0008,0.0011
29.01.2020 00:01:36.705 GMT+0100,3281.3,3280.9,0.0001,0.0022
29.01.2020 00:01:36.755 GMT+0100,3281.548,3280.9,0.0008,0.0029
29.01.2020 00:01:37.866 GMT+0100,3281.05,3280.4,0.0001,0.0007
29.01.2020 00:01:38.786 GMT+0100,3280.8590000000004,3280.4,0.0007,0.0007
29.01.2020 00:01:38.837 GMT+0100,3280.85,3280.152,0.0001,0.0029
29.01.2020 00:01:39.690 GMT+0100,3280.551,3280.152,0.0007,0.0007
29.01.2020 00:01:39.740 GMT+0100,3280.548,3279.846,0.0001,0.0026
29.01.2020 00:01:40.010 GMT+0100,3280.548,3280.137,0.0001,0.0022
29.01.2020 00:01:40.060 GMT+0100,3280.8,3280.2000000000003,0.0007,0.0004
29.01.2020 00:01:41.344 GMT+0100,3280.857,3280.64,0.0001,0.0022
29.01.2020 00:01:41.394 GMT+0100,3281.348,3280.7000000000003,0.0007,0.0007
29.01.2020 00:01:41.505 GMT+0100,3281.063,3280.7000000000003,0.0007,0.0007
29.01.2020 00:01:41.555 GMT+0100,3281.054,3280.4,0.0001,0.0004
29.01.2020 00:01:43.280 GMT+0100,3281.054,3280.843,0.0001,0.0022
29.01.2020 00:01:43.330 GMT+0100,3281.548,3280.9,0.0007,0.0007
29.01.2020 00:01:43.478 GMT+0100,3281.357,3280.7000000000003,0.0001,0.0007
29.01.2020 00:01:44.560 GMT+0100,3281.357,3280.743,0.0001,0.0022
29.01.2020 00:01:44.610 GMT+0100,3281.454,3280.7459999999996,0.0001,0.0011
29.01.2020 00:01:44.722 GMT+0100,3281.348,3280.7459999999996,0.0007,0.0004
29.01.2020 00:01:44.772 GMT+0100,3281.348,3280.643,0.0007,0.0022
29.01.2020 00:01:45.041 GMT+0100,3281.054,3280.64,0.0007,0.0007
29.01.2020 00:01:45.092 GMT+0100,3281,3280.3520000000003,0.0001,0.0007
29.01.2020 00:01:45.726 GMT+0100,3280.8,3280.3520000000003,0.0007,0.0007
29.01.2020 00:01:45.777 GMT+0100,3280.8,3280.155,0.0008,0.0022
29.01.2020 00:01:47.331 GMT+0100,3280.548,3280.1490000000003,0.0007,0.0004
29.01.2020 00:01:47.381 GMT+0100,3280.548,3279.846,0.0007,0.0022
29.01.2020 00:01:47.491 GMT+0100,3280.551,3280.0550000000003,0.0001,0.0022
29.01.2020 00:01:47.542 GMT+0100,3280.745,3280.1,0.0001,0.0004
29.01.2020 00:01:47.651 GMT+0100,3280.745,3280.152,0.0001,0.0022
29.01.2020 00:01:47.701 GMT+0100,3280.8450000000003,3280.155,0.0007,0.0007
29.01.2020 00:01:51.914 GMT+0100,3280.551,3280.155,0.0007,0.0007
29.01.2020 00:01:51.965 GMT+0100,3280.551,3279.8520000000003,0.0008,0.0007
29.01.2020 00:01:53.827 GMT+0100,3280.363,3279.8520000000003,0.0007,0.0007
29.01.2020 00:01:53.877 GMT+0100,3280.363,3279.655,0.0008,0.0007
29.01.2020 00:01:55.375 GMT+0100,3280,3279.655,0.0007,0.0007
29.01.2020 00:01:55.425 GMT+0100,3280,3279.4,0.0007,0.0004
29.01.2020 00:01:57.743 GMT+0100,3280.066,3279.7000000000003,0.0001,0.0022
29.01.2020 00:01:57.794 GMT+0100,3280.3540000000003,3279.7000000000003,0.0007,0.0022
29.01.2020 00:01:57.953 GMT+0100,3280.357,3280.137,0.0001,0.0022
29.01.2020 00:01:58.004 GMT+0100,3280.86,3280.143,0.0001,0.0007
29.01.2020 00:02:00.913 GMT+0100,3280.566,3280.143,0.0007,0.0007
29.01.2020 00:02:00.964 GMT+0100,3280.548,3279.855,0.0001,0.0004
29.01.2020 00:02:01.793 GMT+0100,3280.548,3280.046,0.0001,0.0022
29.01.2020 00:02:01.844 GMT+0100,3280.7509999999997,3280.1,0.0001,0.0007
29.01.2020 00:02:01.970 GMT+0100,3280.5,3279.855,0.0001,0.0004
29.01.2020 00:02:02.116 GMT+0100,3280.5,3280.155,0.0001,0.0022
29.01.2020 00:02:02.167 GMT+0100,3280.857,3280.2000000000003,0.0007,0.0007
29.01.2020 00:02:08.241 GMT+0100,3280.551,3279.855,0.0001,0.0004
29.01.2020 00:02:10.518 GMT+0100,3280.3,3279.855,0.0007,0.0004
29.01.2020 00:02:10.568 GMT+0100,3280.3,3279.64,0.0007,0.0022
29.01.2020 00:02:15.991 GMT+0100,3280.3509999999997,3279.843,0.0001,0.0022
29.01.2020 00:02:16.041 GMT+0100,3280.5,3279.843,0.0001,0.0029
29.01.2020 00:02:16.311 GMT+0100,3280.454,3279.843,0.0007,0.0007
29.01.2020 00:02:16.361 GMT+0100,3280.451,3279.8,0.0001,0.0007
29.01.2020 00:02:16.634 GMT+0100,3280.357,3279.8,0.0007,0.0007
29.01.2020 00:02:16.684 GMT+0100,3280.348,3279.6490000000003,0.0001,0.0007
29.01.2020 00:02:18.346 GMT+0100,3280.348,3279.8340000000003,0.0001,0.0022
29.01.2020 00:02:18.414 GMT+0100,3280.5,3279.855,0.0007,0.0004
29.01.2020 00:02:18.942 GMT+0100,3280.466,3279.855,0.0007,0.0004
29.01.2020 00:02:18.992 GMT+0100,3280.46,3279.8,0.0001,0.0022
29.01.2020 00:02:19.102 GMT+0100,3280.46,3279.843,0.0001,0.0022
29.01.2020 00:02:19.153 GMT+0100,3280.5,3279.8520000000003,0.0001,0.0007
29.01.2020 00:02:19.423 GMT+0100,3280.445,3279.8520000000003,0.0007,0.0007
29.01.2020 00:02:19.473 GMT+0100,3280.445,3279.7520000000004,0.0008,0.0004
29.01.2020 00:02:20.244 GMT+0100,3280.3450000000003,3279.7520000000004,0.0007,0.0004
29.01.2020 00:02:20.294 GMT+0100,3280.3450000000003,3279.652,0.0007,0.0007
29.01.2020 00:02:20.564 GMT+0100,3280.054,3279.652,0.0007,0.0007
29.01.2020 00:02:20.614 GMT+0100,3280.054,3279.3520000000003,0.0007,0.0022
29.01.2020 00:02:23.076 GMT+0100,3279.8509999999997,3279.349,0.0007,0.0004
29.01.2020 00:02:23.126 GMT+0100,3279.8,3279.2000000000003,0.0001,0.0007
29.01.2020 00:02:23.793 GMT+0100,3280.048,3279.349,0.0007,0.0022
29.01.2020 00:02:24.783 GMT+0100,3280.363,3279.7000000000003,0.0001,0.0004
29.01.2020 00:02:30.636 GMT+0100,3280,3279.7000000000003,0.0007,0.0004
29.01.2020 00:02:30.686 GMT+0100,3280,3279.346,0.0007,0.0004
29.01.2020 00:02:31.426 GMT+0100,3280.3540000000003,3279.652,0.003,0.0004
29.01.2020 00:02:33.735 GMT+0100,3280.2000000000003,3279.6,0.0007,0.0007
29.01.2020 00:02:34.065 GMT+0100,3280.0570000000002,3279.4,0.0001,0.0011
29.01.2020 00:02:34.543 GMT+0100,3280.0570000000002,3279.5490000000004,0.0001,0.0022
29.01.2020 00:02:34.593 GMT+0100,3280.245,3279.5490000000004,0.0001,0.0022
29.01.2020 00:02:34.725 GMT+0100,3280.3509999999997,3279.7000000000003,0.0001,0.0022
29.01.2020 00:02:39.903 GMT+0100,3280.048,3279.655,0.0007,0.0004
29.01.2020 00:02:39.953 GMT+0100,3280.048,3279.355,0.0007,0.0022
29.01.2020 00:02:40.562 GMT+0100,3280.063,3279.637,0.0001,0.0022
29.01.2020 00:02:40.613 GMT+0100,3280.3,3279.7000000000003,0.0007,0.0004
29.01.2020 00:02:41.341 GMT+0100,3280.06,3279.7000000000003,0.0007,0.0004
29.01.2020 00:02:41.391 GMT+0100,3280.06,3279.349,0.003,0.0004
29.01.2020 00:02:49.426 GMT+0100,3279.848,3279.349,0.0007,0.0004
29.01.2020 00:02:49.476 GMT+0100,3279.8,3279.1459999999997,0.0001,0.0029
29.01.2020 00:02:54.393 GMT+0100,3279.5,3279.1459999999997,0.0007,0.0007
29.01.2020 00:02:54.444 GMT+0100,3279.5,3278.846,0.0008,0.0022
29.01.2020 00:02:54.713 GMT+0100,3279.5,3279.1490000000003,0.0001,0.0022
29.01.2020 00:02:54.764 GMT+0100,3279.8450000000003,3279.155,0.0001,0.0007
29.01.2020 00:02:54.909 GMT+0100,3279.951,3279.3,0.0007,0.0029
29.01.2020 00:02:55.034 GMT+0100,3279.8540000000003,3279.3,0.0007,0.0007
29.01.2020 00:02:55.084 GMT+0100,3279.8540000000003,3279.2000000000003,0.0008,0.0004
29.01.2020 00:02:55.429 GMT+0100,3279.866,3279.3340000000003,0.0001,0.0022
29.01.2020 00:02:55.479 GMT+0100,3280.051,3279.3340000000003,0.0007,0.0033
29.01.2020 00:03:02.597 GMT+0100,3279.866,3279.3340000000003,0.0007,0.0011
29.01.2020 00:03:02.648 GMT+0100,3279.86,3279.1490000000003,0.0001,0.0022
29.01.2020 00:03:04.288 GMT+0100,3279.348,3279.1459999999997,0.0007,0.0004
29.01.2020 00:03:04.339 GMT+0100,3279.348,3278.655,0.0008,0.0007
29.01.2020 00:03:11.649 GMT+0100,3279.051,3278.655,0.0007,0.0007
29.01.2020 00:03:11.699 GMT+0100,3279.051,3278.337,0.0007,0.0029
29.01.2020 00:03:12.847 GMT+0100,3279.0570000000002,3278.6490000000003,0.0001,0.0022
29.01.2020 00:03:12.898 GMT+0100,3279.3450000000003,3278.6490000000003,0.0001,0.0022
29.01.2020 00:03:16.208 GMT+0100,3279.3450000000003,3278.837,0.0001,0.0022
29.01.2020 00:03:16.258 GMT+0100,3279.554,3278.8520000000003,0.0001,0.0004
29.01.2020 00:03:16.368 GMT+0100,3279.357,3278.8520000000003,0.0007,0.0004
29.01.2020 00:03:16.418 GMT+0100,3279.3540000000003,3278.655,0.0001,0.0022
29.01.2020 00:03:16.528 GMT+0100,3279.3540000000003,3278.7520000000004,0.0001,0.0022
29.01.2020 00:03:16.578 GMT+0100,3279.445,3278.7520000000004,0.0007,0.0022
29.01.2020 00:03:16.705 GMT+0100,3279.363,3278.7400000000002,0.0007,0.0004
29.01.2020 00:03:16.756 GMT+0100,3279.363,3278.652,0.003,0.0022
29.01.2020 00:03:18.066 GMT+0100,3278.866,3278.64,0.0007,0.0007
29.01.2020 00:03:18.117 GMT+0100,3278.86,3278.2000000000003,0.0001,0.0022
29.01.2020 00:03:20.575 GMT+0100,3278.86,3278.349,0.0001,0.0022
29.01.2020 00:03:20.626 GMT+0100,3279.048,3278.355,0.003,0.0007
29.01.2020 00:03:29.474 GMT+0100,3279.048,3278.849,0.0001,0.0022
29.01.2020 00:03:29.524 GMT+0100,3279.56,3278.849,0.0008,0.0022
29.01.2020 00:03:29.634 GMT+0100,3279.3509999999997,3278.8340000000003,0.0007,0.0011
29.01.2020 00:03:29.684 GMT+0100,3279.3509999999997,3278.7000000000003,0.0008,0.0004
29.01.2020 00:03:30.285 GMT+0100,3279.363,3278.7520000000004,0.0001,0.0022
29.01.2020 00:03:30.336 GMT+0100,3279.445,3278.8,0.0001,0.0007
29.01.2020 00:03:30.446 GMT+0100,3279.3509999999997,3278.8,0.0007,0.0007
29.01.2020 00:03:30.496 GMT+0100,3279.3509999999997,3278.6490000000003,0.0007,0.0004
29.01.2020 00:03:36.101 GMT+0100,3279.363,3278.849,0.0001,0.0022
29.01.2020 00:03:36.152 GMT+0100,3279.5,3278.849,0.0001,0.0022
29.01.2020 00:03:37.587 GMT+0100,3279.5,3279.155,0.0001,0.0022
29.01.2020 00:03:37.637 GMT+0100,3279.8450000000003,3279.155,0.0008,0.0029
29.01.2020 00:03:39.536 GMT+0100,3279.96,3279.255,0.0001,0.0022
29.01.2020 00:03:39.687 GMT+0100,3279.96,3279.3520000000003,0.0001,0.0022
29.01.2020 00:03:39.816 GMT+0100,3280,3279.4,0.0001,0.0004
29.01.2020 00:03:42.836 GMT+0100,3279.853,3279.2000000000003,0.0001,0.0022
29.01.2020 00:03:44.346 GMT+0100,3279.556,3279.1459999999997,0.0007,0.0007
29.01.2020 00:03:44.397 GMT+0100,3279.556,3278.9,0.0008,0.0004
29.01.2020 00:03:45.654 GMT+0100,3279.563,3279.155,0.0001,0.0022
29.01.2020 00:03:45.704 GMT+0100,3279.8450000000003,3279.2000000000003,0.0007,0.0004
29.01.2020 00:03:45.814 GMT+0100,3279.5679999999998,3279.2000000000003,0.0007,0.0004
29.01.2020 00:03:45.864 GMT+0100,3279.559,3278.846,0.0001,0.0029
29.01.2020 00:03:47.143 GMT+0100,3279.848,3279.152,0.0001,0.0022
29.01.2020 00:03:49.706 GMT+0100,3279.848,3279.346,0.0001,0.0022
29.01.2020 00:03:49.757 GMT+0100,3280.0570000000002,3279.349,0.003,0.0007
29.01.2020 00:03:50.267 GMT+0100,3279.86,3279.349,0.0007,0.0007
29.01.2020 00:03:50.318 GMT+0100,3279.8540000000003,3279.152,0.0001,0.0022
29.01.2020 00:03:51.465 GMT+0100,3279.8540000000003,3279.4,0.0001,0.0022
29.01.2020 00:03:51.516 GMT+0100,3280.048,3279.4,0.0001,0.0022
29.01.2020 00:03:53.261 GMT+0100,3280.048,3279.5490000000004,0.0001,0.0022
29.01.2020 00:03:53.312 GMT+0100,3280.2000000000003,3279.6,0.0008,0.0007
29.01.2020 00:03:56.810 GMT+0100,3280.2000000000003,3279.652,0.0001,0.0022
29.01.2020 00:03:56.861 GMT+0100,3280.3,3279.652,0.0001,0.0026
29.01.2020 00:03:58.564 GMT+0100,3280.3,3279.8340000000003,0.0001,0.0022
29.01.2020 00:03:58.614 GMT+0100,3280.563,3279.9,0.0001,0.0004
29.01.2020 00:03:58.725 GMT+0100,3280.36,3279.9,0.0007,0.0004
29.01.2020 00:03:58.775 GMT+0100,3280.3450000000003,3279.655,0.0001,0.0007
29.01.2020 00:04:00.801 GMT+0100,3280.3450000000003,3279.837,0.0001,0.0022
29.01.2020 00:04:00.851 GMT+0100,3280.545,3279.9,0.0001,0.0004
29.01.2020 00:04:00.957 GMT+0100,3280.545,3280.143,0.0001,0.0022
29.01.2020 00:04:01.007 GMT+0100,3280.848,3280.143,0.0007,0.0029
29.01.2020 00:04:01.118 GMT+0100,3280.554,3280.143,0.0007,0.0007
29.01.2020 00:04:01.168 GMT+0100,3280.554,3279.9,0.0008,0.0004
29.01.2020 00:04:01.598 GMT+0100,3280.357,3279.9,0.0007,0.0004
29.01.2020 00:04:01.649 GMT+0100,3280.3450000000003,3279.655,0.0001,0.0004
29.01.2020 00:04:03.374 GMT+0100,3280.054,3279.655,0.0007,0.0004
29.01.2020 00:04:03.425 GMT+0100,3280.054,3279.355,0.0008,0.0026
29.01.2020 00:04:06.553 GMT+0100,3280.063,3279.7000000000003,0.0001,0.0022
29.01.2020 00:04:06.603 GMT+0100,3280.348,3279.7000000000003,0.0008,0.0022
29.01.2020 00:04:11.913 GMT+0100,3279.857,3279.2000000000003,0.0008,0.0011
29.01.2020 00:04:12.048 GMT+0100,3279.866,3279.4,0.0001,0.0022
29.01.2020 00:04:12.099 GMT+0100,3280.051,3279.4,0.0001,0.0022
29.01.2020 00:04:13.234 GMT+0100,3279.8,3279.152,0.0008,0.0022
29.01.2020 00:04:15.057 GMT+0100,3279.56,3279.137,0.0007,0.0007
29.01.2020 00:04:15.107 GMT+0100,3279.548,3278.9,0.0001,0.0011
29.01.2020 00:04:16.361 GMT+0100,3279.363,3278.9,0.0007,0.0011
29.01.2020 00:04:16.411 GMT+0100,3279.363,3278.7000000000003,0.0008,0.0004
29.01.2020 00:04:18.925 GMT+0100,3279.366,3278.8340000000003,0.0001,0.0022
29.01.2020 00:04:18.975 GMT+0100,3279.5,3278.9,0.0007,0.0004
29.01.2020 00:04:23.935 GMT+0100,3279.548,3279.1340000000005,0.0001,0.0022
29.01.2020 00:04:23.985 GMT+0100,3279.848,3279.1490000000003,0.0007,0.0004
29.01.2020 00:04:25.446 GMT+0100,3279.748,3279.04,0.0001,0.0011
29.01.2020 00:04:25.589 GMT+0100,3279.748,3279.152,0.0001,0.0022
29.01.2020 00:04:25.639 GMT+0100,3279.8,3279.152,0.0001,0.0022
29.01.2020 00:04:27.288 GMT+0100,3279.56,3279.1490000000003,0.0007,0.0007
29.01.2020 00:04:27.339 GMT+0100,3279.56,3278.849,0.003,0.0004
29.01.2020 00:04:30.332 GMT+0100,3279.56,3279.043,0.0001,0.0022
29.01.2020 00:04:30.382 GMT+0100,3279.757,3279.0490000000004,0.0008,0.0004
29.01.2020 00:04:30.927 GMT+0100,3279.545,3279.0490000000004,0.0007,0.0004
29.01.2020 00:04:30.977 GMT+0100,3279.545,3278.8520000000003,0.0007,0.0022
29.01.2020 00:04:34.917 GMT+0100,3279.357,3278.846,0.0007,0.0004
29.01.2020 00:04:34.967 GMT+0100,3279.357,3278.7000000000003,0.0008,0.0007
29.01.2020 00:04:36.999 GMT+0100,3279.257,3278.5550000000003,0.0001,0.0004
29.01.2020 00:04:37.465 GMT+0100,3279.051,3278.5550000000003,0.0007,0.0004
29.01.2020 00:04:37.516 GMT+0100,3279.051,3278.346,0.0007,0.0007
29.01.2020 00:04:39.325 GMT+0100,3279.248,3278.5490000000004,0.0007,0.0004
29.01.2020 00:04:39.838 GMT+0100,3279.2540000000004,3278.6340000000005,0.0001,0.0022
29.01.2020 00:04:39.888 GMT+0100,3279.3540000000003,3278.652,0.0001,0.0011
29.01.2020 00:04:42.999 GMT+0100,3279.066,3278.652,0.0007,0.0011
29.01.2020 00:04:43.050 GMT+0100,3279.066,3278.4,0.003,0.0022
29.01.2020 00:04:43.453 GMT+0100,3278.8540000000003,3278.349,0.0007,0.0004
29.01.2020 00:04:43.504 GMT+0100,3278.8540000000003,3278.2000000000003,0.0007,0.0004
29.01.2020 00:04:43.818 GMT+0100,3278.566,3278.2000000000003,0.0007,0.0004
29.01.2020 00:04:43.868 GMT+0100,3278.545,3277.843,0.0001,0.0004
29.01.2020 00:04:44.615 GMT+0100,3278.048,3277.843,0.0007,0.0004
29.01.2020 00:04:44.666 GMT+0100,3278.554,3277.855,0.0001,0.0007
29.01.2020 00:04:44.781 GMT+0100,3278.3509999999997,3277.855,0.0007,0.0007
29.01.2020 00:04:44.831 GMT+0100,3278.3509999999997,3277.652,0.0008,0.0007
29.01.2020 00:04:45.101 GMT+0100,3278.3509999999997,3277.8,0.0001,0.0022
29.01.2020 00:04:45.151 GMT+0100,3278.451,3277.8,0.003,0.0022
29.01.2020 00:04:45.316 GMT+0100,3278.451,3277.8520000000003,0.0001,0.0022
29.01.2020 00:04:45.366 GMT+0100,3278.548,3277.8520000000003,0.0001,0.0026
29.01.2020 00:04:50.780 GMT+0100,3278.363,3277.8520000000003,0.0007,0.0004
29.01.2020 00:04:50.831 GMT+0100,3278.3540000000003,3277.7000000000003,0.0001,0.0022
29.01.2020 00:04:52.531 GMT+0100,3278.054,3277.355,0.0001,0.0007
29.01.2020 00:04:54.384 GMT+0100,3277.86,3277.355,0.0007,0.0007
29.01.2020 00:04:54.434 GMT+0100,3277.848,3277.1490000000003,0.0001,0.0004
29.01.2020 00:04:55.021 GMT+0100,3277.848,3277.355,0.0001,0.0022
29.01.2020 00:04:55.072 GMT+0100,3278.045,3277.355,0.0001,0.0022
29.01.2020 00:04:55.182 GMT+0100,3277.9629999999997,3277.3340000000003,0.0007,0.0011
29.01.2020 00:04:55.232 GMT+0100,3277.9629999999997,3277.255,0.0008,0.0004
29.01.2020 00:04:55.347 GMT+0100,3277.866,3277.255,0.0007,0.0004
29.01.2020 00:04:55.398 GMT+0100,3277.848,3277.155,0.0001,0.0022
29.01.2020 00:04:57.813 GMT+0100,3277.554,3276.9,0.0008,0.0007
29.01.2020 00:05:04.018 GMT+0100,3277.36,3276.9,0.0007,0.0007
29.01.2020 00:05:04.069 GMT+0100,3277.36,3276.655,0.0007,0.0004
29.01.2020 00:05:10.487 GMT+0100,3277.363,3276.843,0.0001,0.0022
29.01.2020 00:05:10.538 GMT+0100,3277.5,3276.9,0.0001,0.0004
29.01.2020 00:05:10.808 GMT+0100,3277.5,3277.137,0.0001,0.0022
29.01.2020 00:05:10.858 GMT+0100,3277.857,3277.2000000000003,0.0001,0.0007
29.01.2020 00:05:11.493 GMT+0100,3277.857,3277.34,0.0001,0.0022
29.01.2020 00:05:11.543 GMT+0100,3278.051,3277.355,0.0001,0.0004
29.01.2020 00:05:15.714 GMT+0100,3278.348,3277.7000000000003,0.0008,0.0029
29.01.2020 00:05:16.128 GMT+0100,3278.0570000000002,3277.7000000000003,0.0007,0.0007
29.01.2020 00:05:16.179 GMT+0100,3278,3277.346,0.0001,0.0007
29.01.2020 00:05:18.151 GMT+0100,3277.848,3277.346,0.0007,0.0007
29.01.2020 00:05:18.201 GMT+0100,3277.8450000000003,3277.14,0.0001,0.0011
29.01.2020 00:05:20.698 GMT+0100,3277.8450000000003,3277.355,0.0001,0.0022
29.01.2020 00:05:20.749 GMT+0100,3278.051,3277.355,0.0001,0.0022
29.01.2020 00:05:28.537 GMT+0100,3277.8,3277.349,0.0007,0.0004
29.01.2020 00:05:28.587 GMT+0100,3277.8,3277.143,0.0007,0.0022
29.01.2020 00:05:29.845 GMT+0100,3277.5,3277.137,0.0007,0.0011
29.01.2020 00:05:29.895 GMT+0100,3277.5,3276.843,0.0007,0.0004
29.01.2020 00:05:30.684 GMT+0100,3277.363,3276.843,0.0007,0.0004
29.01.2020 00:05:30.735 GMT+0100,3277.363,3276.6490000000003,0.003,0.0004
29.01.2020 00:05:31.243 GMT+0100,3277.363,3276.755,0.0001,0.0022
29.01.2020 00:05:31.293 GMT+0100,3277.451,3276.755,0.0001,0.0022
29.01.2020 00:05:31.772 GMT+0100,3277.36,3276.7520000000004,0.0007,0.0004
29.01.2020 00:05:31.822 GMT+0100,3277.348,3276.652,0.0001,0.0004
29.01.2020 00:05:34.063 GMT+0100,3277.045,3276.652,0.0007,0.0004
29.01.2020 00:05:34.168 GMT+0100,3277.045,3276.355,0.0008,0.0007
29.01.2020 00:05:34.388 GMT+0100,3277.048,3276.652,0.0001,0.0022
29.01.2020 00:05:34.438 GMT+0100,3277.3540000000003,3276.652,0.0001,0.0022
29.01.2020 00:05:35.115 GMT+0100,3277.3540000000003,3276.84,0.0001,0.0022
29.01.2020 00:05:35.166 GMT+0100,3277.5,3276.855,0.0008,0.0004
29.01.2020 00:05:37.548 GMT+0100,3277.3509999999997,3276.855,0.0007,0.0004
29.01.2020 00:05:37.599 GMT+0100,3277.3509999999997,3276.7000000000003,0.0008,0.0004
29.01.2020 00:05:44.320 GMT+0100,3277.0570000000002,3276.7000000000003,0.0007,0.0004
29.01.2020 00:05:44.371 GMT+0100,3277.0570000000002,3276.3520000000003,0.003,0.0011
29.01.2020 00:05:47.428 GMT+0100,3276.857,3276.3520000000003,0.0007,0.0011
29.01.2020 00:05:47.478 GMT+0100,3276.857,3276.155,0.0008,0.0007
29.01.2020 00:05:47.583 GMT+0100,3276.863,3276.349,0.0001,0.0022
29.01.2020 00:05:47.634 GMT+0100,3277.0570000000002,3276.349,0.0001,0.0022
29.01.2020 00:05:48.793 GMT+0100,3276.8509999999997,3276.343,0.0007,0.0004
29.01.2020 00:05:48.844 GMT+0100,3276.8509999999997,3276.2000000000003,0.003,0.0011
29.01.2020 00:05:55.025 GMT+0100,3276.563,3276.2000000000003,0.0007,0.0011
29.01.2020 00:05:55.075 GMT+0100,3276.551,3275.8520000000003,0.0001,0.0022
29.01.2020 00:05:57.124 GMT+0100,3276.36,3275.849,0.0007,0.0004
29.01.2020 00:05:57.175 GMT+0100,3276.36,3275.64,0.003,0.0022
29.01.2020 00:05:57.764 GMT+0100,3276.36,3275.855,0.0001,0.0022
29.01.2020 00:05:57.814 GMT+0100,3276.56,3275.855,0.0008,0.0022
29.01.2020 00:05:58.729 GMT+0100,3276.3450000000003,3275.843,0.0007,0.0011
29.01.2020 00:05:58.780 GMT+0100,3276.3450000000003,3275.652,0.0007,0.0004
29.01.2020 00:06:01.752 GMT+0100,3276.36,3275.8340000000003,0.0001,0.0022
29.01.2020 00:06:01.802 GMT+0100,3276.548,3275.846,0.0001,0.0004
29.01.2020 00:06:02.106 GMT+0100,3276.3509999999997,3275.846,0.0007,0.0004
29.01.2020 00:06:02.157 GMT+0100,3276.3509999999997,3275.6459999999997,0.0007,0.0004
29.01.2020 00:06:02.276 GMT+0100,3276.5,3275.9,0.0001,0.0004
29.01.2020 00:06:03.328 GMT+0100,3276.5,3276.143,0.0001,0.0022
29.01.2020 00:06:03.378 GMT+0100,3276.8,3276.1490000000003,0.0007,0.0004
29.01.2020 00:06:04.371 GMT+0100,3276.848,3276.3520000000003,0.0001,0.0022
29.01.2020 00:06:04.422 GMT+0100,3277.054,3276.355,0.003,0.0007
29.01.2020 00:06:06.960 GMT+0100,3276.8540000000003,3276.355,0.0007,0.0007
29.01.2020 00:06:07.010 GMT+0100,3276.8540000000003,3276.152,0.0008,0.0007
29.01.2020 00:06:16.019 GMT+0100,3276.863,3276.34,0.0001,0.0022
29.01.2020 00:06:16.069 GMT+0100,3277.048,3276.355,0.0001,0.0007
29.01.2020 00:06:26.278 GMT+0100,3276.86,3276.355,0.0007,0.0007
29.01.2020 00:06:26.328 GMT+0100,3276.86,3276.155,0.0008,0.0004
29.01.2020 00:06:28.231 GMT+0100,3276.866,3276.237,0.0001,0.0022
29.01.2020 00:06:28.282 GMT+0100,3276.9,3276.2490000000003,0.0001,0.0004
29.01.2020 00:06:28.402 GMT+0100,3276.8450000000003,3276.2000000000003,0.0007,0.0022
29.01.2020 00:06:29.942 GMT+0100,3276.863,3276.34,0.0001,0.0022
29.01.2020 00:06:29.992 GMT+0100,3277.051,3276.3520000000003,0.0001,0.0007
29.01.2020 00:06:30.100 GMT+0100,3276.954,3276.3520000000003,0.0007,0.0007
29.01.2020 00:06:30.151 GMT+0100,3276.951,3276.2490000000003,0.0001,0.0026
29.01.2020 00:06:30.591 GMT+0100,3276.951,3276.4,0.0001,0.0022
29.01.2020 00:06:30.641 GMT+0100,3277.06,3276.4,0.0001,0.0022
29.01.2020 00:06:30.751 GMT+0100,3276.945,3276.355,0.0007,0.0004
29.01.2020 00:06:30.802 GMT+0100,3276.945,3276.3,0.0008,0.0007
29.01.2020 00:06:30.911 GMT+0100,3276.8,3276.3,0.0007,0.0007
29.01.2020 00:06:30.962 GMT+0100,3276.8,3276.143,0.0007,0.0029
29.01.2020 00:06:31.435 GMT+0100,3276.8509999999997,3276.3,0.0001,0.0022
29.01.2020 00:06:31.485 GMT+0100,3276.945,3276.3,0.0007,0.0022
29.01.2020 00:06:31.919 GMT+0100,3276.9629999999997,3276.343,0.0001,0.0022
29.01.2020 00:06:31.970 GMT+0100,3277,3276.343,0.0001,0.0026
29.01.2020 00:06:33.175 GMT+0100,3276.8450000000003,3276.343,0.0007,0.0004
29.01.2020 00:06:33.225 GMT+0100,3276.8450000000003,3276.1490000000003,0.0007,0.0022
29.01.2020 00:06:33.494 GMT+0100,3276.866,3276.237,0.0001,0.0022
29.01.2020 00:06:33.545 GMT+0100,3276.9570000000003,3276.255,0.0008,0.0007
29.01.2020 00:06:33.683 GMT+0100,3277.06,3276.3520000000003,0.0007,0.0007
29.01.2020 00:06:36.967 GMT+0100,3276.848,3276.343,0.0001,0.0022
29.01.2020 00:06:37.018 GMT+0100,3276.848,3276.143,0.0001,0.0007
29.01.2020 00:06:43.998 GMT+0100,3276.657,3276.143,0.0007,0.0007
29.01.2020 00:06:44.049 GMT+0100,3276.651,3275.955,0.0001,0.0022
29.01.2020 00:06:44.315 GMT+0100,3276.554,3275.8520000000003,0.0001,0.0004
29.01.2020 00:06:44.430 GMT+0100,3276.554,3275.9370000000004,0.0001,0.0022
29.01.2020 00:06:44.594 GMT+0100,3276.66,3276,0.0001,0.0004
29.01.2020 00:06:44.750 GMT+0100,3276.66,3276.1459999999997,0.0001,0.0022
29.01.2020 00:06:44.801 GMT+0100,3276.848,3276.152,0.0007,0.0004
29.01.2020 00:06:45.726 GMT+0100,3276.551,3276.152,0.0007,0.0004
29.01.2020 00:06:45.776 GMT+0100,3276.551,3275.855,0.0008,0.0007
29.01.2020 00:06:48.312 GMT+0100,3276.554,3276.3520000000003,0.0001,0.0022
29.01.2020 00:06:48.362 GMT+0100,3277.054,3276.3520000000003,0.003,0.0022
29.01.2020 00:06:49.097 GMT+0100,3277.054,3276.7000000000003,0.0001,0.0022
29.01.2020 00:06:49.148 GMT+0100,3277.348,3276.7000000000003,0.0001,0.0022
29.01.2020 00:07:00.518 GMT+0100,3277,3276.355,0.0001,0.0026
29.01.2020 00:07:00.638 GMT+0100,3276.8,3276.355,0.0007,0.0004
29.01.2020 00:07:00.689 GMT+0100,3276.8,3276.2000000000003,0.0007,0.0026
29.01.2020 00:07:00.797 GMT+0100,3276.8540000000003,3276.2459999999996,0.0001,0.0022
29.01.2020 00:07:00.848 GMT+0100,3276.9629999999997,3276.2520000000004,0.0001,0.0004
29.01.2020 00:07:00.981 GMT+0100,3276.9629999999997,3276.3520000000003,0.0001,0.0022
29.01.2020 00:07:01.031 GMT+0100,3277.048,3276.3520000000003,0.0007,0.0022
29.01.2020 00:07:06.461 GMT+0100,3276.8,3276.155,0.0001,0.0022
29.01.2020 00:07:07.346 GMT+0100,3276.66,3276.1459999999997,0.0007,0.0007
29.01.2020 00:07:07.396 GMT+0100,3276.6,3276,0.0001,0.0004
29.01.2020 00:07:07.645 GMT+0100,3276.5570000000002,3276,0.0007,0.0004
29.01.2020 00:07:07.695 GMT+0100,3276.5570000000002,3275.855,0.0007,0.0011
29.01.2020 00:07:07.806 GMT+0100,3276.563,3276.143,0.0001,0.0022
29.01.2020 00:07:07.857 GMT+0100,3276.86,3276.143,0.0008,0.0022
29.01.2020 00:07:08.268 GMT+0100,3276.554,3276.14,0.0007,0.0007
29.01.2020 00:07:08.318 GMT+0100,3276.554,3275.9,0.0007,0.0004
29.01.2020 00:07:09.973 GMT+0100,3276.4629999999997,3275.9,0.0007,0.0004
29.01.2020 00:07:10.024 GMT+0100,3276.4570000000003,3275.7520000000004,0.0001,0.0004
29.01.2020 00:07:10.133 GMT+0100,3276.4570000000003,3275.8340000000003,0.0001,0.0022
29.01.2020 00:07:10.184 GMT+0100,3276.548,3275.849,0.0001,0.0004
29.01.2020 00:07:10.559 GMT+0100,3276.448,3275.849,0.0007,0.0004
29.01.2020 00:07:10.609 GMT+0100,3276.448,3275.7520000000004,0.0007,0.0004
29.01.2020 00:07:10.879 GMT+0100,3276.46,3275.8520000000003,0.0001,0.0022
29.01.2020 00:07:10.929 GMT+0100,3276.5,3275.855,0.0001,0.0004
29.01.2020 00:07:11.083 GMT+0100,3276.363,3275.7000000000003,0.003,0.0011
29.01.2020 00:07:14.714 GMT+0100,3276,3275.349,0.0008,0.0026
29.01.2020 00:07:14.858 GMT+0100,3276.048,3275.6459999999997,0.0001,0.0022
29.01.2020 00:07:14.908 GMT+0100,3276.3540000000003,3275.6459999999997,0.0001,0.0022
29.01.2020 00:07:18.076 GMT+0100,3276.3540000000003,3275.846,0.0001,0.0022
29.01.2020 00:07:18.126 GMT+0100,3276.545,3275.846,0.0008,0.0029
29.01.2020 00:07:22.378 GMT+0100,3276.566,3276.152,0.0001,0.0022
29.01.2020 00:07:22.428 GMT+0100,3276.8450000000003,3276.152,0.0008,0.0022
29.01.2020 00:07:24.852 GMT+0100,3276.566,3276.1490000000003,0.0007,0.0004
29.01.2020 00:07:24.902 GMT+0100,3276.5,3275.9,0.0001,0.0022
29.01.2020 00:07:25.373 GMT+0100,3276.5,3276.2000000000003,0.0001,0.0022
29.01.2020 00:07:25.424 GMT+0100,3276.848,3276.2000000000003,0.0007,0.0022
29.01.2020 00:07:28.918 GMT+0100,3276.6,3275.952,0.0008,0.0022
29.01.2020 00:07:29.908 GMT+0100,3276.545,3275.855,0.0001,0.0022
29.01.2020 00:07:32.348 GMT+0100,3276.545,3276.155,0.0001,0.0022
29.01.2020 00:07:32.398 GMT+0100,3276.8509999999997,3276.155,0.0001,0.0026
29.01.2020 00:07:47.294 GMT+0100,3276.8509999999997,3276.2459999999996,0.0001,0.0022
29.01.2020 00:07:47.344 GMT+0100,3276.954,3276.255,0.0001,0.0004
29.01.2020 00:07:47.453 GMT+0100,3276.8450000000003,3276.255,0.0007,0.0004
29.01.2020 00:07:47.504 GMT+0100,3276.8450000000003,3276.2000000000003,0.0008,0.0007
29.01.2020 00:08:01.092 GMT+0100,3276.857,3276.343,0.0001,0.0022
29.01.2020 00:08:01.142 GMT+0100,3277.045,3276.4,0.0001,0.0007
29.01.2020 00:08:07.945 GMT+0100,3277.045,3276.7000000000003,0.0001,0.0022
29.01.2020 00:08:07.996 GMT+0100,3277.3509999999997,3276.7000000000003,0.0001,0.0022
29.01.2020 00:08:21.030 GMT+0100,3277.3509999999997,3276.855,0.0001,0.0022
29.01.2020 00:08:21.081 GMT+0100,3277.5570000000002,3276.855,0.0008,0.0022
29.01.2020 00:08:38.313 GMT+0100,3277.3,3276.7000000000003,0.0007,0.0022
29.01.2020 00:08:50.975 GMT+0100,3277.348,3276.8520000000003,0.0001,0.0022
29.01.2020 00:08:51.025 GMT+0100,3277.545,3276.855,0.0007,0.0007
29.01.2020 00:08:56.865 GMT+0100,3277.551,3277.155,0.0001,0.0022
29.01.2020 00:08:56.915 GMT+0100,3277.86,3277.155,0.003,0.0022
29.01.2020 00:08:58.403 GMT+0100,3277.86,3277.3520000000003,0.0001,0.0022
29.01.2020 00:08:58.454 GMT+0100,3278.06,3277.355,0.0001,0.0004
29.01.2020 00:09:21.451 GMT+0100,3278.06,3277.7000000000003,0.0001,0.0022
29.01.2020 00:09:21.501 GMT+0100,3278.3509999999997,3277.7000000000003,0.0007,0.0029
29.01.2020 00:09:21.891 GMT+0100,3278.0570000000002,3277.7000000000003,0.0007,0.0007
29.01.2020 00:09:21.942 GMT+0100,3278.0570000000002,3277.346,0.0007,0.0007
29.01.2020 00:09:27.969 GMT+0100,3277.866,3277.346,0.0007,0.0007
29.01.2020 00:09:28.019 GMT+0100,3277.866,3277.137,0.003,0.0026
29.01.2020 00:09:34.710 GMT+0100,3277.866,3277.3340000000003,0.0001,0.0022
29.01.2020 00:09:34.760 GMT+0100,3278.045,3277.4,0.0001,0.0007
29.01.2020 00:09:38.743 GMT+0100,3278.045,3277.6459999999997,0.0001,0.0022
29.01.2020 00:09:38.793 GMT+0100,3278.3,3277.652,0.0007,0.0011
29.01.2020 00:09:39.733 GMT+0100,3278.366,3278.179,0.0001,0.0022
29.01.2020 00:09:39.783 GMT+0100,3278.857,3278.2000000000003,0.003,0.0022
29.01.2020 00:09:39.892 GMT+0100,3278.545,3278.1490000000003,0.0007,0.0007
29.01.2020 00:09:39.943 GMT+0100,3278.545,3277.9,0.0007,0.0007
29.01.2020 00:10:01.292 GMT+0100,3278.548,3278.137,0.0001,0.0022
29.01.2020 00:10:01.342 GMT+0100,3278.8509999999997,3278.1490000000003,0.0008,0.0007
29.01.2020 00:10:11.203 GMT+0100,3278.5,3278.1490000000003,0.0007,0.0007
29.01.2020 00:10:11.254 GMT+0100,3278.5,3277.846,0.0007,0.0004
29.01.2020 00:10:12.202 GMT+0100,3278.3,3277.846,0.0007,0.0004
29.01.2020 00:10:12.252 GMT+0100,3278.3,3277.6490000000003,0.0008,0.0022
29.01.2020 00:10:20.216 GMT+0100,3278.054,3277.643,0.0007,0.0004
29.01.2020 00:10:20.266 GMT+0100,3278,3277.3520000000003,0.0001,0.0007
29.01.2020 00:10:26.456 GMT+0100,3277.857,3277.3520000000003,0.0007,0.0007
29.01.2020 00:10:26.506 GMT+0100,3277.8540000000003,3277.2000000000003,0.0001,0.0007
29.01.2020 00:10:28.664 GMT+0100,3277.5570000000002,3276.9,0.0007,0.0022
29.01.2020 00:10:30.085 GMT+0100,3277.3540000000003,3276.8520000000003,0.0007,0.0004
29.01.2020 00:10:30.135 GMT+0100,3277.3540000000003,3276.7000000000003,0.0008,0.0004
29.01.2020 00:10:33.717 GMT+0100,3277.357,3276.84,0.0001,0.0022
29.01.2020 00:10:33.767 GMT+0100,3277.56,3276.849,0.0001,0.0004
29.01.2020 00:10:35.828 GMT+0100,3277.348,3276.849,0.0007,0.0004
29.01.2020 00:10:35.878 GMT+0100,3277.348,3276.7000000000003,0.0007,0.0007
29.01.2020 00:10:47.445 GMT+0100,3277.0570000000002,3276.7000000000003,0.0007,0.0007
29.01.2020 00:10:47.496 GMT+0100,3277.0570000000002,3276.355,0.0008,0.0022
29.01.2020 00:10:51.673 GMT+0100,3277.06,3276.655,0.0001,0.0022
29.01.2020 00:10:51.724 GMT+0100,3277.348,3276.655,0.0001,0.0022
29.01.2020 00:10:52.972 GMT+0100,3277.051,3276.637,0.0007,0.0007
29.01.2020 00:10:53.023 GMT+0100,3277,3276.3520000000003,0.0001,0.0026
29.01.2020 00:11:11.027 GMT+0100,3277,3276.64,0.0001,0.0022
29.01.2020 00:11:11.077 GMT+0100,3277.3,3276.6490000000003,0.0007,0.0004
29.01.2020 00:11:12.676 GMT+0100,3277.051,3276.4,0.0001,0.0022
29.01.2020 00:11:15.147 GMT+0100,3277.051,3276.6459999999997,0.0001,0.0022
29.01.2020 00:11:15.197 GMT+0100,3277.3450000000003,3276.652,0.0001,0.0004
29.01.2020 00:11:30.925 GMT+0100,3277,3276.652,0.0007,0.0004
29.01.2020 00:11:30.976 GMT+0100,3277,3276.355,0.0007,0.0022
29.01.2020 00:11:38.226 GMT+0100,3277.054,3276.6340000000005,0.0001,0.0022
29.01.2020 00:11:38.276 GMT+0100,3277.3,3276.7000000000003,0.0007,0.0007
29.01.2020 00:11:45.890 GMT+0100,3277.0570000000002,3276.7000000000003,0.0007,0.0007
29.01.2020 00:11:45.940 GMT+0100,3277,3276.3520000000003,0.0001,0.0007
29.01.2020 00:12:06.797 GMT+0100,3276.857,3276.3520000000003,0.0007,0.0007
29.01.2020 00:12:06.847 GMT+0100,3276.8,3276.1490000000003,0.0001,0.0026
29.01.2020 00:12:22.586 GMT+0100,3276.5570000000002,3276.1490000000003,0.0007,0.0004
29.01.2020 00:12:22.637 GMT+0100,3276.545,3275.9,0.0001,0.0004
29.01.2020 00:12:30.682 GMT+0100,3276.545,3276.143,0.0001,0.0022
29.01.2020 00:12:30.733 GMT+0100,3276.8,3276.1490000000003,0.0007,0.0007
29.01.2020 00:12:36.921 GMT+0100,3276.954,3276.3,0.0008,0.0022
29.01.2020 00:12:37.250 GMT+0100,3277.06,3276.4,0.0001,0.0022
29.01.2020 00:12:47.754 GMT+0100,3276.8,3276.346,0.0007,0.0011
29.01.2020 00:12:47.805 GMT+0100,3276.8,3276.2000000000003,0.0007,0.0007
29.01.2020 00:13:04.783 GMT+0100,3276.848,3276.349,0.0001,0.0022
29.01.2020 00:13:04.833 GMT+0100,3277.0570000000002,3276.349,0.003,0.0026
29.01.2020 00:13:06.835 GMT+0100,3276.8540000000003,3276.349,0.0007,0.0004
29.01.2020 00:13:06.885 GMT+0100,3276.8540000000003,3276.143,0.0007,0.0022
29.01.2020 00:13:07.670 GMT+0100,3277,3276.4,0.0001,0.0029
29.01.2020 00:13:11.301 GMT+0100,3276.8540000000003,3276.152,0.0001,0.0029
29.01.2020 00:13:26.567 GMT+0100,3276.5570000000002,3276.152,0.0007,0.0007
29.01.2020 00:13:26.618 GMT+0100,3276.5570000000002,3275.8520000000003,0.0008,0.0007
29.01.2020 00:13:27.808 GMT+0100,3276.3,3275.655,0.0007,0.0007
29.01.2020 00:13:29.458 GMT+0100,3276.051,3275.3520000000003,0.0008,0.0004
29.01.2020 00:13:29.733 GMT+0100,3275.948,3275.3520000000003,0.0007,0.0004
29.01.2020 00:13:29.783 GMT+0100,3275.945,3275.3,0.0001,0.0007
29.01.2020 00:13:30.054 GMT+0100,3275.857,3275.3,0.0007,0.0007
29.01.2020 00:13:30.104 GMT+0100,3275.857,3275.152,0.0008,0.0026
29.01.2020 00:13:30.213 GMT+0100,3275.866,3275.349,0.0001,0.0022
29.01.2020 00:13:30.263 GMT+0100,3276,3275.3520000000003,0.0001,0.0004
29.01.2020 00:13:30.654 GMT+0100,3275.948,3275.3520000000003,0.0007,0.0004
29.01.2020 00:13:30.704 GMT+0100,3275.948,3275.255,0.0007,0.0004
29.01.2020 00:13:30.814 GMT+0100,3275.8,3275.255,0.0007,0.0004
29.01.2020 00:13:30.864 GMT+0100,3275.8,3275.2000000000003,0.0007,0.0004
29.01.2020 00:13:31.293 GMT+0100,3275.545,3275.2000000000003,0.0007,0.0004
29.01.2020 00:13:31.344 GMT+0100,3275.545,3274.9,0.0008,0.0004
29.01.2020 00:13:31.472 GMT+0100,3275.566,3275.155,0.0001,0.0022
29.01.2020 00:13:31.523 GMT+0100,3275.848,3275.155,0.0001,0.0022
29.01.2020 00:13:31.614 GMT+0100,3275.554,3275.1459999999997,0.0007,0.0007
29.01.2020 00:13:31.664 GMT+0100,3275.548,3274.9,0.0001,0.0011
29.01.2020 00:13:32.583 GMT+0100,3275.548,3275.143,0.0001,0.0022
29.01.2020 00:13:32.634 GMT+0100,3275.8,3275.152,0.0007,0.0011
29.01.2020 00:13:32.759 GMT+0100,3275.554,3274.9,0.0008,0.0004
29.01.2020 00:13:34.192 GMT+0100,3275.3,3274.9,0.0007,0.0004
29.01.2020 00:13:34.243 GMT+0100,3275.3,3274.655,0.0007,0.0004
29.01.2020 00:13:35.974 GMT+0100,3275.363,3274.843,0.0001,0.0022
29.01.2020 00:13:36.024 GMT+0100,3275.545,3274.8520000000003,0.0008,0.0007
29.01.2020 00:13:40.110 GMT+0100,3275.545,3275.1490000000003,0.0001,0.0022
29.01.2020 00:13:40.160 GMT+0100,3275.8509999999997,3275.2000000000003,0.0001,0.0004
29.01.2020 00:13:41.071 GMT+0100,3275.554,3275.2000000000003,0.0007,0.0004
29.01.2020 00:13:41.122 GMT+0100,3275.554,3274.849,0.0008,0.0029
29.01.2020 00:13:41.391 GMT+0100,3275.5570000000002,3275.1490000000003,0.0001,0.0022
29.01.2020 00:13:41.442 GMT+0100,3275.8,3275.2000000000003,0.0001,0.0004
29.01.2020 00:13:42.772 GMT+0100,3275.548,3275.2000000000003,0.0007,0.0004
29.01.2020 00:13:42.823 GMT+0100,3275.548,3274.8520000000003,0.0007,0.0022
29.01.2020 00:13:44.255 GMT+0100,3275.36,3274.846,0.0007,0.0004
29.01.2020 00:13:44.305 GMT+0100,3275.3509999999997,3274.7000000000003,0.0001,0.0026
29.01.2020 00:13:53.883 GMT+0100,3275.051,3274.7000000000003,0.0007,0.0004
29.01.2020 00:13:53.933 GMT+0100,3275.051,3274.337,0.0007,0.0004
29.01.2020 00:13:54.203 GMT+0100,3275.066,3274.6340000000005,0.0001,0.0022
29.01.2020 00:13:54.254 GMT+0100,3275.3509999999997,3274.7000000000003,0.0008,0.0007
29.01.2020 00:13:54.364 GMT+0100,3275.048,3274.7000000000003,0.0007,0.0007
29.01.2020 00:13:54.414 GMT+0100,3275.048,3274.3520000000003,0.003,0.0004
29.01.2020 00:13:55.235 GMT+0100,3275.048,3274.6459999999997,0.0001,0.0022
29.01.2020 00:13:55.286 GMT+0100,3275.3450000000003,3274.652,0.0001,0.0007
29.01.2020 00:13:59.263 GMT+0100,3275,3274.346,0.0007,0.0004
29.01.2020 00:14:00.708 GMT+0100,3275.066,3274.64,0.0001,0.0022
29.01.2020 00:14:00.759 GMT+0100,3275.3540000000003,3274.655,0.0001,0.0004
29.01.2020 00:14:06.990 GMT+0100,3275.3540000000003,3274.843,0.0001,0.0022
29.01.2020 00:14:07.041 GMT+0100,3275.545,3274.855,0.0001,0.0004
29.01.2020 00:14:11.006 GMT+0100,3275.545,3275.155,0.0001,0.0022
29.01.2020 00:14:11.057 GMT+0100,3275.8,3275.155,0.0001,0.0022
29.01.2020 00:14:13.847 GMT+0100,3276.045,3275.34,0.0001,0.0004
29.01.2020 00:14:15.699 GMT+0100,3275.86,3275.34,0.0007,0.0004
29.01.2020 00:14:15.749 GMT+0100,3275.8509999999997,3275.155,0.0001,0.0007
29.01.2020 00:14:16.178 GMT+0100,3275.8509999999997,3275.3520000000003,0.0001,0.0022
29.01.2020 00:14:16.228 GMT+0100,3276,3275.3520000000003,0.0001,0.0022
29.01.2020 00:14:16.999 GMT+0100,3275.866,3275.349,0.0007,0.0004
29.01.2020 00:14:17.050 GMT+0100,3275.848,3275.2000000000003,0.0001,0.0022
29.01.2020 00:14:27.759 GMT+0100,3276.0570000000002,3275.3520000000003,0.003,0.0022
29.01.2020 00:14:28.797 GMT+0100,3275.857,3275.343,0.0007,0.0007
29.01.2020 00:14:28.848 GMT+0100,3275.8,3275.1490000000003,0.0001,0.0007
29.01.2020 00:14:32.946 GMT+0100,3275.8,3275.355,0.0001,0.0022
29.01.2020 00:14:32.997 GMT+0100,3276.0570000000002,3275.355,0.0001,0.0022
29.01.2020 00:14:36.330 GMT+0100,3275.857,3275.346,0.0007,0.0007
29.01.2020 00:14:36.380 GMT+0100,3275.857,3275.1490000000003,0.0007,0.0022
29.01.2020 00:14:56.258 GMT+0100,3275.86,3275.349,0.0001,0.0022
29.01.2020 00:14:56.309 GMT+0100,3276.063,3275.349,0.0008,0.0026
29.01.2020 00:15:16.779 GMT+0100,3276.066,3275.7000000000003,0.0001,0.0022
29.01.2020 00:15:16.829 GMT+0100,3276.3509999999997,3275.7000000000003,0.0008,0.0026
29.01.2020 00:15:18.314 GMT+0100,3276,3275.7000000000003,0.0007,0.0004
29.01.2020 00:15:18.365 GMT+0100,3276,3275.3520000000003,0.0007,0.0022
29.01.2020 00:15:18.630 GMT+0100,3276.0570000000002,3275.637,0.0001,0.0022
29.01.2020 00:15:18.680 GMT+0100,3276.3,3275.652,0.0001,0.0011
29.01.2020 00:15:18.790 GMT+0100,3276.063,3275.652,0.0007,0.0011
29.01.2020 00:15:18.841 GMT+0100,3276.054,3275.3520000000003,0.0001,0.0011
29.01.2020 00:15:22.107 GMT+0100,3275.86,3275.3520000000003,0.0007,0.0011
29.01.2020 00:15:22.157 GMT+0100,3275.86,3275.2000000000003,0.0008,0.0011
29.01.2020 00:15:29.443 GMT+0100,3275.563,3275.2000000000003,0.0007,0.0011
29.01.2020 00:15:29.494 GMT+0100,3275.56,3274.9,0.0001,0.0022
29.01.2020 00:15:31.725 GMT+0100,3275.56,3274.9429999999998,0.0001,0.0022
29.01.2020 00:15:31.775 GMT+0100,3275.663,3274.952,0.0008,0.0007
29.01.2020 00:15:32.163 GMT+0100,3275.6659999999997,3275.155,0.0001,0.0022
29.01.2020 00:15:32.214 GMT+0100,3275.866,3275.155,0.003,0.0022
29.01.2020 00:15:37.587 GMT+0100,3275.866,3275.346,0.0001,0.0022
29.01.2020 00:15:37.638 GMT+0100,3276.0570000000002,3275.355,0.0008,0.0004
29.01.2020 00:15:41.158 GMT+0100,3276.066,3275.652,0.0001,0.0022
29.01.2020 00:15:41.209 GMT+0100,3276.3,3275.652,0.0007,0.0022
29.01.2020 00:16:07.581 GMT+0100,3276.048,3275.643,0.0007,0.0004
29.01.2020 00:16:07.632 GMT+0100,3276.048,3275.346,0.0008,0.0033
29.01.2020 00:16:08.552 GMT+0100,3276.06,3275.455,0.0001,0.0022
29.01.2020 00:16:08.602 GMT+0100,3276.16,3275.455,0.0001,0.0022
29.01.2020 00:16:08.712 GMT+0100,3276.16,3275.637,0.0001,0.0022
29.01.2020 00:16:08.763 GMT+0100,3276.3450000000003,3275.6459999999997,0.0007,0.0007
29.01.2020 00:16:22.995 GMT+0100,3276.363,3275.9,0.0001,0.0022
29.01.2020 00:16:23.046 GMT+0100,3276.548,3275.9,0.0008,0.0029
29.01.2020 00:16:26.405 GMT+0100,3276.863,3276.152,0.003,0.0022
29.01.2020 00:16:28.070 GMT+0100,3276.545,3276.143,0.0007,0.0004
29.01.2020 00:16:28.121 GMT+0100,3276.545,3275.84,0.0007,0.0004
29.01.2020 00:16:35.906 GMT+0100,3276.4629999999997,3275.84,0.0007,0.0004
29.01.2020 00:16:36.259 GMT+0100,3276.4,3275.8,0.0001,0.0004
29.01.2020 00:16:36.790 GMT+0100,3276.4,3275.84,0.0001,0.0022
29.01.2020 00:16:36.841 GMT+0100,3276.56,3275.8520000000003,0.0001,0.0007
29.01.2020 00:16:44.308 GMT+0100,3276.56,3276.1459999999997,0.0001,0.0004
29.01.2020 00:16:44.359 GMT+0100,3276.8,3276.1459999999997,0.0007,0.0004
29.01.2020 00:17:02.164 GMT+0100,3276.8509999999997,3276.3520000000003,0.0001,0.0022
29.01.2020 00:17:02.215 GMT+0100,3277,3276.4,0.0001,0.0007
29.01.2020 00:17:02.976 GMT+0100,3276.8540000000003,3276.4,0.0007,0.0007
29.01.2020 00:17:03.026 GMT+0100,3276.8540000000003,3276.2000000000003,0.003,0.0022
29.01.2020 00:17:05.243 GMT+0100,3276.8540000000003,3276.3,0.0001,0.0022
29.01.2020 00:17:05.316 GMT+0100,3276.954,3276.3,0.0001,0.0022
29.01.2020 00:17:05.698 GMT+0100,3276.8450000000003,3276.152,0.0001,0.0004
29.01.2020 00:17:11.144 GMT+0100,3276.8450000000003,3276.349,0.0001,0.0022
29.01.2020 00:17:11.195 GMT+0100,3277.054,3276.355,0.0007,0.0007
29.01.2020 00:17:13.899 GMT+0100,3277.063,3276.7000000000003,0.0001,0.0022
29.01.2020 00:17:13.949 GMT+0100,3277.3509999999997,3276.7000000000003,0.0007,0.0022
29.01.2020 00:17:14.905 GMT+0100,3277.048,3276.652,0.0007,0.0007
29.01.2020 00:17:14.956 GMT+0100,3277.048,3276.4,0.0007,0.0022
29.01.2020 00:17:26.433 GMT+0100,3277.063,3276.655,0.0001,0.0022
29.01.2020 00:17:26.484 GMT+0100,3277.3450000000003,3276.655,0.0008,0.0022
29.01.2020 00:17:28.333 GMT+0100,3277.3450000000003,3276.849,0.0001,0.0022
29.01.2020 00:17:28.383 GMT+0100,3277.5570000000002,3276.849,0.0008,0.0029
29.01.2020 00:17:34.894 GMT+0100,3277.3509999999997,3276.849,0.0007,0.0007
29.01.2020 00:17:34.944 GMT+0100,3277.3509999999997,3276.655,0.0008,0.0007
29.01.2020 00:18:07.547 GMT+0100,3277.045,3276.4,0.0008,0.0007
29.01.2020 00:18:09.858 GMT+0100,3277.36,3276.7000000000003,0.003,0.0022
29.01.2020 00:18:45.758 GMT+0100,3277.151,3276.637,0.0007,0.0011
29.01.2020 00:18:45.808 GMT+0100,3277.151,3276.446,0.0008,0.0022
29.01.2020 00:18:45.926 GMT+0100,3277,3276.4,0.0007,0.0007
29.01.2020 00:19:05.893 GMT+0100,3276.863,3276.4,0.0007,0.0007
29.01.2020 00:19:05.944 GMT+0100,3276.86,3276.1490000000003,0.0001,0.0022
29.01.2020 00:19:15.022 GMT+0100,3276.5570000000002,3276.137,0.0007,0.0007
29.01.2020 00:19:15.073 GMT+0100,3276.5,3275.843,0.0001,0.0004
29.01.2020 00:19:32.088 GMT+0100,3276.054,3275.843,0.0007,0.0004
29.01.2020 00:19:32.138 GMT+0100,3276.054,3275.3520000000003,0.0008,0.0007
29.01.2020 00:19:35.021 GMT+0100,3276.063,3275.452,0.0001,0.0022
29.01.2020 00:19:35.107 GMT+0100,3276.148,3275.452,0.0007,0.0033
29.01.2020 00:19:35.685 GMT+0100,3276.063,3275.452,0.0007,0.0011
29.01.2020 00:19:35.736 GMT+0100,3276.063,3275.346,0.0008,0.0007
29.01.2020 00:19:35.848 GMT+0100,3276.066,3275.446,0.0001,0.0022
29.01.2020 00:19:36.104 GMT+0100,3276.151,3275.5,0.0008,0.0007
29.01.2020 00:19:37.384 GMT+0100,3276.16,3275.6490000000003,0.0001,0.0022
29.01.2020 00:19:37.435 GMT+0100,3276.363,3275.6490000000003,0.0008,0.0022
29.01.2020 00:19:39.262 GMT+0100,3276.1540000000005,3275.6459999999997,0.0007,0.0004
29.01.2020 00:19:39.313 GMT+0100,3276.1540000000005,3275.5,0.0007,0.0007
29.01.2020 00:19:39.455 GMT+0100,3276.048,3275.346,0.0008,0.0004
29.01.2020 00:19:39.976 GMT+0100,3276.063,3275.4429999999998,0.0001,0.0022
29.01.2020 00:19:40.026 GMT+0100,3276.1,3275.5,0.0001,0.0004
29.01.2020 00:19:40.135 GMT+0100,3276.1,3275.6459999999997,0.0001,0.0022
29.01.2020 00:19:40.186 GMT+0100,3276.3450000000003,3275.6490000000003,0.0001,0.0007
29.01.2020 00:19:40.869 GMT+0100,3276.1659999999997,3275.6490000000003,0.0007,0.0007
29.01.2020 00:19:40.919 GMT+0100,3276.1659999999997,3275.452,0.003,0.0007
29.01.2020 00:19:41.775 GMT+0100,3276.1659999999997,3275.637,0.0001,0.0022
29.01.2020 00:19:41.825 GMT+0100,3276.366,3275.7000000000003,0.003,0.0007
29.01.2020 00:19:43.668 GMT+0100,3276.1540000000005,3275.7000000000003,0.0007,0.0007
29.01.2020 00:19:43.719 GMT+0100,3276.151,3275.5,0.0001,0.0022
29.01.2020 00:19:45.603 GMT+0100,3276.151,3275.64,0.0001,0.0022
29.01.2020 00:19:45.653 GMT+0100,3276.3509999999997,3275.64,0.0001,0.0029
29.01.2020 00:20:00.705 GMT+0100,3276.363,3275.846,0.0008,0.0007
29.01.2020 00:20:00.755 GMT+0100,3276.5,3275.846,0.0008,0.0029
29.01.2020 00:20:04.314 GMT+0100,3276.3540000000003,3275.846,0.0007,0.0007
29.01.2020 00:20:04.364 GMT+0100,3276.3450000000003,3275.7000000000003,0.0001,0.0007
29.01.2020 00:20:07.631 GMT+0100,3276.3450000000003,3275.843,0.0001,0.0022
29.01.2020 00:20:07.682 GMT+0100,3276.548,3275.9,0.0001,0.0007
29.01.2020 00:20:09.337 GMT+0100,3276.3,3275.9,0.0007,0.0007
29.01.2020 00:20:09.388 GMT+0100,3276.3,3275.655,0.0007,0.0007
29.01.2020 00:20:11.272 GMT+0100,3276.348,3275.8340000000003,0.0001,0.0022
29.01.2020 00:20:11.323 GMT+0100,3276.5,3275.84,0.0007,0.0007
29.01.2020 00:20:12.796 GMT+0100,3276.4,3275.7400000000002,0.0008,0.0011
29.01.2020 00:20:12.909 GMT+0100,3276.363,3275.7400000000002,0.0007,0.0011
29.01.2020 00:20:12.959 GMT+0100,3276.363,3275.7000000000003,0.003,0.0004
29.01.2020 00:20:13.069 GMT+0100,3276.363,3275.8,0.0001,0.0022
29.01.2020 00:20:13.119 GMT+0100,3276.454,3275.8,0.003,0.0022
29.01.2020 00:20:13.229 GMT+0100,3276.454,3275.837,0.0001,0.0022
29.01.2020 00:20:13.279 GMT+0100,3276.545,3275.8520000000003,0.0007,0.0007
29.01.2020 00:20:21.244 GMT+0100,3276.3,3275.8520000000003,0.0007,0.0007
29.01.2020 00:20:21.294 GMT+0100,3276.3,3275.655,0.0007,0.0007
29.01.2020 00:20:26.391 GMT+0100,3276.06,3275.655,0.0007,0.0007
29.01.2020 00:20:26.441 GMT+0100,3276.048,3275.343,0.0001,0.0004
29.01.2020 00:20:33.787 GMT+0100,3276.048,3275.6459999999997,0.0001,0.0022
29.01.2020 00:20:33.838 GMT+0100,3276.3509999999997,3275.655,0.0001,0.0007
29.01.2020 00:20:34.107 GMT+0100,3276.051,3275.655,0.0007,0.0007
29.01.2020 00:20:34.158 GMT+0100,3276.051,3275.355,0.0007,0.0004
29.01.2020 00:20:39.781 GMT+0100,3276.063,3275.64,0.0001,0.0022
29.01.2020 00:20:39.831 GMT+0100,3276.357,3275.7000000000003,0.0008,0.0007
29.01.2020 00:20:55.204 GMT+0100,3276.06,3275.7000000000003,0.0007,0.0007
29.01.2020 00:20:55.254 GMT+0100,3276.054,3275.4,0.0001,0.0022
29.01.2020 00:20:55.408 GMT+0100,3276.1540000000005,3275.455,0.0007,0.0004
29.01.2020 00:20:55.789 GMT+0100,3276.157,3275.6459999999997,0.0001,0.0022
29.01.2020 00:20:55.839 GMT+0100,3276.3509999999997,3275.6490000000003,0.0001,0.0007
29.01.2020 00:21:04.670 GMT+0100,3276.5570000000002,3275.855,0.003,0.0007
29.01.2020 00:21:45.493 GMT+0100,3276.5570000000002,3276.1340000000005,0.0001,0.0022
29.01.2020 00:21:45.543 GMT+0100,3276.863,3276.2000000000003,0.0008,0.0004
29.01.2020 00:21:47.003 GMT+0100,3276.551,3275.849,0.0001,0.0022
29.01.2020 00:21:47.127 GMT+0100,3276.551,3276.155,0.0001,0.0022
29.01.2020 00:21:47.177 GMT+0100,3276.848,3276.155,0.0008,0.0022
29.01.2020 00:21:53.123 GMT+0100,3276.8509999999997,3276.349,0.0001,0.0022
29.01.2020 00:21:53.173 GMT+0100,3277.054,3276.355,0.0008,0.0007
29.01.2020 00:21:55.377 GMT+0100,3276.8540000000003,3276.355,0.0007,0.0007
29.01.2020 00:21:55.427 GMT+0100,3276.8540000000003,3276.1459999999997,0.0007,0.0026
29.01.2020 00:21:58.444 GMT+0100,3276.545,3276.1459999999997,0.0007,0.0004
29.01.2020 00:21:58.494 GMT+0100,3276.545,3275.855,0.0007,0.0007
29.01.2020 00:21:58.953 GMT+0100,3276.566,3276.1340000000005,0.0001,0.0022
29.01.2020 00:21:59.004 GMT+0100,3276.8450000000003,3276.1490000000003,0.0007,0.0004
29.01.2020 00:22:10.239 GMT+0100,3276.548,3276.1490000000003,0.0007,0.0004
29.01.2020 00:22:10.290 GMT+0100,3276.5,3275.855,0.0001,0.0022
29.01.2020 00:22:54.229 GMT+0100,3276.3540000000003,3275.846,0.0007,0.0004
29.01.2020 00:22:54.279 GMT+0100,3276.3450000000003,3275.652,0.0001,0.0004
29.01.2020 00:22:55.369 GMT+0100,3276.3450000000003,3275.743,0.0001,0.0022
29.01.2020 00:22:55.419 GMT+0100,3276.445,3275.7490000000003,0.0001,0.0004
29.01.2020 00:22:56.683 GMT+0100,3276.445,3275.843,0.0001,0.0022
29.01.2020 00:22:56.734 GMT+0100,3276.551,3275.9,0.0001,0.0004
29.01.2020 00:23:49.039 GMT+0100,3276.366,3275.9,0.0007,0.0004
29.01.2020 00:23:49.090 GMT+0100,3276.348,3275.652,0.0001,0.0007
29.01.2020 00:24:07.983 GMT+0100,3276.051,3275.652,0.0007,0.0007
29.01.2020 00:24:08.034 GMT+0100,3276,3275.355,0.0001,0.0007
29.01.2020 00:24:13.770 GMT+0100,3275.848,3275.355,0.0007,0.0007
29.01.2020 00:24:13.820 GMT+0100,3275.848,3275.1490000000003,0.0007,0.0004
29.01.2020 00:24:20.224 GMT+0100,3275.566,3275.1490000000003,0.0007,0.0004
29.01.2020 00:24:20.274 GMT+0100,3275.548,3274.8520000000003,0.0001,0.0004
29.01.2020 00:24:23.072 GMT+0100,3275.357,3274.64,0.0001,0.0029
29.01.2020 00:24:32.031 GMT+0100,3275.357,3274.855,0.0001,0.0022
29.01.2020 00:24:32.081 GMT+0100,3275.563,3274.855,0.0001,0.0026
29.01.2020 00:24:32.191 GMT+0100,3275.357,3274.855,0.0007,0.0004
29.01.2020 00:24:32.242 GMT+0100,3275.357,3274.652,0.0008,0.0026
29.01.2020 00:24:32.351 GMT+0100,3275.363,3274.843,0.0001,0.0022
29.01.2020 00:24:32.402 GMT+0100,3275.554,3274.846,0.0007,0.0004
29.01.2020 00:24:32.512 GMT+0100,3275.454,3274.846,0.0007,0.0004
29.01.2020 00:24:32.562 GMT+0100,3275.454,3274.7520000000004,0.0008,0.0026
29.01.2020 00:24:32.678 GMT+0100,3275.3450000000003,3274.7520000000004,0.0007,0.0004
29.01.2020 00:24:32.729 GMT+0100,3275.3450000000003,3274.652,0.003,0.0022
29.01.2020 00:24:36.553 GMT+0100,3275.3450000000003,3274.846,0.0001,0.0022
29.01.2020 00:24:36.603 GMT+0100,3275.56,3274.855,0.003,0.0004
29.01.2020 00:25:20.045 GMT+0100,3275.56,3275.1340000000005,0.0001,0.0022
29.01.2020 00:25:20.096 GMT+0100,3275.848,3275.1490000000003,0.0007,0.0007
29.01.2020 00:25:29.376 GMT+0100,3275.8509999999997,3275.349,0.0001,0.0022
29.01.2020 00:25:29.427 GMT+0100,3276,3275.4,0.0007,0.0004
29.01.2020 00:25:32.698 GMT+0100,3276.06,3275.64,0.0001,0.0022
29.01.2020 00:25:32.749 GMT+0100,3276.36,3275.64,0.0001,0.0029
29.01.2020 00:26:03.115 GMT+0100,3276.36,3275.855,0.0001,0.0022
29.01.2020 00:26:03.165 GMT+0100,3276.545,3275.9,0.0001,0.0007
29.01.2020 00:26:15.515 GMT+0100,3276.3,3275.9,0.0007,0.0007
29.01.2020 00:26:15.565 GMT+0100,3276.3,3275.6459999999997,0.0007,0.0004
29.01.2020 00:26:17.143 GMT+0100,3276.5,3275.8520000000003,0.0001,0.0029
29.01.2020 00:26:19.785 GMT+0100,3276.3509999999997,3275.655,0.0001,0.0004
29.01.2020 00:26:20.222 GMT+0100,3276.3509999999997,3275.849,0.0001,0.0022
29.01.2020 00:26:20.272 GMT+0100,3276.548,3275.9,0.0008,0.0004
29.01.2020 00:26:26.331 GMT+0100,3276.066,3275.9,0.0007,0.0004
29.01.2020 00:26:26.381 GMT+0100,3276.051,3275.355,0.0001,0.0004
29.01.2020 00:26:30.701 GMT+0100,3276.051,3275.7000000000003,0.0001,0.0004
29.01.2020 00:26:30.752 GMT+0100,3276.357,3275.7000000000003,0.0008,0.0026
29.01.2020 00:26:31.084 GMT+0100,3276.545,3275.855,0.0008,0.0004
29.01.2020 00:26:34.130 GMT+0100,3276.348,3275.855,0.0007,0.0004
29.01.2020 00:26:34.180 GMT+0100,3276.3450000000003,3275.6490000000003,0.0001,0.0011
29.01.2020 00:26:38.309 GMT+0100,3276.3450000000003,3275.9,0.0001,0.0022
29.01.2020 00:26:38.360 GMT+0100,3276.563,3275.9,0.0001,0.0022
29.01.2020 00:26:43.614 GMT+0100,3276.563,3275.9,0.0001,0.0022
29.01.2020 00:26:43.666 GMT+0100,3276.3450000000003,3275.6459999999997,0.0007,0.0004
29.01.2020 00:26:44.388 GMT+0100,3276.363,3275.843,0.0001,0.0022
29.01.2020 00:26:44.438 GMT+0100,3276.545,3275.843,0.0007,0.0022
29.01.2020 00:26:46.740 GMT+0100,3276.3540000000003,3275.837,0.0007,0.0011
29.01.2020 00:26:46.790 GMT+0100,3276.3,3275.655,0.0001,0.0011
29.01.2020 00:27:17.080 GMT+0100,3276.3,3275.8340000000003,0.0001,0.0022
29.01.2020 00:27:17.131 GMT+0100,3276.554,3275.846,0.0007,0.0004
29.01.2020 00:27:30.266 GMT+0100,3276.566,3276.155,0.0001,0.0022
29.01.2020 00:27:30.316 GMT+0100,3276.8,3276.155,0.0001,0.0022
29.01.2020 00:27:31.587 GMT+0100,3276.5570000000002,3276.1459999999997,0.0007,0.0007
29.01.2020 00:27:31.637 GMT+0100,3276.551,3275.9,0.0001,0.0029
29.01.2020 00:27:48.445 GMT+0100,3276.551,3276.2000000000003,0.0001,0.0022
29.01.2020 00:27:48.495 GMT+0100,3276.8540000000003,3276.2000000000003,0.0001,0.0022
29.01.2020 00:27:49.995 GMT+0100,3276.563,3276.1459999999997,0.0007,0.0007
29.01.2020 00:27:50.045 GMT+0100,3276.563,3275.8520000000003,0.003,0.0007
29.01.2020 00:27:51.183 GMT+0100,3276.563,3276.1340000000005,0.0001,0.0022
29.01.2020 00:27:51.234 GMT+0100,3276.848,3276.2000000000003,0.0007,0.0004
29.01.2020 00:28:10.010 GMT+0100,3276.86,3276.4,0.0001,0.0022
29.01.2020 00:28:10.061 GMT+0100,3277.0570000000002,3276.4,0.0008,0.0029
29.01.2020 00:28:10.212 GMT+0100,3276.8509999999997,3276.4,0.0007,0.0007
29.01.2020 00:28:10.262 GMT+0100,3276.8509999999997,3276.155,0.0007,0.0022
29.01.2020 00:28:34.511 GMT+0100,3276.548,3276.152,0.0007,0.0004
29.01.2020 00:28:34.561 GMT+0100,3276.548,3275.855,0.0008,0.0004
29.01.2020 00:28:41.927 GMT+0100,3276.563,3276.1459999999997,0.0001,0.0022
29.01.2020 00:28:41.978 GMT+0100,3276.8540000000003,3276.155,0.0008,0.0004
29.01.2020 00:28:46.429 GMT+0100,3276.5,3276.155,0.0007,0.0004
29.01.2020 00:28:46.479 GMT+0100,3276.5,3275.846,0.003,0.0011
29.01.2020 00:28:48.338 GMT+0100,3276.5,3276.143,0.0001,0.0022
29.01.2020 00:28:48.388 GMT+0100,3276.857,3276.143,0.0007,0.0022
29.01.2020 00:28:58.308 GMT+0100,3276.651,3276.14,0.0007,0.0007
29.01.2020 00:28:58.359 GMT+0100,3276.645,3276,0.0001,0.0004
29.01.2020 00:28:59.379 GMT+0100,3276.645,3276.143,0.0001,0.0022
29.01.2020 00:28:59.429 GMT+0100,3276.8,3276.1490000000003,0.0008,0.0004
29.01.2020 00:29:14.523 GMT+0100,3276.551,3276.1490000000003,0.0007,0.0004
29.01.2020 00:29:14.573 GMT+0100,3276.545,3275.849,0.0001,0.0029
29.01.2020 00:29:16.608 GMT+0100,3276.545,3276.1340000000005,0.0001,0.0022
29.01.2020 00:29:16.659 GMT+0100,3276.8450000000003,3276.14,0.0008,0.0007
29.01.2020 00:29:18.848 GMT+0100,3276.545,3276.14,0.0007,0.0007
29.01.2020 00:29:18.898 GMT+0100,3276.5,3275.855,0.0001,0.0022
29.01.2020 00:29:37.358 GMT+0100,3276.5,3276.152,0.0001,0.0022
29.01.2020 00:29:37.409 GMT+0100,3276.8509999999997,3276.152,0.0001,0.0022
29.01.2020 00:29:46.881 GMT+0100,3276.8509999999997,3276.3520000000003,0.0001,0.0022
29.01.2020 00:29:46.931 GMT+0100,3277.054,3276.3520000000003,0.0007,0.0029
29.01.2020 00:30:00.312 GMT+0100,3277.348,3276.7000000000003,0.0001,0.0022
29.01.2020 00:30:03.431 GMT+0100,3277,3276.6490000000003,0.0007,0.0007
29.01.2020 00:30:03.481 GMT+0100,3277,3276.355,0.0007,0.0022
29.01.2020 00:30:07.951 GMT+0100,3277.06,3276.6490000000003,0.0001,0.0022
29.01.2020 00:30:08.002 GMT+0100,3277.3,3276.652,0.0001,0.0004
29.01.2020 00:30:19.372 GMT+0100,3277.3,3276.855,0.0001,0.0022
29.01.2020 00:30:19.422 GMT+0100,3277.545,3276.855,0.0001,0.0022
29.01.2020 00:30:55.740 GMT+0100,3277.545,3277.1459999999997,0.0001,0.0022
29.01.2020 00:30:55.790 GMT+0100,3277.863,3277.2000000000003,0.0008,0.0007
29.01.2020 00:31:05.851 GMT+0100,3277.866,3277.346,0.0001,0.0022
29.01.2020 00:31:05.901 GMT+0100,3278.063,3277.349,0.003,0.0011
29.01.2020 00:31:11.675 GMT+0100,3278.063,3277.643,0.0001,0.0022
29.01.2020 00:31:11.725 GMT+0100,3278.3540000000003,3277.7000000000003,0.0008,0.0004
29.01.2020 00:31:11.859 GMT+0100,3278.5570000000002,3277.849,0.0007,0.0026
29.01.2020 00:31:16.935 GMT+0100,3278.566,3278.137,0.0001,0.0022
29.01.2020 00:31:16.985 GMT+0100,3278.8,3278.155,0.0007,0.0004
29.01.2020 00:31:18.911 GMT+0100,3278.548,3278.155,0.0007,0.0004
29.01.2020 00:31:18.961 GMT+0100,3278.548,3277.9,0.0007,0.0026
29.01.2020 00:31:19.072 GMT+0100,3278.566,3278.137,0.0001,0.0022
29.01.2020 00:31:19.122 GMT+0100,3278.8450000000003,3278.152,0.0001,0.0004
29.01.2020 00:31:24.813 GMT+0100,3279.048,3278.349,0.003,0.0022
29.01.2020 00:31:28.191 GMT+0100,3278.5570000000002,3278.346,0.0007,0.0007
29.01.2020 00:31:28.241 GMT+0100,3278.548,3277.846,0.0001,0.0004
29.01.2020 00:31:29.105 GMT+0100,3278.3,3277.7000000000003,0.0007,0.0022
29.01.2020 00:31:33.655 GMT+0100,3278.066,3277.652,0.0007,0.0011
29.01.2020 00:31:33.705 GMT+0100,3278.051,3277.349,0.0001,0.0007
29.01.2020 00:31:33.812 GMT+0100,3278.051,3277.7000000000003,0.0001,0.0022
29.01.2020 00:31:33.862 GMT+0100,3278.357,3277.7000000000003,0.0007,0.0022
29.01.2020 00:31:33.973 GMT+0100,3278.2509999999997,3277.652,0.0007,0.0011
29.01.2020 00:31:34.023 GMT+0100,3278.245,3277.546,0.0001,0.0004
29.01.2020 00:31:34.132 GMT+0100,3278.245,3277.637,0.0001,0.0022
29.01.2020 00:31:34.183 GMT+0100,3278.36,3277.655,0.0001,0.0004
29.01.2020 00:31:37.977 GMT+0100,3278.054,3277.655,0.0007,0.0004
29.01.2020 00:31:38.027 GMT+0100,3278.054,3277.346,0.0008,0.0007
29.01.2020 00:31:39.528 GMT+0100,3278.066,3277.6490000000003,0.0001,0.0022
29.01.2020 00:31:39.579 GMT+0100,3278.357,3277.6490000000003,0.0001,0.0022
29.01.2020 00:31:40.026 GMT+0100,3278.045,3277.4,0.0007,0.0004
29.01.2020 00:31:44.091 GMT+0100,3278.0570000000002,3277.6490000000003,0.0001,0.0026
29.01.2020 00:31:44.141 GMT+0100,3278.3540000000003,3277.6490000000003,0.0008,0.0026
29.01.2020 00:31:44.210 GMT+0100,3278.06,3277.6490000000003,0.0007,0.0004
29.01.2020 00:31:44.261 GMT+0100,3278.048,3277.355,0.0001,0.0022
29.01.2020 00:31:47.238 GMT+0100,3278.048,3277.7000000000003,0.0001,0.0022
29.01.2020 00:31:47.332 GMT+0100,3278.348,3277.7000000000003,0.0001,0.0022
29.01.2020 00:31:56.073 GMT+0100,3278.048,3277.6459999999997,0.0007,0.0004
29.01.2020 00:31:56.123 GMT+0100,3278.045,3277.4,0.0001,0.0026
29.01.2020 00:32:04.261 GMT+0100,3277.8,3277.2000000000003,0.003,0.0007
29.01.2020 00:32:11.242 GMT+0100,3278.048,3277.4,0.0007,0.0022
29.01.2020 00:32:12.808 GMT+0100,3277.8,3277.152,0.0001,0.0007
29.01.2020 00:32:24.382 GMT+0100,3277.545,3277.152,0.0007,0.0007
29.01.2020 00:32:24.432 GMT+0100,3277.545,3276.843,0.0008,0.0004
29.01.2020 00:32:24.548 GMT+0100,3277.545,3277.137,0.0001,0.0022
29.01.2020 00:32:24.598 GMT+0100,3277.857,3277.152,0.0001,0.0004
29.01.2020 00:32:29.357 GMT+0100,3277.563,3277.152,0.0007,0.0004
29.01.2020 00:32:29.408 GMT+0100,3277.545,3276.849,0.0001,0.0022
29.01.2020 00:32:32.194 GMT+0100,3277.545,3277.1459999999997,0.0001,0.0004
29.01.2020 00:32:32.244 GMT+0100,3277.8450000000003,3277.155,0.0007,0.0007
29.01.2020 00:32:49.295 GMT+0100,3277.863,3277.3340000000003,0.0001,0.0022
29.01.2020 00:32:49.345 GMT+0100,3278.045,3277.4,0.0007,0.0007
29.01.2020 00:32:58.058 GMT+0100,3277.848,3277.4,0.0007,0.0007
29.01.2020 00:32:58.109 GMT+0100,3277.848,3277.1490000000003,0.0007,0.0026
29.01.2020 00:33:11.421 GMT+0100,3278.066,3277.355,0.003,0.0022
29.01.2020 00:33:11.539 GMT+0100,3277.863,3277.349,0.0007,0.0004
29.01.2020 00:33:11.589 GMT+0100,3277.8509999999997,3277.2000000000003,0.0001,0.0004
29.01.2020 00:33:12.572 GMT+0100,3277.8509999999997,3277.4,0.0001,0.0022
29.01.2020 00:33:12.623 GMT+0100,3278,3277.4,0.0001,0.0029
29.01.2020 00:33:16.733 GMT+0100,3277.8509999999997,3277.1459999999997,0.0001,0.0033
29.01.2020 00:33:27.637 GMT+0100,3277.8509999999997,3277.343,0.0001,0.0022
29.01.2020 00:33:27.687 GMT+0100,3278.0570000000002,3277.4,0.0001,0.0004
29.01.2020 00:33:36.817 GMT+0100,3277.8540000000003,3277.4,0.0007,0.0004
29.01.2020 00:33:36.867 GMT+0100,3277.848,3277.155,0.0001,0.0007
29.01.2020 00:33:46.727 GMT+0100,3277.848,3277.337,0.0001,0.0022
29.01.2020 00:33:46.778 GMT+0100,3278.045,3277.3520000000003,0.0007,0.0007
29.01.2020 00:33:52.557 GMT+0100,3278.063,3277.637,0.0001,0.0022
29.01.2020 00:33:52.608 GMT+0100,3278.3,3277.7000000000003,0.0001,0.0004
29.01.2020 00:33:53.894 GMT+0100,3278.054,3277.7000000000003,0.0007,0.0004
29.01.2020 00:33:53.944 GMT+0100,3278,3277.355,0.0001,0.0022
29.01.2020 00:33:59.354 GMT+0100,3277.8450000000003,3277.143,0.0001,0.0004
29.01.2020 00:34:00.390 GMT+0100,3277.8450000000003,3277.349,0.0001,0.0022
29.01.2020 00:34:00.440 GMT+0100,3278.0570000000002,3277.4,0.0008,0.0004
29.01.2020 00:34:44.726 GMT+0100,3277.8,3277.4,0.0007,0.0004
29.01.2020 00:34:44.777 GMT+0100,3277.8,3277.14,0.0007,0.0026
29.01.2020 00:34:45.044 GMT+0100,3277.857,3277.349,0.0001,0.0022
29.01.2020 00:34:45.095 GMT+0100,3278.048,3277.4,0.0007,0.0007
29.01.2020 00:34:48.701 GMT+0100,3277.866,3277.4,0.0007,0.0007
29.01.2020 00:34:48.752 GMT+0100,3277.8,3277.2000000000003,0.0001,0.0022
29.01.2020 00:35:00.646 GMT+0100,3277.8,3277.337,0.0001,0.0022
29.01.2020 00:35:00.697 GMT+0100,3278,3277.4,0.0008,0.0007
29.01.2020 00:35:01.537 GMT+0100,3277.8450000000003,3277.2000000000003,0.0001,0.0007
29.01.2020 00:35:45.918 GMT+0100,3277.545,3277.2000000000003,0.0007,0.0007
29.01.2020 00:35:45.968 GMT+0100,3277.545,3276.855,0.003,0.0007
29.01.2020 00:36:01.004 GMT+0100,3277.8,3277.2000000000003,0.0001,0.0022
29.01.2020 00:36:03.941 GMT+0100,3277.357,3277.143,0.0007,0.0007
29.01.2020 00:36:03.992 GMT+0100,3277.3450000000003,3276.7000000000003,0.0001,0.0022
29.01.2020 00:36:48.068 GMT+0100,3277.3450000000003,3276.837,0.0001,0.0022
29.01.2020 00:36:48.119 GMT+0100,3277.554,3276.8520000000003,0.0007,0.0007
29.01.2020 00:36:48.549 GMT+0100,3277.357,3276.8520000000003,0.0007,0.0007
29.01.2020 00:36:48.599 GMT+0100,3277.357,3276.7000000000003,0.0008,0.0007
29.01.2020 00:37:04.168 GMT+0100,3277.366,3276.8520000000003,0.0001,0.0022
29.01.2020 00:37:04.218 GMT+0100,3277.551,3276.855,0.0001,0.0007
29.01.2020 00:37:35.428 GMT+0100,3277.357,3276.855,0.0007,0.0007
29.01.2020 00:37:35.479 GMT+0100,3277.348,3276.655,0.0001,0.0007
29.01.2020 00:37:36.820 GMT+0100,3277.348,3276.849,0.0001,0.0022
29.01.2020 00:37:36.871 GMT+0100,3277.563,3276.855,0.0008,0.0007
29.01.2020 00:37:46.327 GMT+0100,3277.566,3277.1340000000005,0.0001,0.0022
29.01.2020 00:37:46.377 GMT+0100,3277.86,3277.2000000000003,0.003,0.0007
29.01.2020 00:37:49.900 GMT+0100,3277.5570000000002,3277.2000000000003,0.0007,0.0007
29.01.2020 00:37:49.950 GMT+0100,3277.545,3276.855,0.0001,0.0022
29.01.2020 00:39:06.084 GMT+0100,3277.3540000000003,3276.849,0.0007,0.0004
29.01.2020 00:39:06.134 GMT+0100,3277.3509999999997,3276.643,0.0001,0.0022
29.01.2020 00:39:16.964 GMT+0100,3277.048,3276.637,0.0007,0.0007
29.01.2020 00:39:17.015 GMT+0100,3277.048,3276.3520000000003,0.0007,0.0022
29.01.2020 00:39:22.734 GMT+0100,3276.8,3276.346,0.0007,0.0007
29.01.2020 00:39:22.785 GMT+0100,3276.8,3276.143,0.0008,0.0004
29.01.2020 00:39:24.412 GMT+0100,3276.857,3276.349,0.0001,0.0022
29.01.2020 00:39:24.462 GMT+0100,3277,3276.3520000000003,0.0007,0.0004
29.01.2020 00:39:26.867 GMT+0100,3276.848,3276.3520000000003,0.0007,0.0004
29.01.2020 00:39:26.918 GMT+0100,3276.848,3276.155,0.0007,0.0007
29.01.2020 00:40:06.068 GMT+0100,3276.866,3276.337,0.0001,0.0022
29.01.2020 00:40:06.118 GMT+0100,3277,3276.343,0.0001,0.0007
29.01.2020 00:40:26.932 GMT+0100,3277,3276.6340000000005,0.0001,0.0022
29.01.2020 00:40:26.982 GMT+0100,3277.3509999999997,3276.6490000000003,0.003,0.0011
29.01.2020 00:41:07.400 GMT+0100,3276.8540000000003,3276.6490000000003,0.0007,0.0011
29.01.2020 00:41:07.451 GMT+0100,3276.8540000000003,3276.152,0.0008,0.0004
29.01.2020 00:41:10.278 GMT+0100,3277,3276.3520000000003,0.0007,0.0022
29.01.2020 00:41:33.718 GMT+0100,3276.848,3276.2000000000003,0.0001,0.0004
29.01.2020 00:42:14.368 GMT+0100,3277,3276.349,0.0001,0.0007
29.01.2020 00:42:23.348 GMT+0100,3277,3276.643,0.0001,0.0022
29.01.2020 00:42:23.398 GMT+0100,3277.3450000000003,3276.6459999999997,0.0001,0.0004
29.01.2020 00:42:33.290 GMT+0100,3277.054,3276.6459999999997,0.0007,0.0004
29.01.2020 00:42:33.340 GMT+0100,3277.054,3276.3520000000003,0.0008,0.0022
29.01.2020 00:42:56.522 GMT+0100,3276.86,3276.343,0.0007,0.0007
29.01.2020 00:42:56.572 GMT+0100,3276.86,3276.2000000000003,0.003,0.0004
29.01.2020 00:42:58.001 GMT+0100,3276.86,3276.343,0.0001,0.0022
29.01.2020 00:42:58.051 GMT+0100,3277.0570000000002,3276.4,0.0007,0.0007
29.01.2020 00:43:08.643 GMT+0100,3276.848,3276.4,0.0007,0.0007
29.01.2020 00:43:08.693 GMT+0100,3276.8450000000003,3276.2000000000003,0.0001,0.0022
29.01.2020 00:43:17.168 GMT+0100,3277,3276.4,0.0008,0.0007
29.01.2020 00:43:28.538 GMT+0100,3276.8509999999997,3276.4,0.0007,0.0007
29.01.2020 00:43:28.588 GMT+0100,3276.8450000000003,3276.152,0.0001,0.0022
29.01.2020 00:43:28.721 GMT+0100,3277.051,3276.343,0.0001,0.0007
29.01.2020 00:43:46.476 GMT+0100,3277.0570000000002,3276.34,0.0026,0.0022
29.01.2020 00:43:46.830 GMT+0100,3277.0570000000002,3276.34,0.0022,0.0022
29.01.2020 00:44:01.488 GMT+0100,3276.8509999999997,3276.143,0.0007,0.0022
29.01.2020 00:44:01.684 GMT+0100,3276.8450000000003,3276.143,0.0001,0.0022
29.01.2020 00:44:03.249 GMT+0100,3276.8450000000003,3276.355,0.0001,0.0022
29.01.2020 00:44:03.299 GMT+0100,3277,3276.355,0.0001,0.0022
29.01.2020 00:44:06.356 GMT+0100,3277,3276.643,0.0001,0.0022
29.01.2020 00:44:06.406 GMT+0100,3277.3509999999997,3276.6490000000003,0.0007,0.0007
29.01.2020 00:44:17.648 GMT+0100,3277.0570000000002,3276.6490000000003,0.0007,0.0007
29.01.2020 00:44:17.698 GMT+0100,3277.051,3276.346,0.0001,0.0004
29.01.2020 00:44:27.629 GMT+0100,3277.051,3276.6340000000005,0.0001,0.0022
29.01.2020 00:44:27.679 GMT+0100,3277.3,3276.7000000000003,0.0001,0.0007
29.01.2020 00:44:28.571 GMT+0100,3277.054,3276.7000000000003,0.0007,0.0007
29.01.2020 00:44:28.622 GMT+0100,3277.045,3276.355,0.0001,0.0004
29.01.2020 00:45:00.839 GMT+0100,3277.348,3276.6490000000003,0.0007,0.0007
29.01.2020 00:45:08.849 GMT+0100,3277.045,3276.6490000000003,0.0007,0.0007
29.01.2020 00:45:08.900 GMT+0100,3277.045,3276.355,0.0007,0.0022
29.01.2020 00:45:12.226 GMT+0100,3276.848,3276.34,0.0007,0.0007
29.01.2020 00:45:12.277 GMT+0100,3276.848,3276.2000000000003,0.0007,0.0022
29.01.2020 00:45:21.070 GMT+0100,3276.848,3276.34,0.0007,0.0004
29.01.2020 00:45:21.121 GMT+0100,3277.051,3276.34,0.0007,0.0026
29.01.2020 00:45:21.622 GMT+0100,3276.857,3276.34,0.0007,0.0004
29.01.2020 00:45:21.672 GMT+0100,3276.848,3276.155,0.0001,0.0007
29.01.2020 00:45:53.509 GMT+0100,3276.566,3276.155,0.0007,0.0007
29.01.2020 00:45:53.559 GMT+0100,3276.545,3275.8520000000003,0.0001,0.0022
29.01.2020 00:45:55.401 GMT+0100,3276.363,3275.84,0.0007,0.0007
29.01.2020 00:45:55.452 GMT+0100,3276.363,3275.6459999999997,0.0007,0.0022
29.01.2020 00:46:08.659 GMT+0100,3276.366,3275.855,0.0001,0.0022
29.01.2020 00:46:08.709 GMT+0100,3276.554,3275.855,0.0001,0.0026
29.01.2020 00:46:14.132 GMT+0100,3276.554,3276.355,0.0001,0.0022
29.01.2020 00:46:14.182 GMT+0100,3277.066,3276.4,0.003,0.0004
29.01.2020 00:46:24.401 GMT+0100,3277.066,3276.655,0.0001,0.0022
29.01.2020 00:46:24.452 GMT+0100,3277.3450000000003,3276.655,0.0001,0.0026
29.01.2020 00:46:27.311 GMT+0100,3277.3450000000003,3276.8520000000003,0.0001,0.0022
29.01.2020 00:46:27.363 GMT+0100,3277.563,3276.8520000000003,0.0001,0.0026
29.01.2020 00:46:42.485 GMT+0100,3277.563,3277.3340000000003,0.0001,0.0022
29.01.2020 00:46:42.536 GMT+0100,3278.051,3277.355,0.0007,0.0007
29.01.2020 00:46:47.457 GMT+0100,3278.0570000000002,3277.6340000000005,0.0001,0.0022
29.01.2020 00:46:47.507 GMT+0100,3278.3,3277.655,0.0001,0.0007
29.01.2020 00:46:47.777 GMT+0100,3278.045,3277.655,0.0007,0.0007
29.01.2020 00:46:47.828 GMT+0100,3278.045,3277.346,0.0007,0.0007
29.01.2020 00:46:47.952 GMT+0100,3278.3509999999997,3277.6490000000003,0.0001,0.0004
29.01.2020 00:46:51.360 GMT+0100,3278.063,3277.6490000000003,0.0007,0.0004
29.01.2020 00:46:51.410 GMT+0100,3278.051,3277.355,0.0001,0.0022
29.01.2020 00:46:56.209 GMT+0100,3278.3450000000003,3277.655,0.0007,0.0004
29.01.2020 00:46:59.003 GMT+0100,3278.063,3277.655,0.0007,0.0004
29.01.2020 00:46:59.054 GMT+0100,3278.063,3277.355,0.0007,0.0007
29.01.2020 00:47:19.683 GMT+0100,3277.848,3277.1490000000003,0.0001,0.0022
29.01.2020 00:47:28.079 GMT+0100,3277.848,3277.3520000000003,0.0001,0.0022
29.01.2020 00:47:28.130 GMT+0100,3278.06,3277.355,0.0007,0.0007
29.01.2020 00:47:47.928 GMT+0100,3278.066,3277.6340000000005,0.0001,0.0022
29.01.2020 00:47:47.979 GMT+0100,3278.348,3277.6490000000003,0.0007,0.0011
29.01.2020 00:47:49.625 GMT+0100,3278.366,3277.737,0.0001,0.0022
29.01.2020 00:47:49.676 GMT+0100,3278.46,3277.7400000000002,0.0001,0.0004
29.01.2020 00:47:49.824 GMT+0100,3278.554,3277.9,0.0007,0.0022
29.01.2020 00:47:52.469 GMT+0100,3278.451,3277.84,0.0007,0.0007
29.01.2020 00:47:52.520 GMT+0100,3278.451,3277.8,0.003,0.0022
29.01.2020 00:47:53.404 GMT+0100,3278.363,3277.737,0.0007,0.0007
29.01.2020 00:47:53.454 GMT+0100,3278.36,3277.7000000000003,0.0001,0.0007
29.01.2020 00:47:57.361 GMT+0100,3278.36,3277.849,0.0001,0.0022
29.01.2020 00:47:57.412 GMT+0100,3278.545,3277.9,0.0001,0.0007
29.01.2020 00:48:00.503 GMT+0100,3278.36,3277.9,0.0007,0.0007
29.01.2020 00:48:00.554 GMT+0100,3278.3450000000003,3277.655,0.0001,0.0007
29.01.2020 00:48:01.052 GMT+0100,3278.554,3277.855,0.0001,0.0004
29.01.2020 00:48:04.104 GMT+0100,3278.363,3277.855,0.0007,0.0004
29.01.2020 00:48:04.155 GMT+0100,3278.3540000000003,3277.7000000000003,0.0001,0.0007
29.01.2020 00:48:04.585 GMT+0100,3278.3540000000003,3277.843,0.0001,0.0022
29.01.2020 00:48:04.635 GMT+0100,3278.5,3277.849,0.0007,0.0004
29.01.2020 00:48:04.745 GMT+0100,3278.36,3277.849,0.0007,0.0004
29.01.2020 00:48:04.795 GMT+0100,3278.357,3277.643,0.0001,0.0011
29.01.2020 00:48:06.975 GMT+0100,3278.357,3277.84,0.0001,0.0022
29.01.2020 00:48:07.025 GMT+0100,3278.554,3277.8520000000003,0.0007,0.0007
29.01.2020 00:48:11.573 GMT+0100,3278.56,3278.155,0.0001,0.0022
29.01.2020 00:48:11.624 GMT+0100,3278.8509999999997,3278.155,0.0007,0.0022
29.01.2020 00:48:11.734 GMT+0100,3278.545,3278.152,0.0007,0.0007
29.01.2020 00:48:11.784 GMT+0100,3278.5,3277.846,0.0001,0.0022
29.01.2020 00:48:17.184 GMT+0100,3278.363,3277.8340000000003,0.0007,0.0011
29.01.2020 00:48:17.234 GMT+0100,3278.3540000000003,3277.6490000000003,0.0001,0.0029
29.01.2020 00:48:19.371 GMT+0100,3278.3540000000003,3278.143,0.0001,0.0022
29.01.2020 00:48:19.422 GMT+0100,3278.8540000000003,3278.143,0.0007,0.0022
29.01.2020 00:48:19.572 GMT+0100,3278.5,3277.8520000000003,0.0001,0.0004
29.01.2020 00:48:28.358 GMT+0100,3278.5,3277.846,0.0001,0.0022
29.01.2020 00:48:28.408 GMT+0100,3278.36,3277.655,0.003,0.0029
29.01.2020 00:48:37.398 GMT+0100,3278.048,3277.4,0.0001,0.0007
29.01.2020 00:48:37.735 GMT+0100,3278.048,3277.643,0.0001,0.0022
29.01.2020 00:48:37.786 GMT+0100,3278.3,3277.655,0.0001,0.0007
29.01.2020 00:48:44.371 GMT+0100,3278.3,3277.846,0.0001,0.0022
29.01.2020 00:48:44.421 GMT+0100,3278.551,3277.9,0.0007,0.0007
29.01.2020 00:49:03.856 GMT+0100,3278.3,3277.6490000000003,0.0007,0.0022
29.01.2020 00:49:14.439 GMT+0100,3278.551,3277.9,0.0001,0.0004
29.01.2020 00:49:21.563 GMT+0100,3278.366,3277.9,0.0007,0.0004
29.01.2020 00:49:21.614 GMT+0100,3278.3540000000003,3277.652,0.0001,0.0022
29.01.2020 00:49:39.529 GMT+0100,3278.3540000000003,3277.855,0.0001,0.0022
29.01.2020 00:49:39.579 GMT+0100,3278.5570000000002,3277.855,0.0007,0.0022
29.01.2020 00:49:42.986 GMT+0100,3278.3,3277.8520000000003,0.0007,0.0007
29.01.2020 00:49:43.037 GMT+0100,3278.3,3277.652,0.0007,0.0022
29.01.2020 00:49:45.198 GMT+0100,3278.36,3277.8340000000003,0.0001,0.0022
29.01.2020 00:49:45.248 GMT+0100,3278.563,3277.855,0.0001,0.0007
29.01.2020 00:49:48.217 GMT+0100,3278.357,3277.855,0.0007,0.0007
29.01.2020 00:49:48.267 GMT+0100,3278.3,3277.6490000000003,0.0001,0.0022
29.01.2020 00:49:53.592 GMT+0100,3278.3,3277.837,0.0001,0.0022
29.01.2020 00:49:53.643 GMT+0100,3278.551,3277.9,0.0001,0.0007
29.01.2020 00:49:54.943 GMT+0100,3278.46,3277.9,0.0007,0.0007
29.01.2020 00:49:54.994 GMT+0100,3278.448,3277.7490000000003,0.0001,0.0022
29.01.2020 00:49:55.367 GMT+0100,3278.56,3277.846,0.0001,0.0022
29.01.2020 00:50:08.323 GMT+0100,3278.56,3278.1340000000005,0.0001,0.0022
29.01.2020 00:50:08.373 GMT+0100,3278.8450000000003,3278.143,0.0007,0.0007
29.01.2020 00:50:24.306 GMT+0100,3278.566,3278.143,0.0007,0.0007
29.01.2020 00:50:24.357 GMT+0100,3278.56,3277.8520000000003,0.0001,0.0007
29.01.2020 00:50:35.881 GMT+0100,3278.56,3278.2000000000003,0.0001,0.0022
29.01.2020 00:50:35.931 GMT+0100,3278.848,3278.2000000000003,0.0007,0.0022
29.01.2020 00:50:50.480 GMT+0100,3278.7540000000004,3278.155,0.0007,0.0007
29.01.2020 00:50:50.530 GMT+0100,3278.7540000000004,3278.0550000000003,0.0007,0.0022
29.01.2020 00:50:50.641 GMT+0100,3278.5,3278.0490000000004,0.0007,0.0004
29.01.2020 00:50:50.692 GMT+0100,3278.5,3277.843,0.0007,0.0004
29.01.2020 00:51:18.453 GMT+0100,3278.466,3277.843,0.0007,0.0004
29.01.2020 00:51:18.503 GMT+0100,3278.4570000000003,3277.7520000000004,0.0001,0.0007
29.01.2020 00:51:18.606 GMT+0100,3278.4570000000003,3277.849,0.0001,0.0022
29.01.2020 00:51:18.656 GMT+0100,3278.548,3277.849,0.0007,0.0022
29.01.2020 00:51:56.871 GMT+0100,3278.366,3277.843,0.0007,0.0007
29.01.2020 00:51:56.922 GMT+0100,3278.363,3277.7000000000003,0.0001,0.0026
29.01.2020 00:52:03.300 GMT+0100,3278.045,3277.7000000000003,0.0007,0.0004
29.01.2020 00:52:03.350 GMT+0100,3278.045,3277.346,0.0007,0.0022
29.01.2020 00:52:07.337 GMT+0100,3278.045,3277.7000000000003,0.0007,0.0004
29.01.2020 00:52:07.387 GMT+0100,3278.3509999999997,3277.7000000000003,0.0007,0.0004
29.01.2020 00:52:07.961 GMT+0100,3278.36,3277.843,0.0001,0.0022
29.01.2020 00:52:08.011 GMT+0100,3278.5570000000002,3277.855,0.0007,0.0004
29.01.2020 00:52:14.069 GMT+0100,3278.3450000000003,3277.855,0.0007,0.0004
29.01.2020 00:52:14.119 GMT+0100,3278.3450000000003,3277.643,0.0007,0.0022
29.01.2020 00:52:21.605 GMT+0100,3278.051,3277.64,0.0007,0.0007
29.01.2020 00:52:21.655 GMT+0100,3278.048,3277.355,0.0001,0.0007
29.01.2020 00:52:50.659 GMT+0100,3278.048,3277.652,0.0001,0.0022
29.01.2020 00:52:50.721 GMT+0100,3278.3450000000003,3277.652,0.0007,0.0022
29.01.2020 00:52:54.810 GMT+0100,3278.051,3277.4,0.0007,0.0007
29.01.2020 00:53:02.177 GMT+0100,3277.848,3277.4,0.0007,0.0007
29.01.2020 00:53:02.228 GMT+0100,3277.848,3277.2000000000003,0.0008,0.0004
29.01.2020 00:53:02.498 GMT+0100,3277.7000000000003,3277.2000000000003,0.0007,0.0004
29.01.2020 00:53:02.548 GMT+0100,3277.7000000000003,3277.1,0.0007,0.0022
29.01.2020 00:53:03.488 GMT+0100,3277.745,3277.152,0.0001,0.0022
29.01.2020 00:53:03.539 GMT+0100,3277.86,3277.152,0.0001,0.0022
29.01.2020 00:53:07.410 GMT+0100,3277.545,3276.9,0.0007,0.0004
29.01.2020 00:53:10.810 GMT+0100,3277.566,3277.155,0.0001,0.0022
29.01.2020 00:53:10.861 GMT+0100,3277.8,3277.155,0.0001,0.0022
29.01.2020 00:53:11.121 GMT+0100,3277.748,3277.1490000000003,0.0007,0.0007
29.01.2020 00:53:11.172 GMT+0100,3277.745,3277.0550000000003,0.0001,0.0022
29.01.2020 00:53:11.287 GMT+0100,3277.545,3277.046,0.0007,0.0011
29.01.2020 00:53:11.337 GMT+0100,3277.5,3276.846,0.0001,0.0004
29.01.2020 00:53:12.694 GMT+0100,3277.5,3277.143,0.0001,0.0022
29.01.2020 00:53:12.745 GMT+0100,3277.848,3277.155,0.0001,0.0004
29.01.2020 00:53:14.508 GMT+0100,3277.848,3277.355,0.0001,0.0022
29.01.2020 00:53:14.558 GMT+0100,3278.048,3277.4,0.0007,0.0004
29.01.2020 00:53:14.670 GMT+0100,3278.054,3277.643,0.0001,0.0022
29.01.2020 00:53:14.775 GMT+0100,3278.348,3277.6459999999997,0.0007,0.0007
29.01.2020 00:53:15.363 GMT+0100,3278.051,3277.6459999999997,0.0007,0.0007
29.01.2020 00:53:15.413 GMT+0100,3278,3277.3520000000003,0.0001,0.0022
29.01.2020 00:53:23.421 GMT+0100,3277.545,3277.343,0.0007,0.0011
29.01.2020 00:53:23.472 GMT+0100,3277.545,3276.849,0.0007,0.0022
29.01.2020 00:53:23.583 GMT+0100,3277.8540000000003,3277.155,0.0001,0.0007
29.01.2020 00:53:33.262 GMT+0100,3277.566,3277.155,0.0007,0.0007
29.01.2020 00:53:33.312 GMT+0100,3277.5570000000002,3276.84,0.0001,0.0004
29.01.2020 00:53:50.405 GMT+0100,3277.357,3276.84,0.0007,0.0004
29.01.2020 00:53:50.456 GMT+0100,3277.3450000000003,3276.643,0.0001,0.0022
29.01.2020 00:53:56.312 GMT+0100,3277.048,3276.4,0.0001,0.0022
29.01.2020 00:54:00.884 GMT+0100,3277.048,3276.6490000000003,0.0001,0.0022
29.01.2020 00:54:00.934 GMT+0100,3277.3509999999997,3276.655,0.0007,0.0007
29.01.2020 00:54:04.007 GMT+0100,3277.063,3276.655,0.0007,0.0007
29.01.2020 00:54:04.057 GMT+0100,3277.063,3276.349,0.0008,0.0004
29.01.2020 00:54:07.968 GMT+0100,3277.063,3276.6459999999997,0.0001,0.0022
29.01.2020 00:54:08.018 GMT+0100,3277.348,3276.6490000000003,0.0008,0.0004
29.01.2020 00:54:14.709 GMT+0100,3277,3276.6490000000003,0.0007,0.0004
29.01.2020 00:54:14.760 GMT+0100,3277,3276.349,0.0007,0.0022
29.01.2020 00:54:16.580 GMT+0100,3277.045,3276.6490000000003,0.0001,0.0022
29.01.2020 00:54:16.631 GMT+0100,3277.3,3276.655,0.0001,0.0004
29.01.2020 00:54:21.384 GMT+0100,3277.06,3276.655,0.0007,0.0004
29.01.2020 00:54:21.435 GMT+0100,3277.051,3276.3520000000003,0.0001,0.0022
29.01.2020 00:54:25.861 GMT+0100,3277.051,3276.6459999999997,0.0001,0.0022
29.01.2020 00:54:25.912 GMT+0100,3277.363,3276.7000000000003,0.003,0.0007
29.01.2020 00:54:26.030 GMT+0100,3277.363,3276.849,0.0001,0.0022
29.01.2020 00:54:26.080 GMT+0100,3277.5570000000002,3276.855,0.0007,0.0007
29.01.2020 00:54:26.809 GMT+0100,3277.56,3277.043,0.0001,0.0022
29.01.2020 00:54:26.859 GMT+0100,3277.7509999999997,3277.052,0.0007,0.0011
29.01.2020 00:54:26.963 GMT+0100,3277.7540000000004,3277.14,0.0001,0.0022
29.01.2020 00:54:27.014 GMT+0100,3277.8,3277.143,0.0007,0.0004
29.01.2020 00:54:27.124 GMT+0100,3277.563,3277.143,0.0007,0.0004
29.01.2020 00:54:27.175 GMT+0100,3277.554,3276.8520000000003,0.0001,0.0022
29.01.2020 00:54:32.123 GMT+0100,3277.36,3276.849,0.0007,0.0004
29.01.2020 00:54:32.174 GMT+0100,3277.348,3276.6459999999997,0.0001,0.0007
29.01.2020 00:54:38.868 GMT+0100,3277.066,3276.6459999999997,0.0007,0.0007
29.01.2020 00:54:38.919 GMT+0100,3277.045,3276.337,0.0001,0.0011
29.01.2020 00:54:43.730 GMT+0100,3277.045,3276.637,0.0001,0.0022
29.01.2020 00:54:43.780 GMT+0100,3277.3,3276.7000000000003,0.0001,0.0004
29.01.2020 00:54:49.212 GMT+0100,3277.045,3276.7000000000003,0.0007,0.0004
29.01.2020 00:54:49.263 GMT+0100,3277.045,3276.346,0.0007,0.0026
29.01.2020 00:54:57.367 GMT+0100,3277.06,3276.637,0.0001,0.0022
29.01.2020 00:54:57.418 GMT+0100,3277.357,3276.637,0.0001,0.0022
29.01.2020 00:55:07.606 GMT+0100,3277.051,3276.6340000000005,0.0007,0.0011
29.01.2020 00:55:07.657 GMT+0100,3277.048,3276.3520000000003,0.0001,0.0007
29.01.2020 00:55:27.398 GMT+0100,3277.048,3276.6459999999997,0.0001,0.0022
29.01.2020 00:55:27.448 GMT+0100,3277.357,3276.6490000000003,0.0007,0.0007
29.01.2020 00:55:43.599 GMT+0100,3277.06,3276.6490000000003,0.0007,0.0007
29.01.2020 00:55:43.650 GMT+0100,3277.054,3276.355,0.0001,0.0022
29.01.2020 00:56:03.464 GMT+0100,3276.8450000000003,3276.34,0.0007,0.0007
29.01.2020 00:56:03.515 GMT+0100,3276.8450000000003,3276.155,0.0007,0.0022
29.01.2020 00:56:22.698 GMT+0100,3276.5,3276.1459999999997,0.0007,0.0004
29.01.2020 00:56:22.749 GMT+0100,3276.5,3275.9,0.0007,0.0004
29.01.2020 00:56:33.829 GMT+0100,3276.554,3276.14,0.0001,0.0022
29.01.2020 00:56:33.880 GMT+0100,3276.8450000000003,3276.1490000000003,0.0008,0.0004
29.01.2020 00:56:35.327 GMT+0100,3276.545,3275.9,0.0001,0.0022
29.01.2020 00:56:36.769 GMT+0100,3276.545,3276.155,0.0001,0.0022
29.01.2020 00:56:36.819 GMT+0100,3276.8540000000003,3276.2000000000003,0.003,0.0004
29.01.2020 00:56:43.521 GMT+0100,3276.566,3276.2000000000003,0.0007,0.0004
29.01.2020 00:56:43.572 GMT+0100,3276.545,3275.855,0.0001,0.0004
29.01.2020 00:56:46.275 GMT+0100,3276.545,3276.152,0.0001,0.0022
29.01.2020 00:56:46.326 GMT+0100,3276.8,3276.155,0.0001,0.0004
29.01.2020 00:57:03.124 GMT+0100,3276.566,3276.155,0.0007,0.0004
29.01.2020 00:57:03.174 GMT+0100,3276.545,3275.855,0.0001,0.0022
29.01.2020 00:57:10.461 GMT+0100,3276.545,3276.1490000000003,0.0001,0.0022
29.01.2020 00:57:10.511 GMT+0100,3276.848,3276.152,0.0007,0.0004
29.01.2020 00:57:23.229 GMT+0100,3276.563,3276.152,0.0007,0.0004
29.01.2020 00:57:23.280 GMT+0100,3276.563,3275.9,0.003,0.0022
29.01.2020 00:57:23.749 GMT+0100,3276.563,3276.14,0.0001,0.0022
29.01.2020 00:57:23.800 GMT+0100,3276.8540000000003,3276.14,0.0001,0.0029
29.01.2020 00:58:11.047 GMT+0100,3276.554,3276.14,0.0007,0.0007
29.01.2020 00:58:11.097 GMT+0100,3276.554,3275.855,0.0008,0.0026
29.01.2020 00:58:34.703 GMT+0100,3276.348,3275.855,0.0007,0.0004
29.01.2020 00:58:34.754 GMT+0100,3276.348,3275.6459999999997,0.0007,0.0007
29.01.2020 00:58:35.563 GMT+0100,3276.348,3275.846,0.0007,0.0007
29.01.2020 00:58:35.614 GMT+0100,3276.554,3275.855,0.0001,0.0026
29.01.2020 00:58:35.721 GMT+0100,3276.363,3275.855,0.0007,0.0004
29.01.2020 00:58:35.772 GMT+0100,3276.348,3275.6459999999997,0.0001,0.0004
29.01.2020 00:58:42.723 GMT+0100,3276.348,3275.9,0.0001,0.0022
29.01.2020 00:58:42.774 GMT+0100,3276.5,3275.9,0.0007,0.0022
29.01.2020 00:58:44.186 GMT+0100,3276.357,3275.843,0.0007,0.0007
29.01.2020 00:58:44.237 GMT+0100,3276.348,3275.7000000000003,0.0001,0.0004
29.01.2020 00:58:45.775 GMT+0100,3276.348,3275.837,0.0001,0.0022
29.01.2020 00:58:45.826 GMT+0100,3276.548,3275.8520000000003,0.0001,0.0007
29.01.2020 00:59:31.436 GMT+0100,3276.548,3276.14,0.0001,0.0022
29.01.2020 00:59:31.487 GMT+0100,3276.8,3276.2000000000003,0.0007,0.0004
29.01.2020 00:59:31.819 GMT+0100,3276.566,3276.2000000000003,0.0007,0.0004
29.01.2020 00:59:31.870 GMT+0100,3276.548,3275.8520000000003,0.0001,0.0022
29.01.2020 00:59:42.728 GMT+0100,3276.548,3276.137,0.0001,0.0022
29.01.2020 00:59:42.778 GMT+0100,3276.8540000000003,3276.155,0.0007,0.0007
29.01.2020 00:59:44.456 GMT+0100,3276.5570000000002,3276.155,0.0007,0.0007
29.01.2020 00:59:44.506 GMT+0100,3276.554,3275.9,0.0001,0.0004
29.01.2020 00:59:55.021 GMT+0100,3276.554,3276.155,0.0001,0.0022
29.01.2020 00:59:55.071 GMT+0100,3276.8509999999997,3276.2000000000003,0.003,0.0004
29.01.2020 01:00:01.831 GMT+0100,3276.554,3276.2000000000003,0.0007,0.0004
29.01.2020 01:00:01.881 GMT+0100,3276.545,3275.8520000000003,0.0001,0.0007
29.01.2020 01:00:05.039 GMT+0100,3276.36,3275.8520000000003,0.0007,0.0007
29.01.2020 01:00:05.089 GMT+0100,3276.357,3275.655,0.0001,0.0026
29.01.2020 01:00:09.871 GMT+0100,3276.357,3275.8520000000003,0.0001,0.0022
29.01.2020 01:00:09.921 GMT+0100,3276.554,3275.8520000000003,0.0001,0.0029
29.01.2020 01:00:25.129 GMT+0100,3276.554,3276.152,0.0001,0.0022
29.01.2020 01:00:25.179 GMT+0100,3276.848,3276.155,0.0007,0.0004
29.01.2020 01:00:29.576 GMT+0100,3276.8540000000003,3276.349,0.0001,0.0022
29.01.2020 01:00:29.626 GMT+0100,3277.051,3276.3520000000003,0.0007,0.0007
29.01.2020 01:00:45.445 GMT+0100,3276.863,3276.3520000000003,0.0007,0.0007
29.01.2020 01:00:45.496 GMT+0100,3276.848,3276.155,0.0001,0.0026
29.01.2020 01:01:02.595 GMT+0100,3276.5,3275.849,0.0008,0.0029
29.01.2020 01:01:05.331 GMT+0100,3276.5,3276.137,0.0001,0.0022
29.01.2020 01:01:05.382 GMT+0100,3276.8450000000003,3276.152,0.0001,0.0004
29.01.2020 01:01:32.586 GMT+0100,3276.554,3276.152,0.0007,0.0004
29.01.2020 01:01:32.636 GMT+0100,3276.554,3275.9,0.0007,0.0004
29.01.2020 01:01:53.814 GMT+0100,3276.3,3275.7000000000003,0.0001,0.0004
29.01.2020 01:02:01.125 GMT+0100,3275.86,3275.7000000000003,0.0007,0.0004
29.01.2020 01:02:01.176 GMT+0100,3275.857,3275.152,0.0001,0.0007
29.01.2020 01:02:02.308 GMT+0100,3275.56,3275.152,0.0007,0.0007
29.01.2020 01:02:02.359 GMT+0100,3275.56,3274.9,0.0007,0.0007
29.01.2020 01:02:02.790 GMT+0100,3275.566,3275.14,0.0001,0.0022
29.01.2020 01:02:02.840 GMT+0100,3275.8,3275.1490000000003,0.0007,0.0011
29.01.2020 01:02:03.270 GMT+0100,3275.5570000000002,3275.1490000000003,0.0007,0.0011
29.01.2020 01:02:03.321 GMT+0100,3275.545,3274.9,0.0001,0.0004
29.01.2020 01:02:05.042 GMT+0100,3275.8450000000003,3275.143,0.0001,0.0022
29.01.2020 01:02:05.092 GMT+0100,3275.8450000000003,3275.143,0.0001,0.0022
29.01.2020 01:02:06.508 GMT+0100,3275.566,3275.14,0.0007,0.0007
29.01.2020 01:02:06.559 GMT+0100,3275.56,3274.843,0.0001,0.0011
29.01.2020 01:02:07.017 GMT+0100,3275.6,3274.9490000000005,0.0007,0.0022
29.01.2020 01:02:07.165 GMT+0100,3275.6540000000005,3275.152,0.0001,0.0022
29.01.2020 01:02:07.215 GMT+0100,3275.8509999999997,3275.152,0.0001,0.0022
29.01.2020 01:02:08.577 GMT+0100,3275.6540000000005,3275.143,0.0007,0.0004
29.01.2020 01:02:08.627 GMT+0100,3275.6,3274.9490000000005,0.0001,0.0022
29.01.2020 01:02:08.897 GMT+0100,3275.554,3274.94,0.0007,0.0007
29.01.2020 01:02:08.974 GMT+0100,3275.554,3274.849,0.0007,0.0007
29.01.2020 01:02:10.278 GMT+0100,3275.5570000000002,3275.143,0.0001,0.0022
29.01.2020 01:02:10.328 GMT+0100,3275.8509999999997,3275.143,0.003,0.0022
29.01.2020 01:02:16.489 GMT+0100,3275.551,3275.137,0.0007,0.0007
29.01.2020 01:02:16.539 GMT+0100,3275.5,3274.843,0.0001,0.0004
29.01.2020 01:02:17.790 GMT+0100,3275.5,3275.137,0.0001,0.0022
29.01.2020 01:02:17.841 GMT+0100,3275.857,3275.152,0.0001,0.0004
29.01.2020 01:02:46.928 GMT+0100,3275.857,3275.3520000000003,0.0001,0.0022
29.01.2020 01:02:46.978 GMT+0100,3276.048,3275.3520000000003,0.0001,0.0022
29.01.2020 01:02:48.041 GMT+0100,3275.8509999999997,3275.2000000000003,0.0007,0.0026
29.01.2020 01:02:49.789 GMT+0100,3275.86,3275.4,0.0001,0.0022
29.01.2020 01:02:49.839 GMT+0100,3276.048,3275.4,0.0007,0.0022
29.01.2020 01:02:51.282 GMT+0100,3275.8450000000003,3275.346,0.0007,0.0011
29.01.2020 01:02:51.333 GMT+0100,3275.8,3275.1459999999997,0.0001,0.0029
29.01.2020 01:02:53.913 GMT+0100,3275.8,3275.4,0.0001,0.0022
29.01.2020 01:02:53.963 GMT+0100,3276.054,3275.4,0.003,0.0026
29.01.2020 01:02:55.181 GMT+0100,3275.8,3275.4,0.0007,0.0004
29.01.2020 01:02:55.231 GMT+0100,3275.8,3275.1490000000003,0.0007,0.0011
29.01.2020 01:03:00.915 GMT+0100,3276.06,3275.4,0.0007,0.0007
29.01.2020 01:03:20.049 GMT+0100,3276.063,3275.643,0.0001,0.0022
29.01.2020 01:03:20.099 GMT+0100,3276.3540000000003,3275.652,0.0007,0.0007
29.01.2020 01:03:35.049 GMT+0100,3276.366,3275.7459999999996,0.0001,0.0022
29.01.2020 01:03:35.100 GMT+0100,3276.445,3275.755,0.0001,0.0004
29.01.2020 01:03:35.626 GMT+0100,3276.563,3275.855,0.0007,0.0004
29.01.2020 01:03:36.064 GMT+0100,3276.3,3275.855,0.0007,0.0004
29.01.2020 01:03:36.115 GMT+0100,3276.3,3275.643,0.0007,0.0022
29.01.2020 01:03:43.689 GMT+0100,3276.066,3275.64,0.0007,0.0004
29.01.2020 01:03:43.739 GMT+0100,3276,3275.349,0.0001,0.0007
29.01.2020 01:04:00.223 GMT+0100,3276,3275.64,0.0001,0.0022
29.01.2020 01:04:00.274 GMT+0100,3276.348,3275.655,0.0001,0.0007
29.01.2020 01:04:01.515 GMT+0100,3276.048,3275.655,0.0007,0.0007
29.01.2020 01:04:01.565 GMT+0100,3276,3275.3520000000003,0.0001,0.0004
29.01.2020 01:04:03.752 GMT+0100,3275.8,3275.3520000000003,0.0007,0.0004
29.01.2020 01:04:03.803 GMT+0100,3275.8,3275.152,0.0008,0.0004
29.01.2020 01:04:03.913 GMT+0100,3275.8,3275.346,0.0001,0.0022
29.01.2020 01:04:03.963 GMT+0100,3276,3275.346,0.0001,0.0022
29.01.2020 01:04:13.028 GMT+0100,3276.3,3275.6490000000003,0.0007,0.0004
29.01.2020 01:04:13.172 GMT+0100,3276.16,3275.6490000000003,0.0007,0.0004
29.01.2020 01:04:13.223 GMT+0100,3276.16,3275.452,0.0007,0.0004
29.01.2020 01:04:13.493 GMT+0100,3276.1659999999997,3275.64,0.0001,0.0022
29.01.2020 01:04:13.543 GMT+0100,3276.3540000000003,3275.655,0.0007,0.0004
29.01.2020 01:04:17.336 GMT+0100,3276.363,3275.837,0.0001,0.0022
29.01.2020 01:04:17.386 GMT+0100,3276.551,3275.843,0.0007,0.0007
29.01.2020 01:04:18.968 GMT+0100,3276.3509999999997,3275.6459999999997,0.0001,0.0022
29.01.2020 01:04:20.350 GMT+0100,3276.3509999999997,3275.837,0.0001,0.0004
29.01.2020 01:04:20.401 GMT+0100,3276.545,3275.9,0.0001,0.0007
29.01.2020 01:04:20.638 GMT+0100,3276.366,3275.9,0.0007,0.0007
29.01.2020 01:04:20.688 GMT+0100,3276.3509999999997,3275.6490000000003,0.0001,0.0004
29.01.2020 01:04:31.508 GMT+0100,3276.545,3275.9,0.0007,0.0004
29.01.2020 01:04:31.660 GMT+0100,3276.3450000000003,3275.9,0.0007,0.0004
29.01.2020 01:04:31.710 GMT+0100,3276.3450000000003,3275.7000000000003,0.0007,0.0004
29.01.2020 01:04:43.503 GMT+0100,3276.36,3275.84,0.0001,0.0022
29.01.2020 01:04:43.553 GMT+0100,3276.554,3275.843,0.003,0.0004
29.01.2020 01:04:43.663 GMT+0100,3276.366,3275.843,0.0007,0.0004
29.01.2020 01:04:43.713 GMT+0100,3276.3509999999997,3275.652,0.0001,0.0007
29.01.2020 01:04:47.298 GMT+0100,3276.3509999999997,3275.8340000000003,0.0001,0.0022
29.01.2020 01:04:47.348 GMT+0100,3276.548,3275.849,0.0001,0.0004
29.01.2020 01:05:14.601 GMT+0100,3276.366,3275.849,0.0007,0.0004
29.01.2020 01:05:14.651 GMT+0100,3276.3450000000003,3275.6490000000003,0.0001,0.0022
29.01.2020 01:06:12.060 GMT+0100,3276.06,3275.64,0.0007,0.0007
29.01.2020 01:06:12.111 GMT+0100,3276.06,3275.355,0.003,0.0007
29.01.2020 01:06:18.466 GMT+0100,3275.8540000000003,3275.355,0.0007,0.0007
29.01.2020 01:06:18.517 GMT+0100,3275.8540000000003,3275.152,0.0007,0.0033
29.01.2020 01:06:26.124 GMT+0100,3275.554,3275.152,0.0007,0.0011
29.01.2020 01:06:26.175 GMT+0100,3275.548,3274.9,0.0001,0.0007
29.01.2020 01:06:26.285 GMT+0100,3275.36,3274.9,0.0007,0.0007
29.01.2020 01:06:26.336 GMT+0100,3275.36,3274.652,0.003,0.0022
29.01.2020 01:06:26.607 GMT+0100,3275.06,3274.6490000000003,0.0007,0.0007
29.01.2020 01:06:26.657 GMT+0100,3275.048,3274.346,0.0001,0.0004
29.01.2020 01:06:28.573 GMT+0100,3274.8540000000003,3274.346,0.0007,0.0004
29.01.2020 01:06:28.624 GMT+0100,3274.8540000000003,3274.2000000000003,0.0007,0.0004
29.01.2020 01:06:29.213 GMT+0100,3274.857,3274.346,0.0001,0.0022
29.01.2020 01:06:29.263 GMT+0100,3275,3274.346,0.0007,0.0022
29.01.2020 01:06:32.131 GMT+0100,3275.048,3274.655,0.0001,0.0022
29.01.2020 01:06:32.181 GMT+0100,3275.3509999999997,3274.655,0.0007,0.0022
29.01.2020 01:06:34.042 GMT+0100,3275.357,3274.855,0.0001,0.0022
29.01.2020 01:06:34.092 GMT+0100,3275.548,3274.855,0.0001,0.0022
29.01.2020 01:06:43.403 GMT+0100,3275.3450000000003,3274.846,0.0007,0.0007
29.01.2020 01:06:43.454 GMT+0100,3275.3450000000003,3274.655,0.0007,0.0007
29.01.2020 01:06:49.774 GMT+0100,3275.0570000000002,3274.655,0.0007,0.0007
29.01.2020 01:06:49.825 GMT+0100,3275.0570000000002,3274.4,0.0007,0.0004
29.01.2020 01:06:51.504 GMT+0100,3275.06,3274.6490000000003,0.0001,0.0022
29.01.2020 01:06:51.554 GMT+0100,3275.3509999999997,3274.7000000000003,0.0001,0.0007
29.01.2020 01:06:58.257 GMT+0100,3275.3509999999997,3274.84,0.0001,0.0022
29.01.2020 01:06:58.307 GMT+0100,3275.5570000000002,3274.849,0.0007,0.0007
29.01.2020 01:07:01.172 GMT+0100,3275.8509999999997,3275.2000000000003,0.0007,0.0007
29.01.2020 01:07:05.707 GMT+0100,3275.866,3275.3340000000003,0.0001,0.0022
29.01.2020 01:07:05.758 GMT+0100,3276.051,3275.355,0.0007,0.0007
29.01.2020 01:07:06.200 GMT+0100,3275.857,3275.355,0.0007,0.0007
29.01.2020 01:07:06.250 GMT+0100,3275.8509999999997,3275.155,0.0001,0.0022
29.01.2020 01:07:07.598 GMT+0100,3275.554,3275.1459999999997,0.0007,0.0007
29.01.2020 01:07:07.649 GMT+0100,3275.551,3274.849,0.0001,0.0004
29.01.2020 01:07:14.401 GMT+0100,3275.3,3274.6490000000003,0.0007,0.0011
29.01.2020 01:07:24.410 GMT+0100,3275.3450000000003,3274.837,0.0001,0.0022
29.01.2020 01:07:24.461 GMT+0100,3275.548,3274.849,0.0007,0.0004
29.01.2020 01:07:24.827 GMT+0100,3275.348,3274.849,0.0007,0.0004
29.01.2020 01:07:24.877 GMT+0100,3275.348,3274.7000000000003,0.0007,0.0022
29.01.2020 01:07:41.623 GMT+0100,3275.063,3274.655,0.0007,0.0004
29.01.2020 01:07:41.673 GMT+0100,3275,3274.3520000000003,0.0001,0.0007
29.01.2020 01:07:52.066 GMT+0100,3275.1,3274.4429999999998,0.0001,0.0022
29.01.2020 01:07:52.240 GMT+0100,3275.0570000000002,3274.4370000000004,0.0007,0.0011
29.01.2020 01:07:52.290 GMT+0100,3275.0570000000002,3274.349,0.0007,0.0026
29.01.2020 01:07:52.941 GMT+0100,3275.066,3274.4490000000005,0.0001,0.0022
29.01.2020 01:07:52.991 GMT+0100,3275.157,3274.4490000000005,0.0001,0.0022
29.01.2020 01:07:53.189 GMT+0100,3275.157,3274.6340000000005,0.0001,0.0022
29.01.2020 01:07:53.239 GMT+0100,3275.348,3274.7000000000003,0.0001,0.0007
29.01.2020 01:07:55.365 GMT+0100,3275,3274.355,0.0001,0.0004
29.01.2020 01:08:00.094 GMT+0100,3275,3274.6459999999997,0.0001,0.0022
29.01.2020 01:08:00.145 GMT+0100,3275.3509999999997,3274.6459999999997,0.0001,0.0022
29.01.2020 01:08:01.664 GMT+0100,3275.06,3274.64,0.0007,0.0007
29.01.2020 01:08:01.714 GMT+0100,3275,3274.4,0.0001,0.0022
29.01.2020 01:08:06.480 GMT+0100,3275,3274.64,0.0001,0.0022
29.01.2020 01:08:06.531 GMT+0100,3275.348,3274.64,0.0007,0.0029
29.01.2020 01:08:15.541 GMT+0100,3275.56,3274.9,0.0007,0.0004
29.01.2020 01:08:20.553 GMT+0100,3275.566,3275.137,0.0001,0.0022
29.01.2020 01:08:20.604 GMT+0100,3275.8,3275.143,0.0001,0.0004
29.01.2020 01:08:26.910 GMT+0100,3275.548,3275.143,0.0007,0.0004
29.01.2020 01:08:26.960 GMT+0100,3275.5,3274.849,0.0001,0.0022
29.01.2020 01:08:35.221 GMT+0100,3275.366,3274.84,0.0007,0.0007
29.01.2020 01:08:35.271 GMT+0100,3275.36,3274.6490000000003,0.0001,0.0022
29.01.2020 01:08:37.570 GMT+0100,3275.0570000000002,3274.6340000000005,0.0007,0.0011
29.01.2020 01:08:37.660 GMT+0100,3275.054,3274.355,0.0001,0.0022
29.01.2020 01:08:39.811 GMT+0100,3274.86,3274.346,0.0007,0.0007
29.01.2020 01:08:39.861 GMT+0100,3274.86,3274.1459999999997,0.0007,0.0004
29.01.2020 01:08:41.660 GMT+0100,3274.866,3274.3340000000003,0.0001,0.0022
29.01.2020 01:08:41.711 GMT+0100,3275.06,3274.3520000000003,0.0007,0.0004
29.01.2020 01:08:41.983 GMT+0100,3274.848,3274.3520000000003,0.0007,0.0004
29.01.2020 01:08:42.034 GMT+0100,3274.848,3274.2000000000003,0.0007,0.0022
29.01.2020 01:08:42.142 GMT+0100,3274.86,3274.355,0.0001,0.0022
29.01.2020 01:08:42.193 GMT+0100,3275.054,3274.355,0.0007,0.0029
29.01.2020 01:08:42.943 GMT+0100,3274.8450000000003,3274.155,0.0001,0.0026
29.01.2020 01:08:46.471 GMT+0100,3274.8450000000003,3274.343,0.0001,0.0022
29.01.2020 01:08:46.521 GMT+0100,3275.048,3274.3520000000003,0.0001,0.0004
29.01.2020 01:08:56.147 GMT+0100,3274.8509999999997,3274.2000000000003,0.0008,0.0004
29.01.2020 01:09:00.248 GMT+0100,3274.8509999999997,3274.3520000000003,0.0001,0.0022
29.01.2020 01:09:00.298 GMT+0100,3275.048,3274.3520000000003,0.0007,0.0022
29.01.2020 01:09:09.378 GMT+0100,3274.8540000000003,3274.346,0.0007,0.0004
29.01.2020 01:09:09.429 GMT+0100,3274.8540000000003,3274.1490000000003,0.0007,0.0007
29.01.2020 01:09:20.415 GMT+0100,3274.651,3274.1490000000003,0.0007,0.0007
29.01.2020 01:09:20.466 GMT+0100,3274.651,3273.946,0.0007,0.0022
29.01.2020 01:09:20.577 GMT+0100,3274.56,3273.94,0.0007,0.0004
29.01.2020 01:09:20.628 GMT+0100,3274.56,3273.8520000000003,0.0008,0.0022
29.01.2020 01:09:20.736 GMT+0100,3274.56,3274.152,0.0001,0.0022
29.01.2020 01:09:20.786 GMT+0100,3274.8450000000003,3274.155,0.0001,0.0007
29.01.2020 01:09:29.104 GMT+0100,3274.8450000000003,3274.343,0.0001,0.0022
29.01.2020 01:09:29.155 GMT+0100,3275.045,3274.355,0.0007,0.0004
29.01.2020 01:09:37.099 GMT+0100,3274.86,3274.1490000000003,0.0007,0.0022
29.01.2020 01:09:37.785 GMT+0100,3274.863,3274.349,0.0001,0.0022
29.01.2020 01:09:37.836 GMT+0100,3275.051,3274.355,0.0007,0.0004
29.01.2020 01:09:45.813 GMT+0100,3275.051,3274.349,0.0007,0.0029
