Local time,Ask,Bid,AskVolume,BidVolume
29.01.2020 00:00:00.090 GMT+0100,161.032,160.996,0.0205,0.0195
29.01.2020 00:00:00.195 GMT+0100,161.035,160.996,0.0205,0.0195
29.01.2020 00:00:00.709 GMT+0100,161.037,160.995,0.0205,0.0195
29.01.2020 00:00:01.468 GMT+0100,161.035,160.998,0.0205,0.0195
29.01.2020 00:00:02.082 GMT+0100,161.035,160.999,0.0205,0.0195
29.01.2020 00:00:02.764 GMT+0100,161.061,161.031,0.0205,0.0195
29.01.2020 00:00:03.701 GMT+0100,161.06799999999998,161.028,0.0205,0.0195
29.01.2020 00:00:04.236 GMT+0100,161.065,161.03,0.0205,0.0195
29.01.2020 00:00:06.083 GMT+0100,161.067,161.028,0.0205,0.0195
29.01.2020 00:00:10.682 GMT+0100,161.035,160.999,0.0205,0.0195
29.01.2020 00:00:10.732 GMT+0100,161.067,161.028,0.0205,0.0195
29.01.2020 00:00:11.316 GMT+0100,161.03,160.998,0.0205,0.0195
29.01.2020 00:00:11.787 GMT+0100,161.037,160.997,0.0205,0.0195
29.01.2020 00:00:16.301 GMT+0100,161.035,161.002,0.0205,0.0195
29.01.2020 00:00:20.638 GMT+0100,161.002,160.965,0.0205,0.0195
29.01.2020 00:00:21.519 GMT+0100,161.032,160.995,0.0205,0.0195
29.01.2020 00:00:21.592 GMT+0100,161.004,160.964,0.0205,0.0195
29.01.2020 00:00:22.495 GMT+0100,161.001,160.964,0.0205,0.0195
29.01.2020 00:00:33.223 GMT+0100,161.002,160.971,0.0205,0.0195
29.01.2020 00:00:41.251 GMT+0100,161.001,160.964,0.0205,0.0195
29.01.2020 00:01:05.686 GMT+0100,161.034,161.002,0.0205,0.0195
29.01.2020 00:01:06.418 GMT+0100,161.03,160.996,0.0205,0.0195
29.01.2020 00:01:08.356 GMT+0100,161.004,160.971,0.0205,0.0195
29.01.2020 00:01:08.666 GMT+0100,161.019,160.98700000000002,0.0205,0.0195
29.01.2020 00:01:09.582 GMT+0100,161.003,160.971,0.0205,0.0195
29.01.2020 00:01:10.471 GMT+0100,161.02,160.98700000000002,0.0205,0.0195
29.01.2020 00:01:10.690 GMT+0100,161.034,160.997,0.0205,0.0195
29.01.2020 00:01:11.034 GMT+0100,161.033,160.996,0.0205,0.0195
29.01.2020 00:01:13.272 GMT+0100,161.037,160.998,0.0205,0.0195
29.01.2020 00:01:25.834 GMT+0100,161.035,160.996,0.0205,0.0195
29.01.2020 00:01:32.090 GMT+0100,161.067,161.031,0.0205,0.0195
29.01.2020 00:01:32.240 GMT+0100,161.049,161.01500000000001,0.0205,0.0195
29.01.2020 00:01:32.761 GMT+0100,161.05100000000002,161.01600000000002,0.0205,0.0195
29.01.2020 00:01:32.963 GMT+0100,161.063,161.026,0.0205,0.0195
29.01.2020 00:01:33.433 GMT+0100,161.063,161.03,0.0205,0.0195
29.01.2020 00:01:38.516 GMT+0100,161.067,161.031,0.0205,0.0195
29.01.2020 00:01:43.932 GMT+0100,161.066,161.02700000000002,0.0205,0.0195
29.01.2020 00:01:45.718 GMT+0100,161.06799999999998,161.028,0.0205,0.0195
29.01.2020 00:01:58.633 GMT+0100,161.06799999999998,161.031,0.0205,0.0195
29.01.2020 00:02:35.145 GMT+0100,161.097,161.059,0.0205,0.0195
29.01.2020 00:02:35.406 GMT+0100,161.097,161.058,0.0205,0.0195
29.01.2020 00:02:53.426 GMT+0100,161.1,161.063,0.0205,0.0195
29.01.2020 00:02:55.696 GMT+0100,161.09799999999998,161.063,0.0205,0.0195
29.01.2020 00:02:55.880 GMT+0100,161.099,161.059,0.0205,0.0195
29.01.2020 00:03:00.260 GMT+0100,161.099,161.065,0.0205,0.0195
29.01.2020 00:03:04.830 GMT+0100,161.097,161.065,0.0205,0.0195
29.01.2020 00:03:08.050 GMT+0100,161.131,161.092,0.0205,0.0195
29.01.2020 00:03:08.671 GMT+0100,161.13,161.096,0.0205,0.0195
29.01.2020 00:03:16.464 GMT+0100,161.127,161.089,0.0205,0.0195
29.01.2020 00:03:17.478 GMT+0100,161.126,161.09,0.0205,0.0195
29.01.2020 00:03:18.314 GMT+0100,161.126,161.094,0.0205,0.0195
29.01.2020 00:03:19.092 GMT+0100,161.127,161.096,0.0205,0.0195
29.01.2020 00:03:19.421 GMT+0100,161.129,161.089,0.0205,0.0195
29.01.2020 00:03:21.507 GMT+0100,161.126,161.092,0.0205,0.0195
29.01.2020 00:03:47.194 GMT+0100,161.124,161.094,0.0205,0.0195
29.01.2020 00:03:47.579 GMT+0100,161.126,161.09,0.0205,0.0195
29.01.2020 00:03:47.712 GMT+0100,161.096,161.063,0.0205,0.0195
29.01.2020 00:03:48.395 GMT+0100,161.097,161.063,0.0205,0.0195
29.01.2020 00:03:57.535 GMT+0100,161.127,161.089,0.0205,0.0195
29.01.2020 00:03:57.586 GMT+0100,161.097,161.065,0.0205,0.0195
29.01.2020 00:04:06.562 GMT+0100,161.1,161.062,0.0205,0.0195
29.01.2020 00:04:08.680 GMT+0100,161.093,161.058,0.0205,0.0195
29.01.2020 00:04:11.104 GMT+0100,161.093,161.063,0.0205,0.0195
29.01.2020 00:04:16.098 GMT+0100,161.097,161.06,0.0205,0.0195
29.01.2020 00:04:16.895 GMT+0100,161.096,161.059,0.0205,0.0195
29.01.2020 00:04:17.775 GMT+0100,161.128,161.091,0.0205,0.0195
29.01.2020 00:04:18.346 GMT+0100,161.1,161.06,0.0205,0.0195
29.01.2020 00:04:26.903 GMT+0100,161.097,161.065,0.0205,0.0195
29.01.2020 00:04:27.077 GMT+0100,161.124,161.09,0.0205,0.0195
29.01.2020 00:04:28.655 GMT+0100,161.13,161.091,0.0205,0.0195
29.01.2020 00:04:30.147 GMT+0100,161.126,161.09,0.0205,0.0195
29.01.2020 00:04:32.593 GMT+0100,161.128,161.094,0.0205,0.0195
29.01.2020 00:04:35.407 GMT+0100,161.13,161.096,0.0205,0.0195
29.01.2020 00:04:38.267 GMT+0100,161.124,161.089,0.0205,0.0195
29.01.2020 00:04:38.318 GMT+0100,161.16,161.12,0.0205,0.0195
29.01.2020 00:04:38.488 GMT+0100,161.14700000000002,161.108,0.0205,0.0195
29.01.2020 00:04:38.626 GMT+0100,161.126,161.093,0.0205,0.0195
29.01.2020 00:04:39.626 GMT+0100,161.126,161.09,0.0205,0.0195
29.01.2020 00:04:42.884 GMT+0100,161.143,161.105,0.0205,0.0195
29.01.2020 00:04:43.039 GMT+0100,161.159,161.12,0.0205,0.0195
29.01.2020 00:04:43.522 GMT+0100,161.155,161.122,0.0205,0.0195
29.01.2020 00:04:46.447 GMT+0100,161.16,161.127,0.0205,0.0195
29.01.2020 00:04:51.990 GMT+0100,161.158,161.121,0.0205,0.0195
29.01.2020 00:04:55.861 GMT+0100,161.157,161.121,0.0205,0.0195
29.01.2020 00:05:01.029 GMT+0100,161.158,161.123,0.0205,0.0195
29.01.2020 00:05:15.370 GMT+0100,161.16,161.122,0.0205,0.0195
29.01.2020 00:05:17.810 GMT+0100,161.16,161.125,0.0205,0.0195
29.01.2020 00:05:22.991 GMT+0100,161.17100000000002,161.14000000000001,0.0205,0.0195
29.01.2020 00:05:23.132 GMT+0100,161.157,161.124,0.0205,0.0195
29.01.2020 00:05:23.993 GMT+0100,161.161,161.122,0.0205,0.0195
29.01.2020 00:05:24.785 GMT+0100,161.178,161.14100000000002,0.0205,0.0195
29.01.2020 00:05:25.616 GMT+0100,161.155,161.12,0.0205,0.0195
29.01.2020 00:05:31.920 GMT+0100,161.191,161.158,0.0205,0.0195
29.01.2020 00:05:32.096 GMT+0100,161.16,161.121,0.0205,0.0195
29.01.2020 00:05:32.332 GMT+0100,161.188,161.155,0.0205,0.0195
29.01.2020 00:05:32.966 GMT+0100,161.192,161.15200000000002,0.0205,0.0195
29.01.2020 00:05:33.751 GMT+0100,161.22,161.188,0.0205,0.0195
29.01.2020 00:05:33.869 GMT+0100,161.22299999999998,161.188,0.0205,0.0195
29.01.2020 00:05:34.633 GMT+0100,161.22299999999998,161.186,0.0205,0.0195
29.01.2020 00:05:36.464 GMT+0100,161.22,161.185,0.0205,0.0195
29.01.2020 00:05:36.993 GMT+0100,161.22299999999998,161.184,0.0205,0.0195
29.01.2020 00:05:40.293 GMT+0100,161.225,161.188,0.0205,0.0195
29.01.2020 00:05:43.814 GMT+0100,161.225,161.186,0.0205,0.0195
29.01.2020 00:05:44.480 GMT+0100,161.224,161.184,0.0205,0.0195
29.01.2020 00:05:46.437 GMT+0100,161.222,161.185,0.0205,0.0195
29.01.2020 00:05:50.308 GMT+0100,161.255,161.215,0.0205,0.0195
29.01.2020 00:05:50.415 GMT+0100,161.225,161.186,0.0205,0.0195
29.01.2020 00:05:51.514 GMT+0100,161.218,161.19,0.0205,0.0195
29.01.2020 00:05:57.078 GMT+0100,161.224,161.19,0.0205,0.0195
29.01.2020 00:05:59.460 GMT+0100,161.218,161.19,0.0205,0.0195
29.01.2020 00:06:04.366 GMT+0100,161.22,161.183,0.0205,0.0195
29.01.2020 00:06:07.030 GMT+0100,161.222,161.19,0.0205,0.0195
29.01.2020 00:06:07.081 GMT+0100,161.252,161.214,0.0205,0.0195
29.01.2020 00:06:08.566 GMT+0100,161.251,161.215,0.0205,0.0195
29.01.2020 00:06:10.198 GMT+0100,161.251,161.218,0.0205,0.0195
29.01.2020 00:06:17.753 GMT+0100,161.251,161.217,0.0205,0.0195
29.01.2020 00:06:18.305 GMT+0100,161.251,161.215,0.0205,0.0195
29.01.2020 00:06:19.624 GMT+0100,161.249,161.215,0.0205,0.0195
29.01.2020 00:06:20.701 GMT+0100,161.255,161.219,0.0205,0.0195
29.01.2020 00:06:24.138 GMT+0100,161.256,161.215,0.0205,0.0195
29.01.2020 00:06:27.240 GMT+0100,161.249,161.214,0.0205,0.0195
29.01.2020 00:06:35.275 GMT+0100,161.253,161.219,0.0205,0.0195
29.01.2020 00:06:37.647 GMT+0100,161.255,161.218,0.0205,0.0195
29.01.2020 00:06:38.753 GMT+0100,161.255,161.215,0.0205,0.0195
29.01.2020 00:06:40.357 GMT+0100,161.256,161.215,0.0205,0.0195
29.01.2020 00:06:41.875 GMT+0100,161.255,161.218,0.0205,0.0195
29.01.2020 00:06:43.388 GMT+0100,161.22,161.188,0.0205,0.0195
29.01.2020 00:06:43.556 GMT+0100,161.222,161.186,0.0205,0.0195
29.01.2020 00:06:44.057 GMT+0100,161.225,161.184,0.0205,0.0195
29.01.2020 00:06:46.113 GMT+0100,161.224,161.188,0.0205,0.0195
29.01.2020 00:06:59.466 GMT+0100,161.221,161.186,0.0205,0.0195
29.01.2020 00:07:00.597 GMT+0100,161.23700000000002,161.199,0.0205,0.0195
29.01.2020 00:07:01.633 GMT+0100,161.251,161.216,0.0205,0.0195
29.01.2020 00:07:04.104 GMT+0100,161.218,161.188,0.0205,0.0195
29.01.2020 00:07:22.169 GMT+0100,161.22,161.19,0.0205,0.0195
29.01.2020 00:07:33.647 GMT+0100,161.221,161.187,0.0205,0.0195
29.01.2020 00:08:37.612 GMT+0100,161.218,161.19,0.0205,0.0195
29.01.2020 00:08:42.631 GMT+0100,161.251,161.218,0.0205,0.0195
29.01.2020 00:08:43.696 GMT+0100,161.254,161.216,0.0205,0.0195
29.01.2020 00:08:44.079 GMT+0100,161.255,161.218,0.0205,0.0195
29.01.2020 00:08:45.762 GMT+0100,161.255,161.221,0.0205,0.0195
29.01.2020 00:08:48.830 GMT+0100,161.251,161.215,0.0205,0.0195
29.01.2020 00:08:50.955 GMT+0100,161.222,161.187,0.0205,0.0195
29.01.2020 00:08:52.069 GMT+0100,161.22,161.187,0.0205,0.0195
29.01.2020 00:08:59.459 GMT+0100,161.225,161.19,0.0205,0.0195
29.01.2020 00:09:05.967 GMT+0100,161.224,161.183,0.0205,0.0195
29.01.2020 00:09:08.484 GMT+0100,161.218,161.188,0.0205,0.0195
29.01.2020 00:09:21.924 GMT+0100,161.251,161.215,0.0205,0.0195
29.01.2020 00:09:22.415 GMT+0100,161.251,161.217,0.0205,0.0195
29.01.2020 00:09:24.834 GMT+0100,161.225,161.185,0.0205,0.0195
29.01.2020 00:09:27.734 GMT+0100,161.22299999999998,161.183,0.0205,0.0195
29.01.2020 00:09:37.996 GMT+0100,161.218,161.19,0.0205,0.0195
29.01.2020 00:10:33.185 GMT+0100,161.224,161.188,0.0205,0.0195
29.01.2020 00:10:39.992 GMT+0100,161.224,161.183,0.0205,0.0195
29.01.2020 00:10:40.261 GMT+0100,161.256,161.219,0.0205,0.0195
29.01.2020 00:10:41.173 GMT+0100,161.253,161.218,0.0205,0.0195
29.01.2020 00:11:08.223 GMT+0100,161.253,161.216,0.0205,0.0195
29.01.2020 00:11:15.848 GMT+0100,161.252,161.218,0.0205,0.0195
29.01.2020 00:11:18.214 GMT+0100,161.249,161.216,0.0205,0.0195
29.01.2020 00:11:26.554 GMT+0100,161.252,161.214,0.0205,0.0195
29.01.2020 00:11:36.746 GMT+0100,161.284,161.25,0.0205,0.0195
29.01.2020 00:11:37.071 GMT+0100,161.285,161.246,0.0205,0.0195
29.01.2020 00:11:47.218 GMT+0100,161.256,161.218,0.0205,0.0195
29.01.2020 00:11:47.900 GMT+0100,161.252,161.216,0.0205,0.0195
29.01.2020 00:11:50.712 GMT+0100,161.255,161.221,0.0205,0.0195
29.01.2020 00:12:11.841 GMT+0100,161.252,161.219,0.0205,0.0195
29.01.2020 00:12:12.717 GMT+0100,161.249,161.221,0.0205,0.0195
29.01.2020 00:12:27.852 GMT+0100,161.256,161.215,0.0205,0.0195
29.01.2020 00:12:35.340 GMT+0100,161.254,161.216,0.0205,0.0195
29.01.2020 00:13:00.441 GMT+0100,161.249,161.217,0.0205,0.0195
29.01.2020 00:13:06.573 GMT+0100,161.254,161.219,0.0205,0.0195
29.01.2020 00:13:23.582 GMT+0100,161.282,161.25,0.0205,0.0195
29.01.2020 00:13:27.704 GMT+0100,161.282,161.252,0.0205,0.0195
29.01.2020 00:13:31.144 GMT+0100,161.284,161.247,0.0205,0.0195
29.01.2020 00:13:31.355 GMT+0100,161.283,161.25,0.0205,0.0195
29.01.2020 00:13:44.853 GMT+0100,161.31799999999998,161.27700000000002,0.0205,0.0195
29.01.2020 00:13:45.461 GMT+0100,161.311,161.278,0.0205,0.0195
29.01.2020 00:13:53.666 GMT+0100,161.31799999999998,161.278,0.0205,0.0195
29.01.2020 00:14:06.022 GMT+0100,161.317,161.278,0.0205,0.0195
29.01.2020 00:14:06.861 GMT+0100,161.284,161.245,0.0205,0.0195
29.01.2020 00:14:07.697 GMT+0100,161.284,161.25,0.0205,0.0195
29.01.2020 00:14:55.592 GMT+0100,161.28,161.247,0.0205,0.0195
29.01.2020 00:15:05.032 GMT+0100,161.282,161.25,0.0205,0.0195
29.01.2020 00:15:05.255 GMT+0100,161.285,161.252,0.0205,0.0195
29.01.2020 00:15:19.877 GMT+0100,161.283,161.25,0.0205,0.0195
29.01.2020 00:15:21.488 GMT+0100,161.285,161.248,0.0205,0.0195
29.01.2020 00:15:34.954 GMT+0100,161.28,161.25,0.0205,0.0195
29.01.2020 00:15:41.019 GMT+0100,161.28,161.248,0.0205,0.0195
29.01.2020 00:15:42.803 GMT+0100,161.287,161.252,0.0205,0.0195
29.01.2020 00:16:31.650 GMT+0100,161.285,161.247,0.0205,0.0195
29.01.2020 00:16:53.497 GMT+0100,161.285,161.252,0.0205,0.0195
29.01.2020 00:16:53.699 GMT+0100,161.28,161.245,0.0205,0.0195
29.01.2020 00:17:01.832 GMT+0100,161.284,161.249,0.0205,0.0195
29.01.2020 00:17:05.868 GMT+0100,161.282,161.252,0.0205,0.0195
29.01.2020 00:17:27.714 GMT+0100,161.254,161.214,0.0205,0.0195
29.01.2020 00:17:29.648 GMT+0100,161.254,161.218,0.0205,0.0195
29.01.2020 00:17:36.882 GMT+0100,161.256,161.221,0.0205,0.0195
29.01.2020 00:17:52.548 GMT+0100,161.253,161.215,0.0205,0.0195
29.01.2020 00:18:01.151 GMT+0100,161.254,161.218,0.0205,0.0195
29.01.2020 00:18:03.748 GMT+0100,161.253,161.215,0.0205,0.0195
29.01.2020 00:18:03.869 GMT+0100,161.253,161.216,0.0205,0.0195
29.01.2020 00:18:04.900 GMT+0100,161.253,161.214,0.0205,0.0195
29.01.2020 00:18:23.981 GMT+0100,161.251,161.215,0.0205,0.0195
29.01.2020 00:18:30.353 GMT+0100,161.23600000000002,161.202,0.0205,0.0195
29.01.2020 00:18:30.469 GMT+0100,161.251,161.216,0.0205,0.0195
29.01.2020 00:18:32.201 GMT+0100,161.251,161.219,0.0205,0.0195
29.01.2020 00:18:34.953 GMT+0100,161.249,161.215,0.0205,0.0195
29.01.2020 00:18:38.645 GMT+0100,161.233,161.205,0.0205,0.0195
29.01.2020 00:18:38.746 GMT+0100,161.221,161.186,0.0205,0.0195
29.01.2020 00:18:39.303 GMT+0100,161.225,161.187,0.0205,0.0195
29.01.2020 00:18:42.518 GMT+0100,161.221,161.185,0.0205,0.0195
29.01.2020 00:19:28.031 GMT+0100,161.224,161.187,0.0205,0.0195
29.01.2020 00:19:54.048 GMT+0100,161.253,161.221,0.0205,0.0195
29.01.2020 00:19:54.637 GMT+0100,161.255,161.219,0.0205,0.0195
29.01.2020 00:19:55.506 GMT+0100,161.251,161.218,0.0205,0.0195
29.01.2020 00:19:55.856 GMT+0100,161.255,161.215,0.0205,0.0195
29.01.2020 00:19:56.813 GMT+0100,161.253,161.219,0.0205,0.0195
29.01.2020 00:20:18.967 GMT+0100,161.254,161.218,0.0205,0.0195
29.01.2020 00:20:43.059 GMT+0100,161.251,161.221,0.0205,0.0195
29.01.2020 00:20:53.147 GMT+0100,161.252,161.221,0.0205,0.0195
29.01.2020 00:20:53.644 GMT+0100,161.252,161.216,0.0205,0.0195
29.01.2020 00:21:01.330 GMT+0100,161.224,161.187,0.0205,0.0195
29.01.2020 00:21:01.497 GMT+0100,161.221,161.188,0.0205,0.0195
29.01.2020 00:21:13.456 GMT+0100,161.224,161.188,0.0205,0.0195
29.01.2020 00:21:15.376 GMT+0100,161.22299999999998,161.188,0.0205,0.0195
29.01.2020 00:21:58.384 GMT+0100,161.255,161.215,0.0205,0.0195
29.01.2020 00:21:59.539 GMT+0100,161.255,161.214,0.0205,0.0195
29.01.2020 00:22:11.183 GMT+0100,161.254,161.214,0.0205,0.0195
29.01.2020 00:22:17.988 GMT+0100,161.268,161.231,0.0205,0.0195
29.01.2020 00:22:18.090 GMT+0100,161.249,161.214,0.0205,0.0195
29.01.2020 00:22:21.735 GMT+0100,161.254,161.215,0.0205,0.0195
29.01.2020 00:22:25.113 GMT+0100,161.254,161.221,0.0205,0.0195
29.01.2020 00:24:17.042 GMT+0100,161.282,161.252,0.0205,0.0195
29.01.2020 00:24:18.031 GMT+0100,161.28,161.245,0.0205,0.0195
29.01.2020 00:24:24.257 GMT+0100,161.287,161.25,0.0205,0.0195
29.01.2020 00:24:24.641 GMT+0100,161.287,161.246,0.0205,0.0195
29.01.2020 00:25:33.940 GMT+0100,161.286,161.249,0.0205,0.0195
29.01.2020 00:25:34.550 GMT+0100,161.285,161.248,0.0205,0.0195
29.01.2020 00:26:21.202 GMT+0100,161.283,161.25,0.0205,0.0195
29.01.2020 00:26:39.327 GMT+0100,161.255,161.216,0.0205,0.0195
29.01.2020 00:26:40.899 GMT+0100,161.253,161.216,0.0205,0.0195
29.01.2020 00:27:16.935 GMT+0100,161.252,161.217,0.0205,0.0195
29.01.2020 00:28:16.330 GMT+0100,161.256,161.216,0.0205,0.0195
29.01.2020 00:28:46.603 GMT+0100,161.251,161.215,0.0205,0.0195
29.01.2020 00:28:58.389 GMT+0100,161.249,161.221,0.0205,0.0195
29.01.2020 00:29:46.217 GMT+0100,161.256,161.216,0.0205,0.0195
29.01.2020 00:29:47.358 GMT+0100,161.249,161.214,0.0205,0.0195
29.01.2020 00:30:18.388 GMT+0100,161.221,161.185,0.0205,0.0195
29.01.2020 00:30:18.658 GMT+0100,161.222,161.19,0.0205,0.0195
29.01.2020 00:30:20.832 GMT+0100,161.22299999999998,161.183,0.0205,0.0195
29.01.2020 00:30:29.192 GMT+0100,161.225,161.185,0.0205,0.0195
29.01.2020 00:30:46.065 GMT+0100,161.225,161.184,0.0205,0.0195
29.01.2020 00:30:58.246 GMT+0100,161.222,161.187,0.0205,0.0195
29.01.2020 00:31:11.717 GMT+0100,161.224,161.188,0.0205,0.0195
29.01.2020 00:31:11.910 GMT+0100,161.189,161.15200000000002,0.0205,0.0195
29.01.2020 00:31:12.327 GMT+0100,161.192,161.153,0.0205,0.0195
29.01.2020 00:32:10.884 GMT+0100,161.155,161.122,0.0205,0.0195
29.01.2020 00:32:11.198 GMT+0100,161.162,161.122,0.0205,0.0195
29.01.2020 00:32:12.032 GMT+0100,161.192,161.15200000000002,0.0205,0.0195
29.01.2020 00:32:13.854 GMT+0100,161.19,161.155,0.0205,0.0195
29.01.2020 00:32:35.811 GMT+0100,161.186,161.158,0.0205,0.0195
29.01.2020 00:32:37.506 GMT+0100,161.191,161.154,0.0205,0.0195
29.01.2020 00:32:57.495 GMT+0100,161.186,161.153,0.0205,0.0195
29.01.2020 00:32:57.786 GMT+0100,161.189,161.156,0.0205,0.0195
29.01.2020 00:33:03.180 GMT+0100,161.19,161.155,0.0205,0.0195
29.01.2020 00:33:15.310 GMT+0100,161.189,161.153,0.0205,0.0195
29.01.2020 00:33:16.422 GMT+0100,161.20600000000002,161.169,0.0205,0.0195
29.01.2020 00:33:16.534 GMT+0100,161.188,161.151,0.0205,0.0195
29.01.2020 00:33:18.019 GMT+0100,161.192,161.15200000000002,0.0205,0.0195
29.01.2020 00:33:18.175 GMT+0100,161.205,161.172,0.0205,0.0195
29.01.2020 00:33:20.659 GMT+0100,161.208,161.17000000000002,0.0205,0.0195
29.01.2020 00:33:20.893 GMT+0100,161.222,161.19,0.0205,0.0195
29.01.2020 00:33:22.777 GMT+0100,161.224,161.186,0.0205,0.0195
29.01.2020 00:33:23.233 GMT+0100,161.224,161.183,0.0205,0.0195
29.01.2020 00:33:24.418 GMT+0100,161.22,161.183,0.0205,0.0195
29.01.2020 00:33:26.411 GMT+0100,161.22299999999998,161.185,0.0205,0.0195
29.01.2020 00:33:46.583 GMT+0100,161.224,161.183,0.0205,0.0195
29.01.2020 00:33:47.237 GMT+0100,161.224,161.19,0.0205,0.0195
29.01.2020 00:34:18.808 GMT+0100,161.189,161.15200000000002,0.0205,0.0195
29.01.2020 00:34:19.869 GMT+0100,161.188,161.151,0.0205,0.0195
29.01.2020 00:34:50.508 GMT+0100,161.20600000000002,161.167,0.0205,0.0195
29.01.2020 00:34:50.761 GMT+0100,161.22,161.186,0.0205,0.0195
29.01.2020 00:34:52.543 GMT+0100,161.221,161.184,0.0205,0.0195
29.01.2020 00:35:03.383 GMT+0100,161.218,161.19,0.0205,0.0195
29.01.2020 00:35:18.055 GMT+0100,161.221,161.187,0.0205,0.0195
29.01.2020 00:35:19.766 GMT+0100,161.22,161.19,0.0205,0.0195
29.01.2020 00:35:25.707 GMT+0100,161.225,161.183,0.0205,0.0195
29.01.2020 00:35:33.858 GMT+0100,161.224,161.187,0.0205,0.0195
29.01.2020 00:35:41.348 GMT+0100,161.225,161.186,0.0205,0.0195
29.01.2020 00:35:49.360 GMT+0100,161.222,161.19,0.0205,0.0195
29.01.2020 00:35:56.831 GMT+0100,161.224,161.19,0.0205,0.0195
29.01.2020 00:35:56.973 GMT+0100,161.225,161.19,0.0205,0.0195
29.01.2020 00:36:01.874 GMT+0100,161.20600000000002,161.172,0.0205,0.0195
29.01.2020 00:36:03.303 GMT+0100,161.19299999999998,161.151,0.0205,0.0195
29.01.2020 00:36:04.427 GMT+0100,161.192,161.156,0.0205,0.0195
29.01.2020 00:36:19.531 GMT+0100,161.22,161.19,0.0205,0.0195
29.01.2020 00:36:20.109 GMT+0100,161.209,161.168,0.0205,0.0195
29.01.2020 00:36:20.276 GMT+0100,161.209,161.17000000000002,0.0205,0.0195
29.01.2020 00:36:22.890 GMT+0100,161.19,161.151,0.0205,0.0195
29.01.2020 00:36:23.160 GMT+0100,161.19299999999998,161.156,0.0205,0.0195
29.01.2020 00:37:07.894 GMT+0100,161.192,161.156,0.0205,0.0195
29.01.2020 00:37:52.575 GMT+0100,161.186,161.156,0.0205,0.0195
29.01.2020 00:37:55.938 GMT+0100,161.19,161.158,0.0205,0.0195
29.01.2020 00:38:18.489 GMT+0100,161.19,161.156,0.0205,0.0195
29.01.2020 00:39:01.934 GMT+0100,161.189,161.15200000000002,0.0205,0.0195
29.01.2020 00:39:03.182 GMT+0100,161.19,161.156,0.0205,0.0195
29.01.2020 00:39:19.492 GMT+0100,161.191,161.156,0.0205,0.0195
29.01.2020 00:39:22.832 GMT+0100,161.208,161.169,0.0205,0.0195
29.01.2020 00:39:24.273 GMT+0100,161.188,161.153,0.0205,0.0195
29.01.2020 00:39:24.432 GMT+0100,161.19,161.153,0.0205,0.0195
29.01.2020 00:39:28.749 GMT+0100,161.221,161.19,0.0205,0.0195
29.01.2020 00:39:28.914 GMT+0100,161.189,161.158,0.0205,0.0195
29.01.2020 00:39:29.820 GMT+0100,161.202,161.174,0.0205,0.0195
29.01.2020 00:39:30.324 GMT+0100,161.218,161.184,0.0205,0.0195
29.01.2020 00:39:33.157 GMT+0100,161.222,161.184,0.0205,0.0195
29.01.2020 00:39:49.588 GMT+0100,161.224,161.184,0.0205,0.0195
29.01.2020 00:39:55.361 GMT+0100,161.22,161.186,0.0205,0.0195
29.01.2020 00:40:08.398 GMT+0100,161.225,161.19,0.0205,0.0195
29.01.2020 00:41:33.733 GMT+0100,161.224,161.183,0.0205,0.0195
29.01.2020 00:41:38.215 GMT+0100,161.22299999999998,161.188,0.0205,0.0195
29.01.2020 00:41:49.283 GMT+0100,161.224,161.188,0.0205,0.0195
29.01.2020 00:42:07.990 GMT+0100,161.22299999999998,161.187,0.0205,0.0195
29.01.2020 00:42:29.527 GMT+0100,161.22,161.188,0.0205,0.0195
29.01.2020 00:42:41.949 GMT+0100,161.221,161.188,0.0205,0.0195
29.01.2020 00:43:02.565 GMT+0100,161.22299999999998,161.188,0.0205,0.0195
29.01.2020 00:43:31.985 GMT+0100,161.222,161.19,0.0205,0.0195
29.01.2020 00:43:45.676 GMT+0100,161.218,161.186,0.0205,0.0195
29.01.2020 00:43:46.413 GMT+0100,161.22,161.185,0.0205,0.0195
29.01.2020 00:43:54.453 GMT+0100,161.22299999999998,161.184,0.0205,0.0195
29.01.2020 00:44:02.235 GMT+0100,161.222,161.186,0.0205,0.0195
29.01.2020 00:44:11.264 GMT+0100,161.218,161.187,0.0205,0.0195
29.01.2020 00:44:30.510 GMT+0100,161.222,161.186,0.0205,0.0195
29.01.2020 00:45:01.279 GMT+0100,161.22299999999998,161.185,0.0205,0.0195
29.01.2020 00:45:02.400 GMT+0100,161.192,161.156,0.0205,0.0195
29.01.2020 00:45:02.995 GMT+0100,161.186,161.158,0.0205,0.0195
29.01.2020 00:45:08.740 GMT+0100,161.22299999999998,161.19,0.0205,0.0195
29.01.2020 00:45:10.419 GMT+0100,161.205,161.169,0.0205,0.0195
29.01.2020 00:45:11.206 GMT+0100,161.22,161.187,0.0205,0.0195
29.01.2020 00:45:11.456 GMT+0100,161.218,161.187,0.0205,0.0195
29.01.2020 00:45:12.294 GMT+0100,161.225,161.186,0.0205,0.0195
29.01.2020 00:45:12.772 GMT+0100,161.22299999999998,161.186,0.0205,0.0195
29.01.2020 00:45:52.655 GMT+0100,161.22299999999998,161.184,0.0205,0.0195
29.01.2020 00:46:09.082 GMT+0100,161.22,161.184,0.0205,0.0195
29.01.2020 00:46:11.050 GMT+0100,161.225,161.186,0.0205,0.0195
29.01.2020 00:46:26.278 GMT+0100,161.191,161.156,0.0205,0.0195
29.01.2020 00:46:26.798 GMT+0100,161.189,161.155,0.0205,0.0195
29.01.2020 00:46:31.191 GMT+0100,161.19,161.153,0.0205,0.0195
29.01.2020 00:46:47.993 GMT+0100,161.19299999999998,161.158,0.0205,0.0195
29.01.2020 00:46:55.713 GMT+0100,161.19,161.155,0.0205,0.0195
29.01.2020 00:46:57.727 GMT+0100,161.192,161.154,0.0205,0.0195
29.01.2020 00:46:59.447 GMT+0100,161.158,161.12,0.0205,0.0195
29.01.2020 00:47:00.305 GMT+0100,161.161,161.122,0.0205,0.0195
29.01.2020 00:47:19.529 GMT+0100,161.155,161.123,0.0205,0.0195
29.01.2020 00:47:22.825 GMT+0100,161.155,161.122,0.0205,0.0195
29.01.2020 00:47:28.385 GMT+0100,161.161,161.121,0.0205,0.0195
29.01.2020 00:47:30.611 GMT+0100,161.16,161.122,0.0205,0.0195
29.01.2020 00:47:32.278 GMT+0100,161.155,161.125,0.0205,0.0195
29.01.2020 00:47:34.694 GMT+0100,161.158,161.12,0.0205,0.0195
29.01.2020 00:47:39.993 GMT+0100,161.161,161.122,0.0205,0.0195
29.01.2020 00:47:44.065 GMT+0100,161.158,161.12,0.0205,0.0195
29.01.2020 00:47:52.014 GMT+0100,161.155,161.12,0.0205,0.0195
29.01.2020 00:47:52.259 GMT+0100,161.155,161.123,0.0205,0.0195
29.01.2020 00:47:54.749 GMT+0100,161.16,161.125,0.0205,0.0195
29.01.2020 00:47:56.040 GMT+0100,161.159,161.12,0.0205,0.0195
29.01.2020 00:47:57.413 GMT+0100,161.162,161.12,0.0205,0.0195
29.01.2020 00:47:59.983 GMT+0100,161.155,161.12,0.0205,0.0195
29.01.2020 00:48:03.962 GMT+0100,161.158,161.127,0.0205,0.0195
29.01.2020 00:48:04.068 GMT+0100,161.159,161.12,0.0205,0.0195
29.01.2020 00:48:05.802 GMT+0100,161.158,161.121,0.0205,0.0195
29.01.2020 00:48:07.571 GMT+0100,161.157,161.12,0.0205,0.0195
29.01.2020 00:48:08.827 GMT+0100,161.162,161.121,0.0205,0.0195
29.01.2020 00:48:10.285 GMT+0100,161.155,161.122,0.0205,0.0195
29.01.2020 00:48:11.588 GMT+0100,161.157,161.125,0.0205,0.0195
29.01.2020 00:48:15.314 GMT+0100,161.157,161.127,0.0205,0.0195
29.01.2020 00:48:16.378 GMT+0100,161.161,161.121,0.0205,0.0195
29.01.2020 00:48:18.366 GMT+0100,161.162,161.124,0.0205,0.0195
29.01.2020 00:48:19.389 GMT+0100,161.162,161.121,0.0205,0.0195
29.01.2020 00:48:19.598 GMT+0100,161.162,161.125,0.0205,0.0195
29.01.2020 00:48:22.534 GMT+0100,161.162,161.123,0.0205,0.0195
29.01.2020 00:48:23.797 GMT+0100,161.158,161.125,0.0205,0.0195
29.01.2020 00:48:24.775 GMT+0100,161.161,161.121,0.0205,0.0195
29.01.2020 00:48:25.608 GMT+0100,161.159,161.125,0.0205,0.0195
29.01.2020 00:48:27.570 GMT+0100,161.158,161.12,0.0205,0.0195
29.01.2020 00:48:37.133 GMT+0100,161.162,161.121,0.0205,0.0195
29.01.2020 00:48:37.593 GMT+0100,161.159,161.121,0.0205,0.0195
29.01.2020 00:48:57.919 GMT+0100,161.162,161.122,0.0205,0.0195
29.01.2020 00:49:01.345 GMT+0100,161.155,161.124,0.0205,0.0195
29.01.2020 00:50:12.884 GMT+0100,161.159,161.127,0.0205,0.0195
29.01.2020 00:50:17.261 GMT+0100,161.158,161.127,0.0205,0.0195
29.01.2020 00:50:34.548 GMT+0100,161.155,161.12,0.0205,0.0195
29.01.2020 00:50:43.453 GMT+0100,161.159,161.12,0.0205,0.0195
29.01.2020 00:50:44.307 GMT+0100,161.126,161.092,0.0205,0.0195
29.01.2020 00:50:45.132 GMT+0100,161.131,161.09,0.0205,0.0195
29.01.2020 00:50:50.495 GMT+0100,161.128,161.092,0.0205,0.0195
29.01.2020 00:50:53.582 GMT+0100,161.13,161.09,0.0205,0.0195
29.01.2020 00:50:57.877 GMT+0100,161.13,161.094,0.0205,0.0195
29.01.2020 00:51:09.034 GMT+0100,161.129,161.091,0.0205,0.0195
29.01.2020 00:52:08.959 GMT+0100,161.126,161.094,0.0205,0.0195
29.01.2020 00:53:02.390 GMT+0100,161.158,161.121,0.0205,0.0195
29.01.2020 00:53:02.469 GMT+0100,161.13,161.092,0.0205,0.0195
29.01.2020 00:53:02.605 GMT+0100,161.129,161.096,0.0205,0.0195
29.01.2020 00:53:29.196 GMT+0100,161.126,161.096,0.0205,0.0195
29.01.2020 00:53:37.755 GMT+0100,161.162,161.125,0.0205,0.0195
29.01.2020 00:53:40.343 GMT+0100,161.159,161.124,0.0205,0.0195
29.01.2020 00:53:52.624 GMT+0100,161.161,161.124,0.0205,0.0195
29.01.2020 00:53:59.733 GMT+0100,161.162,161.123,0.0205,0.0195
29.01.2020 00:54:02.080 GMT+0100,161.161,161.122,0.0205,0.0195
29.01.2020 00:54:03.309 GMT+0100,161.159,161.122,0.0205,0.0195
29.01.2020 00:54:04.427 GMT+0100,161.155,161.123,0.0205,0.0195
29.01.2020 00:54:26.820 GMT+0100,161.157,161.127,0.0205,0.0195
29.01.2020 00:54:27.829 GMT+0100,161.155,161.12,0.0205,0.0195
29.01.2020 00:54:51.326 GMT+0100,161.158,161.124,0.0205,0.0195
29.01.2020 00:55:10.772 GMT+0100,161.16,161.127,0.0205,0.0195
29.01.2020 00:55:27.118 GMT+0100,161.124,161.09,0.0205,0.0195
29.01.2020 00:55:27.168 GMT+0100,161.162,161.125,0.0205,0.0195
29.01.2020 00:55:43.047 GMT+0100,161.155,161.121,0.0205,0.0195
29.01.2020 00:55:49.218 GMT+0100,161.16,161.121,0.0205,0.0195
29.01.2020 00:55:50.997 GMT+0100,161.16,161.122,0.0205,0.0195
29.01.2020 00:55:56.775 GMT+0100,161.159,161.12,0.0205,0.0195
29.01.2020 00:56:21.596 GMT+0100,161.162,161.122,0.0205,0.0195
29.01.2020 00:56:42.365 GMT+0100,161.155,161.125,0.0205,0.0195
29.01.2020 00:56:42.488 GMT+0100,161.161,161.127,0.0205,0.0195
29.01.2020 00:56:59.935 GMT+0100,161.157,161.12,0.0205,0.0195
29.01.2020 00:57:01.206 GMT+0100,161.159,161.121,0.0205,0.0195
29.01.2020 00:57:03.058 GMT+0100,161.161,161.122,0.0205,0.0195
29.01.2020 00:57:08.587 GMT+0100,161.161,161.121,0.0205,0.0195
29.01.2020 00:57:42.623 GMT+0100,161.157,161.125,0.0205,0.0195
29.01.2020 00:57:44.522 GMT+0100,161.162,161.123,0.0205,0.0195
29.01.2020 00:57:46.700 GMT+0100,161.16,161.124,0.0205,0.0195
29.01.2020 00:57:51.450 GMT+0100,161.16,161.12,0.0205,0.0195
29.01.2020 00:57:56.690 GMT+0100,161.157,161.121,0.0205,0.0195
29.01.2020 00:57:58.330 GMT+0100,161.16,161.12,0.0205,0.0195
29.01.2020 00:58:01.718 GMT+0100,161.16,161.124,0.0205,0.0195
29.01.2020 00:58:01.833 GMT+0100,161.161,161.122,0.0205,0.0195
29.01.2020 00:58:19.250 GMT+0100,161.16,161.127,0.0205,0.0195
29.01.2020 00:58:21.423 GMT+0100,161.191,161.158,0.0205,0.0195
29.01.2020 00:58:22.205 GMT+0100,161.188,161.151,0.0205,0.0195
29.01.2020 00:58:22.909 GMT+0100,161.19299999999998,161.15200000000002,0.0205,0.0195
29.01.2020 00:58:26.923 GMT+0100,161.192,161.158,0.0205,0.0195
29.01.2020 00:58:27.045 GMT+0100,161.19299999999998,161.156,0.0205,0.0195
29.01.2020 00:58:41.384 GMT+0100,161.19299999999998,161.15200000000002,0.0205,0.0195
29.01.2020 00:58:55.781 GMT+0100,161.192,161.15200000000002,0.0205,0.0195
29.01.2020 01:00:04.929 GMT+0100,161.191,161.155,0.0205,0.0195
29.01.2020 01:00:13.936 GMT+0100,161.189,161.153,0.0205,0.0195
29.01.2020 01:00:30.594 GMT+0100,161.192,161.155,0.0205,0.0195
29.01.2020 01:00:41.838 GMT+0100,161.186,161.155,0.0205,0.0195
29.01.2020 01:01:08.622 GMT+0100,161.191,161.153,0.0205,0.0195
29.01.2020 01:01:08.722 GMT+0100,161.189,161.154,0.0205,0.0195
29.01.2020 01:01:15.028 GMT+0100,161.186,161.155,0.0205,0.0195
29.01.2020 01:01:33.029 GMT+0100,161.189,161.153,0.0205,0.0195
29.01.2020 01:01:34.917 GMT+0100,161.188,161.158,0.0205,0.0195
29.01.2020 01:01:42.212 GMT+0100,161.19,161.154,0.0205,0.0195
29.01.2020 01:01:54.625 GMT+0100,161.189,161.156,0.0205,0.0195
29.01.2020 01:01:54.894 GMT+0100,161.218,161.185,0.0205,0.0195
29.01.2020 01:01:55.005 GMT+0100,161.222,161.183,0.0205,0.0195
29.01.2020 01:01:59.842 GMT+0100,161.221,161.187,0.0205,0.0195
29.01.2020 01:02:01.802 GMT+0100,161.22,161.188,0.0205,0.0195
29.01.2020 01:02:22.243 GMT+0100,161.22299999999998,161.188,0.0205,0.0195
29.01.2020 01:02:23.348 GMT+0100,161.218,161.19,0.0205,0.0195
29.01.2020 01:02:29.032 GMT+0100,161.22,161.185,0.0205,0.0195
29.01.2020 01:02:32.086 GMT+0100,161.224,161.183,0.0205,0.0195
29.01.2020 01:02:34.843 GMT+0100,161.22,161.19,0.0205,0.0195
29.01.2020 01:02:37.788 GMT+0100,161.225,161.183,0.0205,0.0195
29.01.2020 01:02:41.124 GMT+0100,161.221,161.188,0.0205,0.0195
29.01.2020 01:02:42.372 GMT+0100,161.221,161.187,0.0205,0.0195
29.01.2020 01:03:00.727 GMT+0100,161.224,161.184,0.0205,0.0195
29.01.2020 01:03:01.223 GMT+0100,161.221,161.184,0.0205,0.0195
29.01.2020 01:04:00.550 GMT+0100,161.22,161.184,0.0205,0.0195
29.01.2020 01:04:03.171 GMT+0100,161.22,161.183,0.0205,0.0195
29.01.2020 01:04:33.421 GMT+0100,161.22,161.185,0.0205,0.0195
29.01.2020 01:05:16.256 GMT+0100,161.225,161.188,0.0205,0.0195
29.01.2020 01:05:48.384 GMT+0100,161.22299999999998,161.186,0.0205,0.0195
29.01.2020 01:06:26.005 GMT+0100,161.251,161.219,0.0205,0.0195
29.01.2020 01:06:26.690 GMT+0100,161.256,161.219,0.0205,0.0195
29.01.2020 01:06:42.802 GMT+0100,161.255,161.214,0.0205,0.0195
29.01.2020 01:06:43.672 GMT+0100,161.252,161.216,0.0205,0.0195
29.01.2020 01:06:44.752 GMT+0100,161.255,161.215,0.0205,0.0195
29.01.2020 01:06:50.986 GMT+0100,161.249,161.218,0.0205,0.0195
29.01.2020 01:06:57.185 GMT+0100,161.249,161.214,0.0205,0.0195
29.01.2020 01:06:58.854 GMT+0100,161.255,161.216,0.0205,0.0195
29.01.2020 01:07:02.354 GMT+0100,161.22,161.183,0.0205,0.0195
29.01.2020 01:07:03.620 GMT+0100,161.225,161.186,0.0205,0.0195
29.01.2020 01:07:04.920 GMT+0100,161.218,161.185,0.0205,0.0195
29.01.2020 01:07:12.079 GMT+0100,161.251,161.214,0.0205,0.0195
29.01.2020 01:07:13.804 GMT+0100,161.252,161.215,0.0205,0.0195
29.01.2020 01:07:17.194 GMT+0100,161.253,161.216,0.0205,0.0195
29.01.2020 01:07:40.751 GMT+0100,161.249,161.219,0.0205,0.0195
29.01.2020 01:07:40.816 GMT+0100,161.224,161.186,0.0205,0.0195
29.01.2020 01:07:40.988 GMT+0100,161.254,161.215,0.0205,0.0195
29.01.2020 01:07:41.498 GMT+0100,161.254,161.219,0.0205,0.0195
29.01.2020 01:07:44.270 GMT+0100,161.249,161.217,0.0205,0.0195
29.01.2020 01:07:44.861 GMT+0100,161.255,161.215,0.0205,0.0195
29.01.2020 01:07:59.764 GMT+0100,161.27200000000002,161.232,0.0205,0.0195
29.01.2020 01:08:00.280 GMT+0100,161.253,161.214,0.0205,0.0195
29.01.2020 01:08:00.578 GMT+0100,161.254,161.216,0.0205,0.0195
29.01.2020 01:08:03.524 GMT+0100,161.251,161.219,0.0205,0.0195
29.01.2020 01:08:05.809 GMT+0100,161.251,161.218,0.0205,0.0195
29.01.2020 01:08:10.261 GMT+0100,161.252,161.215,0.0205,0.0195
29.01.2020 01:08:12.449 GMT+0100,161.252,161.217,0.0205,0.0195
29.01.2020 01:08:13.677 GMT+0100,161.249,161.215,0.0205,0.0195
29.01.2020 01:08:16.161 GMT+0100,161.256,161.216,0.0205,0.0195
29.01.2020 01:08:39.318 GMT+0100,161.249,161.219,0.0205,0.0195
29.01.2020 01:08:39.827 GMT+0100,161.28,161.252,0.0205,0.0195
29.01.2020 01:08:39.963 GMT+0100,161.286,161.247,0.0205,0.0195
29.01.2020 01:08:41.678 GMT+0100,161.282,161.252,0.0205,0.0195
29.01.2020 01:08:42.174 GMT+0100,161.282,161.245,0.0205,0.0195
29.01.2020 01:08:54.835 GMT+0100,161.283,161.249,0.0205,0.0195
29.01.2020 01:08:56.196 GMT+0100,161.287,161.246,0.0205,0.0195
29.01.2020 01:08:58.119 GMT+0100,161.284,161.246,0.0205,0.0195
29.01.2020 01:09:04.186 GMT+0100,161.284,161.248,0.0205,0.0195
29.01.2020 01:09:14.418 GMT+0100,161.284,161.247,0.0205,0.0195
29.01.2020 01:09:18.720 GMT+0100,161.285,161.245,0.0205,0.0195
29.01.2020 01:09:23.258 GMT+0100,161.287,161.246,0.0205,0.0195
29.01.2020 01:09:53.363 GMT+0100,161.284,161.249,0.0205,0.0195
29.01.2020 01:09:59.208 GMT+0100,161.283,161.245,0.0205,0.0195
29.01.2020 01:10:48.892 GMT+0100,161.251,161.215,0.0205,0.0195
29.01.2020 01:10:49.191 GMT+0100,161.254,161.214,0.0205,0.0195
29.01.2020 01:10:49.241 GMT+0100,161.286,161.247,0.0205,0.0195
29.01.2020 01:10:50.152 GMT+0100,161.283,161.25,0.0205,0.0195
29.01.2020 01:10:54.035 GMT+0100,161.269,161.231,0.0205,0.0195
29.01.2020 01:10:54.718 GMT+0100,161.255,161.214,0.0205,0.0195
29.01.2020 01:10:54.831 GMT+0100,161.251,161.217,0.0205,0.0195
29.01.2020 01:10:55.762 GMT+0100,161.254,161.214,0.0205,0.0195
29.01.2020 01:10:56.747 GMT+0100,161.255,161.214,0.0205,0.0195
29.01.2020 01:11:01.696 GMT+0100,161.252,161.216,0.0205,0.0195
29.01.2020 01:11:01.927 GMT+0100,161.252,161.217,0.0205,0.0195
29.01.2020 01:11:04.708 GMT+0100,161.255,161.218,0.0205,0.0195
29.01.2020 01:11:20.575 GMT+0100,161.251,161.215,0.0205,0.0195
29.01.2020 01:11:22.636 GMT+0100,161.256,161.215,0.0205,0.0195
29.01.2020 01:11:23.111 GMT+0100,161.28,161.247,0.0205,0.0195
29.01.2020 01:11:23.215 GMT+0100,161.282,161.25,0.0205,0.0195
29.01.2020 01:11:25.209 GMT+0100,161.284,161.245,0.0205,0.0195
29.01.2020 01:11:38.282 GMT+0100,161.28,161.249,0.0205,0.0195
29.01.2020 01:11:55.586 GMT+0100,161.31799999999998,161.281,0.0205,0.0195
29.01.2020 01:11:56.577 GMT+0100,161.316,161.276,0.0205,0.0195
29.01.2020 01:12:08.035 GMT+0100,161.286,161.249,0.0205,0.0195
29.01.2020 01:12:09.344 GMT+0100,161.284,161.248,0.0205,0.0195
29.01.2020 01:12:24.364 GMT+0100,161.283,161.249,0.0205,0.0195
29.01.2020 01:12:28.672 GMT+0100,161.298,161.26500000000001,0.0205,0.0195
29.01.2020 01:12:29.125 GMT+0100,161.313,161.283,0.0205,0.0195
29.01.2020 01:12:32.003 GMT+0100,161.287,161.246,0.0205,0.0195
29.01.2020 01:12:33.241 GMT+0100,161.284,161.246,0.0205,0.0195
29.01.2020 01:12:35.457 GMT+0100,161.28,161.247,0.0205,0.0195
29.01.2020 01:12:37.255 GMT+0100,161.28,161.249,0.0205,0.0195
29.01.2020 01:13:00.985 GMT+0100,161.283,161.248,0.0205,0.0195
29.01.2020 01:13:43.282 GMT+0100,161.285,161.25,0.0205,0.0195
29.01.2020 01:13:43.333 GMT+0100,161.255,161.217,0.0205,0.0195
29.01.2020 01:13:43.410 GMT+0100,161.252,161.219,0.0205,0.0195
29.01.2020 01:13:43.977 GMT+0100,161.282,161.249,0.0205,0.0195
29.01.2020 01:13:46.445 GMT+0100,161.287,161.249,0.0205,0.0195
29.01.2020 01:13:57.600 GMT+0100,161.286,161.249,0.0205,0.0195
29.01.2020 01:14:00.240 GMT+0100,161.255,161.221,0.0205,0.0195
29.01.2020 01:14:01.909 GMT+0100,161.249,161.219,0.0205,0.0195
29.01.2020 01:14:05.772 GMT+0100,161.254,161.216,0.0205,0.0195
29.01.2020 01:14:16.296 GMT+0100,161.251,161.219,0.0205,0.0195
29.01.2020 01:14:17.384 GMT+0100,161.224,161.19,0.0205,0.0195
29.01.2020 01:14:17.963 GMT+0100,161.22299999999998,161.19,0.0205,0.0195
29.01.2020 01:14:19.534 GMT+0100,161.225,161.188,0.0205,0.0195
29.01.2020 01:14:41.381 GMT+0100,161.225,161.187,0.0205,0.0195
29.01.2020 01:14:41.432 GMT+0100,161.255,161.217,0.0205,0.0195
29.01.2020 01:14:42.566 GMT+0100,161.249,161.217,0.0205,0.0195
29.01.2020 01:14:43.555 GMT+0100,161.253,161.218,0.0205,0.0195
29.01.2020 01:14:46.069 GMT+0100,161.251,161.219,0.0205,0.0195
29.01.2020 01:14:53.318 GMT+0100,161.254,161.218,0.0205,0.0195
29.01.2020 01:14:53.888 GMT+0100,161.253,161.217,0.0205,0.0195
29.01.2020 01:15:03.214 GMT+0100,161.224,161.183,0.0205,0.0195
29.01.2020 01:15:05.532 GMT+0100,161.22299999999998,161.184,0.0205,0.0195
29.01.2020 01:15:05.589 GMT+0100,161.249,161.218,0.0205,0.0195
29.01.2020 01:15:06.285 GMT+0100,161.255,161.221,0.0205,0.0195
29.01.2020 01:15:08.073 GMT+0100,161.225,161.184,0.0205,0.0195
29.01.2020 01:15:09.269 GMT+0100,161.218,161.19,0.0205,0.0195
29.01.2020 01:15:11.488 GMT+0100,161.238,161.198,0.0205,0.0195
29.01.2020 01:15:12.693 GMT+0100,161.256,161.217,0.0205,0.0195
29.01.2020 01:15:12.813 GMT+0100,161.249,161.216,0.0205,0.0195
29.01.2020 01:15:13.164 GMT+0100,161.224,161.186,0.0205,0.0195
29.01.2020 01:15:14.571 GMT+0100,161.218,161.187,0.0205,0.0195
29.01.2020 01:15:20.992 GMT+0100,161.221,161.188,0.0205,0.0195
29.01.2020 01:15:22.659 GMT+0100,161.218,161.19,0.0205,0.0195
29.01.2020 01:16:56.163 GMT+0100,161.224,161.19,0.0205,0.0195
29.01.2020 01:16:56.504 GMT+0100,161.22299999999998,161.188,0.0205,0.0195
29.01.2020 01:16:56.992 GMT+0100,161.192,161.154,0.0205,0.0195
29.01.2020 01:16:57.428 GMT+0100,161.192,161.151,0.0205,0.0195
29.01.2020 01:16:59.018 GMT+0100,161.186,161.153,0.0205,0.0195
29.01.2020 01:16:59.292 GMT+0100,161.189,161.154,0.0205,0.0195
29.01.2020 01:17:01.793 GMT+0100,161.189,161.151,0.0205,0.0195
29.01.2020 01:17:08.227 GMT+0100,161.19,161.155,0.0205,0.0195
29.01.2020 01:17:11.279 GMT+0100,161.19299999999998,161.151,0.0205,0.0195
29.01.2020 01:17:40.661 GMT+0100,161.19299999999998,161.153,0.0205,0.0195
29.01.2020 01:17:47.135 GMT+0100,161.192,161.154,0.0205,0.0195
29.01.2020 01:17:47.996 GMT+0100,161.19299999999998,161.151,0.0205,0.0195
29.01.2020 01:18:02.843 GMT+0100,161.191,161.155,0.0205,0.0195
29.01.2020 01:18:07.843 GMT+0100,161.188,161.156,0.0205,0.0195
29.01.2020 01:18:12.687 GMT+0100,161.19299999999998,161.158,0.0205,0.0195
29.01.2020 01:18:14.178 GMT+0100,161.19,161.156,0.0205,0.0195
29.01.2020 01:18:15.456 GMT+0100,161.191,161.15200000000002,0.0205,0.0195
29.01.2020 01:18:16.847 GMT+0100,161.225,161.185,0.0205,0.0195
29.01.2020 01:18:20.021 GMT+0100,161.225,161.19,0.0205,0.0195
29.01.2020 01:18:35.965 GMT+0100,161.22299999999998,161.184,0.0205,0.0195
29.01.2020 01:18:43.510 GMT+0100,161.218,161.185,0.0205,0.0195
29.01.2020 01:18:43.967 GMT+0100,161.222,161.185,0.0205,0.0195
29.01.2020 01:18:54.457 GMT+0100,161.221,161.186,0.0205,0.0195
29.01.2020 01:19:04.505 GMT+0100,161.22299999999998,161.19,0.0205,0.0195
29.01.2020 01:19:05.073 GMT+0100,161.221,161.184,0.0205,0.0195
29.01.2020 01:19:14.663 GMT+0100,161.222,161.188,0.0205,0.0195
29.01.2020 01:19:19.956 GMT+0100,161.225,161.187,0.0205,0.0195
29.01.2020 01:19:53.692 GMT+0100,161.22299999999998,161.185,0.0205,0.0195
29.01.2020 01:20:00.340 GMT+0100,161.22299999999998,161.188,0.0205,0.0195
29.01.2020 01:22:30.510 GMT+0100,161.221,161.188,0.0205,0.0195
29.01.2020 01:23:02.465 GMT+0100,161.225,161.188,0.0205,0.0195
29.01.2020 01:23:25.544 GMT+0100,161.222,161.188,0.0205,0.0195
29.01.2020 01:23:43.490 GMT+0100,161.22299999999998,161.187,0.0205,0.0195
29.01.2020 01:24:01.046 GMT+0100,161.255,161.217,0.0205,0.0195
29.01.2020 01:24:01.680 GMT+0100,161.255,161.219,0.0205,0.0195
29.01.2020 01:24:03.750 GMT+0100,161.253,161.218,0.0205,0.0195
29.01.2020 01:24:11.530 GMT+0100,161.252,161.215,0.0205,0.0195
29.01.2020 01:24:22.947 GMT+0100,161.256,161.221,0.0205,0.0195
29.01.2020 01:24:23.856 GMT+0100,161.251,161.219,0.0205,0.0195
29.01.2020 01:24:39.128 GMT+0100,161.252,161.216,0.0205,0.0195
29.01.2020 01:25:02.973 GMT+0100,161.254,161.217,0.0205,0.0195
29.01.2020 01:25:03.320 GMT+0100,161.254,161.214,0.0205,0.0195
29.01.2020 01:25:05.746 GMT+0100,161.254,161.219,0.0205,0.0195
29.01.2020 01:25:13.371 GMT+0100,161.252,161.218,0.0205,0.0195
29.01.2020 01:25:16.904 GMT+0100,161.254,161.219,0.0205,0.0195
29.01.2020 01:25:27.706 GMT+0100,161.251,161.217,0.0205,0.0195
29.01.2020 01:25:33.990 GMT+0100,161.251,161.216,0.0205,0.0195
29.01.2020 01:25:34.694 GMT+0100,161.252,161.219,0.0205,0.0195
29.01.2020 01:28:03.487 GMT+0100,161.251,161.215,0.0205,0.0195
29.01.2020 01:28:03.651 GMT+0100,161.221,161.185,0.0205,0.0195
29.01.2020 01:28:03.904 GMT+0100,161.22299999999998,161.183,0.0205,0.0195
29.01.2020 01:28:04.246 GMT+0100,161.256,161.217,0.0205,0.0195
29.01.2020 01:28:04.456 GMT+0100,161.249,161.214,0.0205,0.0195
29.01.2020 01:28:07.677 GMT+0100,161.218,161.187,0.0205,0.0195
29.01.2020 01:28:07.930 GMT+0100,161.221,161.184,0.0205,0.0195
29.01.2020 01:28:07.980 GMT+0100,161.254,161.219,0.0205,0.0195
29.01.2020 01:28:08.425 GMT+0100,161.249,161.214,0.0205,0.0195
29.01.2020 01:28:09.078 GMT+0100,161.253,161.217,0.0205,0.0195
29.01.2020 01:28:09.535 GMT+0100,161.254,161.215,0.0205,0.0195
29.01.2020 01:28:10.446 GMT+0100,161.22,161.184,0.0205,0.0195
29.01.2020 01:28:11.758 GMT+0100,161.221,161.19,0.0205,0.0195
29.01.2020 01:28:21.348 GMT+0100,161.225,161.186,0.0205,0.0195
29.01.2020 01:28:32.669 GMT+0100,161.225,161.184,0.0205,0.0195
29.01.2020 01:29:03.333 GMT+0100,161.224,161.19,0.0205,0.0195
29.01.2020 01:29:04.808 GMT+0100,161.218,161.183,0.0205,0.0195
29.01.2020 01:29:06.545 GMT+0100,161.22299999999998,161.188,0.0205,0.0195
29.01.2020 01:29:14.656 GMT+0100,161.218,161.183,0.0205,0.0195
29.01.2020 01:29:14.706 GMT+0100,161.249,161.221,0.0205,0.0195
29.01.2020 01:29:15.851 GMT+0100,161.252,161.216,0.0205,0.0195
29.01.2020 01:29:24.692 GMT+0100,161.252,161.215,0.0205,0.0195
29.01.2020 01:29:32.071 GMT+0100,161.251,161.217,0.0205,0.0195
29.01.2020 01:29:36.547 GMT+0100,161.218,161.183,0.0205,0.0195
29.01.2020 01:29:39.664 GMT+0100,161.22299999999998,161.187,0.0205,0.0195
29.01.2020 01:29:48.281 GMT+0100,161.255,161.214,0.0205,0.0195
29.01.2020 01:29:50.109 GMT+0100,161.254,161.217,0.0205,0.0195
29.01.2020 01:29:52.936 GMT+0100,161.252,161.218,0.0205,0.0195
29.01.2020 01:30:04.708 GMT+0100,161.22299999999998,161.185,0.0205,0.0195
29.01.2020 01:30:05.177 GMT+0100,161.221,161.183,0.0205,0.0195
29.01.2020 01:30:05.922 GMT+0100,161.22,161.184,0.0205,0.0195
29.01.2020 01:30:14.474 GMT+0100,161.221,161.184,0.0205,0.0195
29.01.2020 01:30:15.880 GMT+0100,161.225,161.188,0.0205,0.0195
29.01.2020 01:30:18.416 GMT+0100,161.225,161.187,0.0205,0.0195
29.01.2020 01:30:29.881 GMT+0100,161.218,161.186,0.0205,0.0195
29.01.2020 01:30:29.931 GMT+0100,161.192,161.15200000000002,0.0205,0.0195
29.01.2020 01:30:30.181 GMT+0100,161.209,161.172,0.0205,0.0195
29.01.2020 01:30:31.988 GMT+0100,161.202,161.174,0.0205,0.0195
29.01.2020 01:30:32.544 GMT+0100,161.188,161.155,0.0205,0.0195
29.01.2020 01:30:32.799 GMT+0100,161.191,161.155,0.0205,0.0195
29.01.2020 01:30:41.526 GMT+0100,161.205,161.169,0.0205,0.0195
29.01.2020 01:30:41.661 GMT+0100,161.225,161.186,0.0205,0.0195
29.01.2020 01:30:46.822 GMT+0100,161.222,161.185,0.0205,0.0195
29.01.2020 01:30:51.082 GMT+0100,161.19,161.154,0.0205,0.0195
29.01.2020 01:31:03.912 GMT+0100,161.189,161.15200000000002,0.0205,0.0195
29.01.2020 01:31:04.860 GMT+0100,161.192,161.153,0.0205,0.0195
29.01.2020 01:31:05.826 GMT+0100,161.188,161.156,0.0205,0.0195
29.01.2020 01:31:08.085 GMT+0100,161.188,161.158,0.0205,0.0195
29.01.2020 01:31:15.691 GMT+0100,161.189,161.155,0.0205,0.0195
29.01.2020 01:31:16.184 GMT+0100,161.222,161.19,0.0205,0.0195
29.01.2020 01:31:18.274 GMT+0100,161.225,161.184,0.0205,0.0195
29.01.2020 01:31:28.770 GMT+0100,161.189,161.155,0.0205,0.0195
29.01.2020 01:31:30.988 GMT+0100,161.19299999999998,161.154,0.0205,0.0195
29.01.2020 01:31:31.923 GMT+0100,161.186,161.151,0.0205,0.0195
29.01.2020 01:31:37.741 GMT+0100,161.188,161.154,0.0205,0.0195
29.01.2020 01:31:45.703 GMT+0100,161.19299999999998,161.158,0.0205,0.0195
29.01.2020 01:31:51.475 GMT+0100,161.192,161.155,0.0205,0.0195
29.01.2020 01:31:52.909 GMT+0100,161.191,161.155,0.0205,0.0195
29.01.2020 01:31:55.450 GMT+0100,161.19,161.154,0.0205,0.0195
29.01.2020 01:31:56.419 GMT+0100,161.222,161.186,0.0205,0.0195
29.01.2020 01:31:58.723 GMT+0100,161.22299999999998,161.185,0.0205,0.0195
29.01.2020 01:32:00.495 GMT+0100,161.204,161.174,0.0205,0.0195
29.01.2020 01:32:00.634 GMT+0100,161.191,161.154,0.0205,0.0195
29.01.2020 01:32:01.020 GMT+0100,161.186,161.154,0.0205,0.0195
29.01.2020 01:32:29.386 GMT+0100,161.224,161.187,0.0205,0.0195
29.01.2020 01:32:45.726 GMT+0100,161.225,161.183,0.0205,0.0195
29.01.2020 01:33:03.233 GMT+0100,161.218,161.184,0.0205,0.0195
29.01.2020 01:33:19.381 GMT+0100,161.225,161.19,0.0205,0.0195
29.01.2020 01:34:03.490 GMT+0100,161.221,161.186,0.0205,0.0195
29.01.2020 01:37:47.741 GMT+0100,161.192,161.153,0.0205,0.0195
29.01.2020 01:37:48.759 GMT+0100,161.19299999999998,161.156,0.0205,0.0195
29.01.2020 01:37:55.672 GMT+0100,161.192,161.155,0.0205,0.0195
29.01.2020 01:38:04.141 GMT+0100,161.188,161.156,0.0205,0.0195
29.01.2020 01:38:06.825 GMT+0100,161.186,161.158,0.0205,0.0195
29.01.2020 01:38:58.686 GMT+0100,161.19299999999998,161.151,0.0205,0.0195
29.01.2020 01:39:22.729 GMT+0100,161.189,161.15200000000002,0.0205,0.0195
29.01.2020 01:39:44.166 GMT+0100,161.189,161.151,0.0205,0.0195
29.01.2020 01:39:46.341 GMT+0100,161.19,161.153,0.0205,0.0195
29.01.2020 01:40:00.223 GMT+0100,161.188,161.156,0.0205,0.0195
29.01.2020 01:40:03.221 GMT+0100,161.191,161.158,0.0205,0.0195
29.01.2020 01:40:12.753 GMT+0100,161.192,161.151,0.0205,0.0195
29.01.2020 01:40:23.028 GMT+0100,161.19,161.151,0.0205,0.0195
29.01.2020 01:40:29.488 GMT+0100,161.191,161.155,0.0205,0.0195
29.01.2020 01:40:47.138 GMT+0100,161.19299999999998,161.158,0.0205,0.0195
29.01.2020 01:40:54.088 GMT+0100,161.192,161.153,0.0205,0.0195
29.01.2020 01:41:07.022 GMT+0100,161.191,161.158,0.0205,0.0195
29.01.2020 01:41:50.111 GMT+0100,161.191,161.156,0.0205,0.0195
29.01.2020 01:41:50.162 GMT+0100,161.16,161.127,0.0205,0.0195
29.01.2020 01:41:50.827 GMT+0100,161.157,161.125,0.0205,0.0195
29.01.2020 01:42:01.641 GMT+0100,161.159,161.124,0.0205,0.0195
29.01.2020 01:42:13.313 GMT+0100,161.127,161.09,0.0205,0.0195
29.01.2020 01:42:14.380 GMT+0100,161.124,161.091,0.0205,0.0195
29.01.2020 01:42:15.212 GMT+0100,161.124,161.096,0.0205,0.0195
29.01.2020 01:42:28.326 GMT+0100,161.126,161.093,0.0205,0.0195
29.01.2020 01:42:31.314 GMT+0100,161.13,161.092,0.0205,0.0195
29.01.2020 01:42:32.827 GMT+0100,161.126,161.091,0.0205,0.0195
29.01.2020 01:42:32.877 GMT+0100,161.127,161.089,0.0205,0.0195
29.01.2020 01:42:32.982 GMT+0100,161.144,161.106,0.0205,0.0195
29.01.2020 01:42:33.258 GMT+0100,161.127,161.094,0.0205,0.0195
29.01.2020 01:42:33.818 GMT+0100,161.158,161.121,0.0205,0.0195
29.01.2020 01:42:34.775 GMT+0100,161.161,161.122,0.0205,0.0195
29.01.2020 01:42:38.310 GMT+0100,161.157,161.125,0.0205,0.0195
29.01.2020 01:42:39.156 GMT+0100,161.157,161.121,0.0205,0.0195
29.01.2020 01:42:39.663 GMT+0100,161.159,161.121,0.0205,0.0195
29.01.2020 01:42:44.349 GMT+0100,161.157,161.127,0.0205,0.0195
29.01.2020 01:42:49.965 GMT+0100,161.189,161.153,0.0205,0.0195
29.01.2020 01:42:50.050 GMT+0100,161.158,161.123,0.0205,0.0195
29.01.2020 01:42:51.275 GMT+0100,161.159,161.125,0.0205,0.0195
29.01.2020 01:42:52.523 GMT+0100,161.16,161.12,0.0205,0.0195
29.01.2020 01:42:55.172 GMT+0100,161.131,161.092,0.0205,0.0195
29.01.2020 01:42:55.363 GMT+0100,161.14000000000001,161.106,0.0205,0.0195
29.01.2020 01:43:01.537 GMT+0100,161.126,161.092,0.0205,0.0195
29.01.2020 01:43:02.117 GMT+0100,161.14000000000001,161.109,0.0205,0.0195
29.01.2020 01:43:02.561 GMT+0100,161.131,161.096,0.0205,0.0195
29.01.2020 01:43:03.182 GMT+0100,161.14000000000001,161.108,0.0205,0.0195
29.01.2020 01:43:05.078 GMT+0100,161.159,161.12,0.0205,0.0195
29.01.2020 01:43:05.304 GMT+0100,161.143,161.107,0.0205,0.0195
29.01.2020 01:43:06.853 GMT+0100,161.16,161.127,0.0205,0.0195
29.01.2020 01:43:06.903 GMT+0100,161.129,161.093,0.0205,0.0195
29.01.2020 01:43:06.995 GMT+0100,161.145,161.107,0.0205,0.0195
29.01.2020 01:43:08.537 GMT+0100,161.14700000000002,161.11200000000002,0.0205,0.0195
29.01.2020 01:43:14.447 GMT+0100,161.131,161.096,0.0205,0.0195
29.01.2020 01:43:19.179 GMT+0100,161.143,161.106,0.0205,0.0195
29.01.2020 01:43:22.166 GMT+0100,161.158,161.122,0.0205,0.0195
29.01.2020 01:43:22.296 GMT+0100,161.16,161.125,0.0205,0.0195
29.01.2020 01:43:32.227 GMT+0100,161.129,161.09,0.0205,0.0195
29.01.2020 01:43:32.907 GMT+0100,161.131,161.091,0.0205,0.0195
29.01.2020 01:43:37.603 GMT+0100,161.124,161.091,0.0205,0.0195
29.01.2020 01:43:40.870 GMT+0100,161.126,161.092,0.0205,0.0195
29.01.2020 01:43:45.192 GMT+0100,161.159,161.125,0.0205,0.0195
29.01.2020 01:43:45.678 GMT+0100,161.126,161.089,0.0205,0.0195
29.01.2020 01:44:02.129 GMT+0100,161.126,161.09,0.0205,0.0195
29.01.2020 01:44:18.036 GMT+0100,161.126,161.094,0.0205,0.0195
29.01.2020 01:44:27.902 GMT+0100,161.124,161.091,0.0205,0.0195
29.01.2020 01:44:30.032 GMT+0100,161.129,161.09,0.0205,0.0195
29.01.2020 01:44:37.838 GMT+0100,161.131,161.091,0.0205,0.0195
29.01.2020 01:44:39.543 GMT+0100,161.158,161.124,0.0205,0.0195
29.01.2020 01:44:39.783 GMT+0100,161.129,161.094,0.0205,0.0195
29.01.2020 01:44:50.762 GMT+0100,161.128,161.089,0.0205,0.0195
29.01.2020 01:44:59.249 GMT+0100,161.129,161.091,0.0205,0.0195
29.01.2020 01:44:59.654 GMT+0100,161.126,161.091,0.0205,0.0195
29.01.2020 01:45:04.878 GMT+0100,161.124,161.092,0.0205,0.0195
29.01.2020 01:45:06.985 GMT+0100,161.127,161.093,0.0205,0.0195
29.01.2020 01:45:35.542 GMT+0100,161.16,161.125,0.0205,0.0195
29.01.2020 01:45:36.030 GMT+0100,161.157,161.127,0.0205,0.0195
29.01.2020 01:46:07.415 GMT+0100,161.157,161.12,0.0205,0.0195
29.01.2020 01:46:21.655 GMT+0100,161.162,161.124,0.0205,0.0195
29.01.2020 01:47:05.774 GMT+0100,161.159,161.124,0.0205,0.0195
29.01.2020 01:47:07.328 GMT+0100,161.186,161.154,0.0205,0.0195
29.01.2020 01:47:07.378 GMT+0100,161.162,161.123,0.0205,0.0195
29.01.2020 01:48:31.639 GMT+0100,161.16,161.121,0.0205,0.0195
29.01.2020 01:48:32.598 GMT+0100,161.162,161.125,0.0205,0.0195
29.01.2020 01:49:55.338 GMT+0100,161.157,161.127,0.0205,0.0195
29.01.2020 01:50:02.462 GMT+0100,161.157,161.124,0.0205,0.0195
29.01.2020 01:50:04.061 GMT+0100,161.157,161.125,0.0205,0.0195
29.01.2020 01:50:06.038 GMT+0100,161.155,161.125,0.0205,0.0195
29.01.2020 01:50:17.318 GMT+0100,161.188,161.155,0.0205,0.0195
29.01.2020 01:50:18.347 GMT+0100,161.162,161.122,0.0205,0.0195
29.01.2020 01:50:19.394 GMT+0100,161.19,161.156,0.0205,0.0195
29.01.2020 01:50:19.724 GMT+0100,161.161,161.123,0.0205,0.0195
29.01.2020 01:50:19.938 GMT+0100,161.19,161.15200000000002,0.0205,0.0195
29.01.2020 01:50:20.071 GMT+0100,161.162,161.125,0.0205,0.0195
29.01.2020 01:50:20.381 GMT+0100,161.175,161.138,0.0205,0.0195
29.01.2020 01:50:20.538 GMT+0100,161.186,161.158,0.0205,0.0195
29.01.2020 01:50:20.743 GMT+0100,161.16,161.125,0.0205,0.0195
29.01.2020 01:50:20.880 GMT+0100,161.19299999999998,161.154,0.0205,0.0195
29.01.2020 01:50:21.178 GMT+0100,161.186,161.155,0.0205,0.0195
29.01.2020 01:50:21.884 GMT+0100,161.162,161.122,0.0205,0.0195
29.01.2020 01:50:22.334 GMT+0100,161.155,161.122,0.0205,0.0195
29.01.2020 01:50:23.994 GMT+0100,161.161,161.121,0.0205,0.0195
29.01.2020 01:50:24.079 GMT+0100,161.192,161.156,0.0205,0.0195
29.01.2020 01:50:26.063 GMT+0100,161.162,161.127,0.0205,0.0195
29.01.2020 01:50:27.641 GMT+0100,161.162,161.123,0.0205,0.0195
29.01.2020 01:50:46.515 GMT+0100,161.155,161.122,0.0205,0.0195
29.01.2020 01:50:46.673 GMT+0100,161.155,161.124,0.0205,0.0195
29.01.2020 01:50:47.793 GMT+0100,161.162,161.127,0.0205,0.0195
29.01.2020 01:51:04.696 GMT+0100,161.158,161.123,0.0205,0.0195
29.01.2020 01:51:22.855 GMT+0100,161.155,161.121,0.0205,0.0195
29.01.2020 01:51:37.635 GMT+0100,161.161,161.122,0.0205,0.0195
29.01.2020 01:51:42.458 GMT+0100,161.155,161.123,0.0205,0.0195
29.01.2020 01:51:48.415 GMT+0100,161.16,161.123,0.0205,0.0195
29.01.2020 01:52:00.249 GMT+0100,161.16,161.121,0.0205,0.0195
29.01.2020 01:52:02.171 GMT+0100,161.155,161.127,0.0205,0.0195
29.01.2020 01:52:20.499 GMT+0100,161.162,161.121,0.0205,0.0195
29.01.2020 01:52:31.352 GMT+0100,161.158,161.121,0.0205,0.0195
29.01.2020 01:52:48.268 GMT+0100,161.158,161.123,0.0205,0.0195
29.01.2020 01:52:52.377 GMT+0100,161.192,161.155,0.0205,0.0195
29.01.2020 01:52:52.427 GMT+0100,161.16,161.125,0.0205,0.0195
29.01.2020 01:52:53.388 GMT+0100,161.157,161.127,0.0205,0.0195
29.01.2020 01:53:02.171 GMT+0100,161.158,161.127,0.0205,0.0195
29.01.2020 01:53:31.324 GMT+0100,161.19,161.156,0.0205,0.0195
29.01.2020 01:53:31.671 GMT+0100,161.155,161.125,0.0205,0.0195
29.01.2020 01:53:58.942 GMT+0100,161.19,161.151,0.0205,0.0195
29.01.2020 01:53:59.016 GMT+0100,161.159,161.127,0.0205,0.0195
29.01.2020 01:53:59.121 GMT+0100,161.178,161.14100000000002,0.0205,0.0195
29.01.2020 01:53:59.232 GMT+0100,161.19299999999998,161.156,0.0205,0.0195
29.01.2020 01:54:05.418 GMT+0100,161.19,161.154,0.0205,0.0195
29.01.2020 01:54:05.896 GMT+0100,161.191,161.15200000000002,0.0205,0.0195
29.01.2020 01:54:09.039 GMT+0100,161.19299999999998,161.153,0.0205,0.0195
29.01.2020 01:54:21.052 GMT+0100,161.189,161.156,0.0205,0.0195
29.01.2020 01:54:31.730 GMT+0100,161.191,161.158,0.0205,0.0195
29.01.2020 01:54:35.594 GMT+0100,161.186,161.156,0.0205,0.0195
29.01.2020 01:54:38.993 GMT+0100,161.19,161.151,0.0205,0.0195
29.01.2020 01:54:45.468 GMT+0100,161.189,161.153,0.0205,0.0195
29.01.2020 01:54:51.390 GMT+0100,161.19299999999998,161.15200000000002,0.0205,0.0195
29.01.2020 01:54:56.058 GMT+0100,161.188,161.158,0.0205,0.0195
29.01.2020 01:55:02.622 GMT+0100,161.19299999999998,161.153,0.0205,0.0195
29.01.2020 01:55:11.671 GMT+0100,161.189,161.15200000000002,0.0205,0.0195
29.01.2020 01:55:13.630 GMT+0100,161.192,161.151,0.0205,0.0195
29.01.2020 01:55:27.795 GMT+0100,161.188,161.158,0.0205,0.0195
29.01.2020 01:55:58.689 GMT+0100,161.19299999999998,161.158,0.0205,0.0195
29.01.2020 01:56:27.611 GMT+0100,161.186,161.153,0.0205,0.0195
29.01.2020 01:56:32.023 GMT+0100,161.19299999999998,161.15200000000002,0.0205,0.0195
29.01.2020 01:56:32.148 GMT+0100,161.192,161.15200000000002,0.0205,0.0195
29.01.2020 01:56:34.911 GMT+0100,161.19299999999998,161.15200000000002,0.0205,0.0195
29.01.2020 01:56:40.230 GMT+0100,161.19299999999998,161.154,0.0205,0.0195
29.01.2020 01:56:53.192 GMT+0100,161.19,161.151,0.0205,0.0195
29.01.2020 01:57:06.314 GMT+0100,161.19299999999998,161.153,0.0205,0.0195
29.01.2020 01:57:06.365 GMT+0100,161.16,161.122,0.0205,0.0195
29.01.2020 01:57:07.493 GMT+0100,161.155,161.122,0.0205,0.0195
29.01.2020 01:57:28.430 GMT+0100,161.157,161.122,0.0205,0.0195
29.01.2020 01:57:28.500 GMT+0100,161.191,161.156,0.0205,0.0195
29.01.2020 01:57:30.046 GMT+0100,161.189,161.155,0.0205,0.0195
29.01.2020 01:57:35.580 GMT+0100,161.192,161.158,0.0205,0.0195
29.01.2020 01:57:45.325 GMT+0100,161.19299999999998,161.151,0.0205,0.0195
29.01.2020 01:57:50.737 GMT+0100,161.192,161.151,0.0205,0.0195
29.01.2020 01:57:56.002 GMT+0100,161.191,161.151,0.0205,0.0195
29.01.2020 01:58:04.078 GMT+0100,161.191,161.15200000000002,0.0205,0.0195
29.01.2020 01:58:22.464 GMT+0100,161.19299999999998,161.155,0.0205,0.0195
29.01.2020 01:58:32.816 GMT+0100,161.189,161.158,0.0205,0.0195
29.01.2020 01:59:02.038 GMT+0100,161.192,161.156,0.0205,0.0195
29.01.2020 01:59:08.667 GMT+0100,161.19,161.151,0.0205,0.0195
29.01.2020 01:59:23.309 GMT+0100,161.192,161.158,0.0205,0.0195
29.01.2020 01:59:47.912 GMT+0100,161.159,161.121,0.0205,0.0195
29.01.2020 01:59:49.735 GMT+0100,161.155,161.125,0.0205,0.0195
29.01.2020 01:59:53.619 GMT+0100,161.155,161.121,0.0205,0.0195
29.01.2020 01:59:54.289 GMT+0100,161.16,161.122,0.0205,0.0195
29.01.2020 02:00:01.123 GMT+0100,161.157,161.123,0.0205,0.0195
29.01.2020 02:00:48.125 GMT+0100,161.157,161.12,0.0205,0.0195
29.01.2020 02:00:49.937 GMT+0100,161.155,161.12,0.0205,0.0195
29.01.2020 02:00:58.638 GMT+0100,161.189,161.154,0.0205,0.0195
29.01.2020 02:00:58.689 GMT+0100,161.157,161.121,0.0205,0.0195
29.01.2020 02:01:00.221 GMT+0100,161.155,161.121,0.0205,0.0195
29.01.2020 02:01:00.929 GMT+0100,161.174,161.136,0.0205,0.0195
29.01.2020 02:01:01.093 GMT+0100,161.157,161.124,0.0205,0.0195
29.01.2020 02:01:02.942 GMT+0100,161.159,161.124,0.0205,0.0195
29.01.2020 02:01:03.494 GMT+0100,161.162,161.121,0.0205,0.0195
29.01.2020 02:01:04.059 GMT+0100,161.159,161.121,0.0205,0.0195
29.01.2020 02:01:06.304 GMT+0100,161.161,161.127,0.0205,0.0195
29.01.2020 02:01:11.815 GMT+0100,161.157,161.123,0.0205,0.0195
29.01.2020 02:01:14.120 GMT+0100,161.16,161.122,0.0205,0.0195
29.01.2020 02:01:24.784 GMT+0100,161.189,161.151,0.0205,0.0195
29.01.2020 02:01:25.595 GMT+0100,161.191,161.15200000000002,0.0205,0.0195
29.01.2020 02:01:50.277 GMT+0100,161.155,161.12,0.0205,0.0195
29.01.2020 02:01:50.540 GMT+0100,161.17600000000002,161.139,0.0205,0.0195
29.01.2020 02:01:50.657 GMT+0100,161.189,161.154,0.0205,0.0195
29.01.2020 02:01:55.556 GMT+0100,161.188,161.151,0.0205,0.0195
29.01.2020 02:01:55.796 GMT+0100,161.155,161.12,0.0205,0.0195
29.01.2020 02:01:58.679 GMT+0100,161.155,161.121,0.0205,0.0195
29.01.2020 02:01:58.783 GMT+0100,161.192,161.151,0.0205,0.0195
29.01.2020 02:02:00.384 GMT+0100,161.19,161.153,0.0205,0.0195
29.01.2020 02:02:02.172 GMT+0100,161.19299999999998,161.153,0.0205,0.0195
29.01.2020 02:02:05.753 GMT+0100,161.188,161.151,0.0205,0.0195
29.01.2020 02:02:22.013 GMT+0100,161.186,161.154,0.0205,0.0195
29.01.2020 02:02:43.439 GMT+0100,161.186,161.158,0.0205,0.0195
29.01.2020 02:02:46.267 GMT+0100,161.19,161.151,0.0205,0.0195
29.01.2020 02:02:49.000 GMT+0100,161.19299999999998,161.156,0.0205,0.0195
29.01.2020 02:03:02.063 GMT+0100,161.186,161.155,0.0205,0.0195
29.01.2020 02:04:03.616 GMT+0100,161.162,161.125,0.0205,0.0195
29.01.2020 02:04:05.962 GMT+0100,161.157,161.122,0.0205,0.0195
29.01.2020 02:04:20.380 GMT+0100,161.162,161.12,0.0205,0.0195
29.01.2020 02:04:21.788 GMT+0100,161.155,161.125,0.0205,0.0195
29.01.2020 02:04:23.174 GMT+0100,161.157,161.127,0.0205,0.0195
29.01.2020 02:04:31.304 GMT+0100,161.155,161.127,0.0205,0.0195
29.01.2020 02:04:39.553 GMT+0100,161.157,161.123,0.0205,0.0195
29.01.2020 02:04:47.927 GMT+0100,161.129,161.089,0.0205,0.0195
29.01.2020 02:04:48.146 GMT+0100,161.129,161.092,0.0205,0.0195
29.01.2020 02:04:49.168 GMT+0100,161.145,161.105,0.0205,0.0195
29.01.2020 02:04:49.349 GMT+0100,161.159,161.12,0.0205,0.0195
29.01.2020 02:04:51.467 GMT+0100,161.161,161.12,0.0205,0.0195
29.01.2020 02:05:22.176 GMT+0100,161.157,161.125,0.0205,0.0195
29.01.2020 02:05:29.964 GMT+0100,161.155,161.125,0.0205,0.0195
29.01.2020 02:05:34.546 GMT+0100,161.161,161.122,0.0205,0.0195
29.01.2020 02:05:37.377 GMT+0100,161.162,161.12,0.0205,0.0195
29.01.2020 02:06:15.009 GMT+0100,161.158,161.127,0.0205,0.0195
29.01.2020 02:06:59.461 GMT+0100,161.159,161.12,0.0205,0.0195
29.01.2020 02:06:59.747 GMT+0100,161.162,161.122,0.0205,0.0195
29.01.2020 02:07:10.684 GMT+0100,161.16,161.125,0.0205,0.0195
29.01.2020 02:07:13.608 GMT+0100,161.16,161.121,0.0205,0.0195
29.01.2020 02:07:23.213 GMT+0100,161.158,161.123,0.0205,0.0195
29.01.2020 02:07:26.344 GMT+0100,161.162,161.121,0.0205,0.0195
29.01.2020 02:07:29.672 GMT+0100,161.161,161.122,0.0205,0.0195
29.01.2020 02:07:34.196 GMT+0100,161.162,161.12,0.0205,0.0195
29.01.2020 02:07:56.853 GMT+0100,161.16,161.127,0.0205,0.0195
29.01.2020 02:08:02.611 GMT+0100,161.16,161.123,0.0205,0.0195
29.01.2020 02:08:07.054 GMT+0100,161.162,161.122,0.0205,0.0195
29.01.2020 02:08:25.553 GMT+0100,161.158,161.124,0.0205,0.0195
29.01.2020 02:08:26.996 GMT+0100,161.157,161.121,0.0205,0.0195
29.01.2020 02:08:27.046 GMT+0100,161.19,161.156,0.0205,0.0195
29.01.2020 02:08:28.015 GMT+0100,161.16,161.127,0.0205,0.0195
29.01.2020 02:08:37.294 GMT+0100,161.155,161.121,0.0205,0.0195
29.01.2020 02:08:38.119 GMT+0100,161.16,161.12,0.0205,0.0195
29.01.2020 02:08:43.261 GMT+0100,161.127,161.09,0.0205,0.0195
29.01.2020 02:08:45.161 GMT+0100,161.129,161.093,0.0205,0.0195
29.01.2020 02:08:46.148 GMT+0100,161.155,161.127,0.0205,0.0195
29.01.2020 02:08:47.141 GMT+0100,161.158,161.122,0.0205,0.0195
29.01.2020 02:08:47.387 GMT+0100,161.161,161.124,0.0205,0.0195
29.01.2020 02:08:59.040 GMT+0100,161.158,161.12,0.0205,0.0195
29.01.2020 02:09:04.101 GMT+0100,161.158,161.124,0.0205,0.0195
29.01.2020 02:09:05.248 GMT+0100,161.157,161.125,0.0205,0.0195
29.01.2020 02:09:16.681 GMT+0100,161.157,161.124,0.0205,0.0195
29.01.2020 02:09:24.483 GMT+0100,161.161,161.121,0.0205,0.0195
29.01.2020 02:09:48.949 GMT+0100,161.157,161.123,0.0205,0.0195
29.01.2020 02:09:59.438 GMT+0100,161.162,161.125,0.0205,0.0195
29.01.2020 02:10:09.879 GMT+0100,161.159,161.121,0.0205,0.0195
29.01.2020 02:10:11.308 GMT+0100,161.162,161.12,0.0205,0.0195
29.01.2020 02:10:11.847 GMT+0100,161.161,161.124,0.0205,0.0195
29.01.2020 02:10:19.176 GMT+0100,161.158,161.123,0.0205,0.0195
29.01.2020 02:10:23.176 GMT+0100,161.155,161.127,0.0205,0.0195
29.01.2020 02:10:31.803 GMT+0100,161.158,161.121,0.0205,0.0195
29.01.2020 02:10:38.952 GMT+0100,161.157,161.127,0.0205,0.0195
29.01.2020 02:10:48.249 GMT+0100,161.158,161.125,0.0205,0.0195
29.01.2020 02:11:01.313 GMT+0100,161.157,161.124,0.0205,0.0195
29.01.2020 02:11:02.300 GMT+0100,161.157,161.127,0.0205,0.0195
29.01.2020 02:11:24.405 GMT+0100,161.16,161.122,0.0205,0.0195
29.01.2020 02:11:30.874 GMT+0100,161.155,161.121,0.0205,0.0195
29.01.2020 02:12:02.166 GMT+0100,161.157,161.121,0.0205,0.0195
29.01.2020 02:12:26.028 GMT+0100,161.162,161.124,0.0205,0.0195
29.01.2020 02:12:53.031 GMT+0100,161.159,161.121,0.0205,0.0195
29.01.2020 02:13:02.516 GMT+0100,161.158,161.125,0.0205,0.0195
29.01.2020 02:13:16.320 GMT+0100,161.16,161.124,0.0205,0.0195
29.01.2020 02:13:27.828 GMT+0100,161.161,161.125,0.0205,0.0195
29.01.2020 02:13:37.030 GMT+0100,161.16,161.122,0.0205,0.0195
29.01.2020 02:13:51.354 GMT+0100,161.155,161.125,0.0205,0.0195
29.01.2020 02:13:57.856 GMT+0100,161.161,161.125,0.0205,0.0195
29.01.2020 02:14:01.388 GMT+0100,161.161,161.124,0.0205,0.0195
29.01.2020 02:14:23.167 GMT+0100,161.16,161.124,0.0205,0.0195
29.01.2020 02:14:39.134 GMT+0100,161.155,161.127,0.0205,0.0195
29.01.2020 02:14:45.555 GMT+0100,161.128,161.096,0.0205,0.0195
29.01.2020 02:14:46.685 GMT+0100,161.127,161.089,0.0205,0.0195
29.01.2020 02:15:01.340 GMT+0100,161.13,161.096,0.0205,0.0195
29.01.2020 02:15:03.959 GMT+0100,161.127,161.093,0.0205,0.0195
29.01.2020 02:15:05.177 GMT+0100,161.131,161.093,0.0205,0.0195
29.01.2020 02:15:10.305 GMT+0100,161.093,161.061,0.0205,0.0195
29.01.2020 02:15:10.915 GMT+0100,161.099,161.061,0.0205,0.0195
29.01.2020 02:15:14.436 GMT+0100,161.1,161.065,0.0205,0.0195
29.01.2020 02:15:15.832 GMT+0100,161.093,161.06,0.0205,0.0195
29.01.2020 02:15:16.680 GMT+0100,161.067,161.029,0.0205,0.0195
29.01.2020 02:15:16.960 GMT+0100,161.061,161.02700000000002,0.0205,0.0195
29.01.2020 02:15:21.243 GMT+0100,161.065,161.031,0.0205,0.0195
29.01.2020 02:15:21.487 GMT+0100,161.067,161.02700000000002,0.0205,0.0195
29.01.2020 02:15:23.517 GMT+0100,161.063,161.02700000000002,0.0205,0.0195
29.01.2020 02:15:26.247 GMT+0100,161.061,161.028,0.0205,0.0195
29.01.2020 02:15:32.724 GMT+0100,161.066,161.02700000000002,0.0205,0.0195
29.01.2020 02:15:35.285 GMT+0100,161.063,161.031,0.0205,0.0195
29.01.2020 02:15:35.915 GMT+0100,161.03,160.995,0.0205,0.0195
29.01.2020 02:15:36.733 GMT+0100,161.035,160.997,0.0205,0.0195
29.01.2020 02:15:39.089 GMT+0100,161.034,160.998,0.0205,0.0195
29.01.2020 02:15:39.677 GMT+0100,161.03,160.997,0.0205,0.0195
29.01.2020 02:15:42.529 GMT+0100,161.034,160.998,0.0205,0.0195
29.01.2020 02:15:42.900 GMT+0100,161.033,160.995,0.0205,0.0195
29.01.2020 02:15:46.604 GMT+0100,161.03,161.002,0.0205,0.0195
29.01.2020 02:15:47.749 GMT+0100,161.033,160.996,0.0205,0.0195
29.01.2020 02:15:50.966 GMT+0100,161.034,160.999,0.0205,0.0195
29.01.2020 02:15:51.662 GMT+0100,161.063,161.03,0.0205,0.0195
29.01.2020 02:15:52.015 GMT+0100,161.065,161.03,0.0205,0.0195
29.01.2020 02:15:52.999 GMT+0100,161.065,161.033,0.0205,0.0195
29.01.2020 02:15:56.669 GMT+0100,161.061,161.028,0.0205,0.0195
29.01.2020 02:15:58.061 GMT+0100,161.036,160.997,0.0205,0.0195
29.01.2020 02:15:58.414 GMT+0100,161.032,160.999,0.0205,0.0195
29.01.2020 02:16:00.336 GMT+0100,161.053,161.011,0.0205,0.0195
29.01.2020 02:16:00.654 GMT+0100,161.065,161.03,0.0205,0.0195
29.01.2020 02:16:00.869 GMT+0100,161.066,161.03,0.0205,0.0195
29.01.2020 02:16:09.792 GMT+0100,161.03,160.998,0.0205,0.0195
29.01.2020 02:16:09.842 GMT+0100,161.063,161.03,0.0205,0.0195
29.01.2020 02:16:11.093 GMT+0100,161.06799999999998,161.029,0.0205,0.0195
29.01.2020 02:16:20.476 GMT+0100,161.05100000000002,161.011,0.0205,0.0195
29.01.2020 02:16:20.593 GMT+0100,161.036,160.999,0.0205,0.0195
29.01.2020 02:16:21.132 GMT+0100,161.037,160.999,0.0205,0.0195
29.01.2020 02:16:22.547 GMT+0100,161.032,160.998,0.0205,0.0195
29.01.2020 02:16:24.664 GMT+0100,160.999,160.968,0.0205,0.0195
29.01.2020 02:16:24.714 GMT+0100,161.034,160.999,0.0205,0.0195
29.01.2020 02:16:25.496 GMT+0100,161.03,160.998,0.0205,0.0195
29.01.2020 02:16:28.615 GMT+0100,161.032,160.996,0.0205,0.0195
29.01.2020 02:16:28.671 GMT+0100,161.004,160.966,0.0205,0.0195
29.01.2020 02:16:29.314 GMT+0100,161.005,160.964,0.0205,0.0195
29.01.2020 02:16:33.889 GMT+0100,161.03,160.995,0.0205,0.0195
29.01.2020 02:16:34.513 GMT+0100,161.034,160.998,0.0205,0.0195
29.01.2020 02:16:49.421 GMT+0100,161.004,160.969,0.0205,0.0195
29.01.2020 02:16:50.228 GMT+0100,161.006,160.966,0.0205,0.0195
29.01.2020 02:16:56.494 GMT+0100,160.971,160.934,0.0205,0.0195
29.01.2020 02:16:57.311 GMT+0100,160.975,160.934,0.0205,0.0195
29.01.2020 02:16:58.715 GMT+0100,161.002,160.971,0.0205,0.0195
29.01.2020 02:17:02.821 GMT+0100,161.005,160.971,0.0205,0.0195
29.01.2020 02:17:03.643 GMT+0100,161.001,160.968,0.0205,0.0195
29.01.2020 02:17:11.022 GMT+0100,161.002,160.966,0.0205,0.0195
29.01.2020 02:17:11.452 GMT+0100,160.974,160.936,0.0205,0.0195
29.01.2020 02:17:11.591 GMT+0100,161.004,160.966,0.0205,0.0195
29.01.2020 02:17:12.423 GMT+0100,160.985,160.951,0.0205,0.0195
29.01.2020 02:17:12.564 GMT+0100,160.971,160.937,0.0205,0.0195
29.01.2020 02:17:13.483 GMT+0100,160.974,160.94,0.0205,0.0195
29.01.2020 02:17:17.767 GMT+0100,160.971,160.934,0.0205,0.0195
29.01.2020 02:17:28.258 GMT+0100,160.968,160.935,0.0205,0.0195
29.01.2020 02:17:29.967 GMT+0100,160.974,160.934,0.0205,0.0195
29.01.2020 02:17:30.390 GMT+0100,160.97,160.934,0.0205,0.0195
29.01.2020 02:17:30.921 GMT+0100,160.971,160.933,0.0205,0.0195
29.01.2020 02:17:33.030 GMT+0100,160.974,160.936,0.0205,0.0195
29.01.2020 02:17:34.370 GMT+0100,160.974,160.937,0.0205,0.0195
29.01.2020 02:17:36.677 GMT+0100,160.975,160.933,0.0205,0.0195
29.01.2020 02:17:37.348 GMT+0100,160.972,160.934,0.0205,0.0195
29.01.2020 02:17:38.027 GMT+0100,160.971,160.935,0.0205,0.0195
29.01.2020 02:17:40.953 GMT+0100,160.941,160.908,0.0205,0.0195
29.01.2020 02:17:41.464 GMT+0100,160.94,160.906,0.0205,0.0195
29.01.2020 02:17:47.978 GMT+0100,160.91,160.874,0.0205,0.0195
29.01.2020 02:17:48.144 GMT+0100,160.908,160.875,0.0205,0.0195
29.01.2020 02:17:48.562 GMT+0100,160.908,160.87,0.0205,0.0195
29.01.2020 02:17:51.244 GMT+0100,160.94299999999998,160.905,0.0205,0.0195
29.01.2020 02:17:51.381 GMT+0100,160.909,160.877,0.0205,0.0195
29.01.2020 02:17:51.803 GMT+0100,160.942,160.904,0.0205,0.0195
29.01.2020 02:17:51.903 GMT+0100,160.912,160.877,0.0205,0.0195
29.01.2020 02:17:52.015 GMT+0100,160.936,160.908,0.0205,0.0195
29.01.2020 02:17:52.123 GMT+0100,160.908,160.875,0.0205,0.0195
29.01.2020 02:17:52.394 GMT+0100,160.939,160.90200000000002,0.0205,0.0195
29.01.2020 02:17:53.146 GMT+0100,160.942,160.90200000000002,0.0205,0.0195
29.01.2020 02:17:54.052 GMT+0100,160.968,160.94,0.0205,0.0195
29.01.2020 02:17:54.334 GMT+0100,160.974,160.933,0.0205,0.0195
29.01.2020 02:17:54.903 GMT+0100,160.97,160.933,0.0205,0.0195
29.01.2020 02:17:55.415 GMT+0100,160.974,160.933,0.0205,0.0195
29.01.2020 02:17:56.489 GMT+0100,160.97299999999998,160.935,0.0205,0.0195
29.01.2020 02:17:56.857 GMT+0100,160.972,160.94,0.0205,0.0195
29.01.2020 02:17:57.089 GMT+0100,160.942,160.908,0.0205,0.0195
29.01.2020 02:17:58.367 GMT+0100,160.939,160.905,0.0205,0.0195
29.01.2020 02:17:58.640 GMT+0100,160.97,160.94,0.0205,0.0195
29.01.2020 02:18:00.088 GMT+0100,160.968,160.933,0.0205,0.0195
29.01.2020 02:18:00.996 GMT+0100,160.938,160.906,0.0205,0.0195
29.01.2020 02:18:01.200 GMT+0100,160.941,160.901,0.0205,0.0195
29.01.2020 02:18:04.761 GMT+0100,160.94299999999998,160.90200000000002,0.0205,0.0195
29.01.2020 02:18:05.819 GMT+0100,160.907,160.874,0.0205,0.0195
29.01.2020 02:18:05.958 GMT+0100,160.923,160.89000000000001,0.0205,0.0195
29.01.2020 02:18:06.078 GMT+0100,160.908,160.872,0.0205,0.0195
29.01.2020 02:18:06.382 GMT+0100,160.941,160.903,0.0205,0.0195
29.01.2020 02:18:06.589 GMT+0100,160.92700000000002,160.889,0.0205,0.0195
29.01.2020 02:18:06.736 GMT+0100,160.905,160.875,0.0205,0.0195
29.01.2020 02:18:07.484 GMT+0100,160.905,160.871,0.0205,0.0195
29.01.2020 02:18:07.796 GMT+0100,160.94,160.906,0.0205,0.0195
29.01.2020 02:18:08.834 GMT+0100,160.941,160.904,0.0205,0.0195
29.01.2020 02:18:09.515 GMT+0100,160.942,160.904,0.0205,0.0195
29.01.2020 02:18:13.186 GMT+0100,160.94299999999998,160.905,0.0205,0.0195
29.01.2020 02:18:15.121 GMT+0100,160.968,160.936,0.0205,0.0195
29.01.2020 02:18:15.600 GMT+0100,160.975,160.933,0.0205,0.0195
29.01.2020 02:18:19.321 GMT+0100,160.939,160.908,0.0205,0.0195
29.01.2020 02:18:19.753 GMT+0100,160.971,160.94,0.0205,0.0195
29.01.2020 02:18:19.910 GMT+0100,160.974,160.94,0.0205,0.0195
29.01.2020 02:18:20.509 GMT+0100,160.974,160.934,0.0205,0.0195
29.01.2020 02:18:23.977 GMT+0100,160.97,160.937,0.0205,0.0195
29.01.2020 02:18:25.559 GMT+0100,160.972,160.937,0.0205,0.0195
29.01.2020 02:18:29.509 GMT+0100,160.97299999999998,160.936,0.0205,0.0195
29.01.2020 02:18:32.220 GMT+0100,160.971,160.937,0.0205,0.0195
29.01.2020 02:18:32.815 GMT+0100,160.971,160.94,0.0205,0.0195
29.01.2020 02:18:34.351 GMT+0100,160.97,160.935,0.0205,0.0195
29.01.2020 02:18:39.820 GMT+0100,160.968,160.937,0.0205,0.0195
29.01.2020 02:18:53.206 GMT+0100,160.974,160.934,0.0205,0.0195
29.01.2020 02:18:53.931 GMT+0100,160.938,160.908,0.0205,0.0195
29.01.2020 02:18:54.231 GMT+0100,160.97299999999998,160.938,0.0205,0.0195
29.01.2020 02:18:54.867 GMT+0100,160.939,160.90200000000002,0.0205,0.0195
29.01.2020 02:18:55.387 GMT+0100,160.954,160.924,0.0205,0.0195
29.01.2020 02:18:56.843 GMT+0100,160.942,160.90200000000002,0.0205,0.0195
29.01.2020 02:18:58.151 GMT+0100,160.941,160.906,0.0205,0.0195
29.01.2020 02:19:00.729 GMT+0100,160.97,160.936,0.0205,0.0195
29.01.2020 02:19:01.260 GMT+0100,160.968,160.938,0.0205,0.0195
29.01.2020 02:19:02.036 GMT+0100,160.972,160.934,0.0205,0.0195
29.01.2020 02:19:02.086 GMT+0100,160.94,160.903,0.0205,0.0195
29.01.2020 02:19:02.395 GMT+0100,160.941,160.903,0.0205,0.0195
29.01.2020 02:19:05.608 GMT+0100,160.94,160.904,0.0205,0.0195
29.01.2020 02:19:06.169 GMT+0100,160.939,160.905,0.0205,0.0195
29.01.2020 02:19:07.809 GMT+0100,160.938,160.904,0.0205,0.0195
29.01.2020 02:19:18.795 GMT+0100,160.938,160.905,0.0205,0.0195
29.01.2020 02:19:19.100 GMT+0100,160.938,160.908,0.0205,0.0195
29.01.2020 02:19:47.564 GMT+0100,160.941,160.906,0.0205,0.0195
29.01.2020 02:19:48.307 GMT+0100,160.939,160.905,0.0205,0.0195
29.01.2020 02:19:48.892 GMT+0100,160.94299999999998,160.908,0.0205,0.0195
29.01.2020 02:19:49.698 GMT+0100,160.972,160.937,0.0205,0.0195
29.01.2020 02:19:51.572 GMT+0100,160.974,160.938,0.0205,0.0195
29.01.2020 02:19:52.506 GMT+0100,160.975,160.936,0.0205,0.0195
29.01.2020 02:19:58.272 GMT+0100,160.975,160.935,0.0205,0.0195
29.01.2020 02:19:59.076 GMT+0100,160.97,160.935,0.0205,0.0195
29.01.2020 02:20:03.051 GMT+0100,160.97,160.936,0.0205,0.0195
29.01.2020 02:20:05.253 GMT+0100,160.971,160.938,0.0205,0.0195
29.01.2020 02:20:06.276 GMT+0100,160.968,160.935,0.0205,0.0195
29.01.2020 02:20:09.741 GMT+0100,160.972,160.938,0.0205,0.0195
29.01.2020 02:20:12.595 GMT+0100,160.97299999999998,160.937,0.0205,0.0195
29.01.2020 02:20:14.856 GMT+0100,160.971,160.938,0.0205,0.0195
29.01.2020 02:20:23.841 GMT+0100,160.968,160.937,0.0205,0.0195
29.01.2020 02:20:26.312 GMT+0100,161.001,160.971,0.0205,0.0195
29.01.2020 02:20:26.683 GMT+0100,160.975,160.94,0.0205,0.0195
29.01.2020 02:20:26.784 GMT+0100,160.968,160.937,0.0205,0.0195
29.01.2020 02:20:28.005 GMT+0100,160.97,160.937,0.0205,0.0195
29.01.2020 02:20:30.090 GMT+0100,161.004,160.969,0.0205,0.0195
29.01.2020 02:20:30.636 GMT+0100,160.999,160.966,0.0205,0.0195
29.01.2020 02:20:34.325 GMT+0100,161.002,160.964,0.0205,0.0195
29.01.2020 02:20:36.033 GMT+0100,161.006,160.966,0.0205,0.0195
29.01.2020 02:20:38.674 GMT+0100,161.003,160.967,0.0205,0.0195
29.01.2020 02:20:44.807 GMT+0100,160.999,160.971,0.0205,0.0195
29.01.2020 02:20:47.197 GMT+0100,161.001,160.964,0.0205,0.0195
29.01.2020 02:20:48.503 GMT+0100,160.999,160.968,0.0205,0.0195
29.01.2020 02:20:54.308 GMT+0100,160.999,160.971,0.0205,0.0195
29.01.2020 02:20:57.257 GMT+0100,161.004,160.968,0.0205,0.0195
29.01.2020 02:20:58.591 GMT+0100,161.003,160.967,0.0205,0.0195
29.01.2020 02:21:04.246 GMT+0100,160.999,160.967,0.0205,0.0195
29.01.2020 02:21:06.529 GMT+0100,160.999,160.971,0.0205,0.0195
29.01.2020 02:21:08.160 GMT+0100,161.004,160.971,0.0205,0.0195
29.01.2020 02:21:09.113 GMT+0100,161.004,160.968,0.0205,0.0195
29.01.2020 02:21:16.223 GMT+0100,161.006,160.967,0.0205,0.0195
29.01.2020 02:21:17.561 GMT+0100,161.006,160.966,0.0205,0.0195
29.01.2020 02:21:20.369 GMT+0100,161.001,160.965,0.0205,0.0195
29.01.2020 02:21:24.755 GMT+0100,161.002,160.969,0.0205,0.0195
29.01.2020 02:21:27.170 GMT+0100,161.006,160.967,0.0205,0.0195
29.01.2020 02:21:43.042 GMT+0100,160.999,160.968,0.0205,0.0195
29.01.2020 02:21:43.092 GMT+0100,161.03,161,0.0205,0.0195
29.01.2020 02:21:43.740 GMT+0100,161.033,160.998,0.0205,0.0195
29.01.2020 02:21:48.109 GMT+0100,161.035,160.998,0.0205,0.0195
29.01.2020 02:21:48.755 GMT+0100,161.005,160.968,0.0205,0.0195
29.01.2020 02:21:51.922 GMT+0100,161.002,160.966,0.0205,0.0195
29.01.2020 02:22:00.930 GMT+0100,161.003,160.971,0.0205,0.0195
29.01.2020 02:22:01.877 GMT+0100,161.003,160.967,0.0205,0.0195
29.01.2020 02:22:02.011 GMT+0100,161.005,160.966,0.0205,0.0195
29.01.2020 02:22:10.390 GMT+0100,161.001,160.965,0.0205,0.0195
29.01.2020 02:22:14.822 GMT+0100,161.002,160.971,0.0205,0.0195
29.01.2020 02:22:32.873 GMT+0100,161.006,160.965,0.0205,0.0195
29.01.2020 02:22:32.953 GMT+0100,161.002,160.969,0.0205,0.0195
29.01.2020 02:22:34.764 GMT+0100,160.975,160.936,0.0205,0.0195
29.01.2020 02:22:36.834 GMT+0100,160.97,160.934,0.0205,0.0195
29.01.2020 02:22:39.929 GMT+0100,161.006,160.966,0.0205,0.0195
29.01.2020 02:22:40.546 GMT+0100,161.003,160.965,0.0205,0.0195
29.01.2020 02:22:49.189 GMT+0100,160.975,160.933,0.0205,0.0195
29.01.2020 02:22:49.728 GMT+0100,160.97299999999998,160.933,0.0205,0.0195
29.01.2020 02:22:50.942 GMT+0100,161.005,160.968,0.0205,0.0195
29.01.2020 02:22:51.804 GMT+0100,161.006,160.966,0.0205,0.0195
29.01.2020 02:22:52.558 GMT+0100,160.968,160.94,0.0205,0.0195
29.01.2020 02:22:52.660 GMT+0100,160.975,160.933,0.0205,0.0195
29.01.2020 02:22:52.710 GMT+0100,161.003,160.964,0.0205,0.0195
29.01.2020 02:22:53.752 GMT+0100,161.001,160.971,0.0205,0.0195
29.01.2020 02:22:57.004 GMT+0100,161.006,160.964,0.0205,0.0195
29.01.2020 02:22:59.848 GMT+0100,161.006,160.967,0.0205,0.0195
29.01.2020 02:23:01.055 GMT+0100,161.006,160.969,0.0205,0.0195
29.01.2020 02:23:09.871 GMT+0100,161.003,160.966,0.0205,0.0195
29.01.2020 02:23:16.542 GMT+0100,161.001,160.971,0.0205,0.0195
29.01.2020 02:23:24.518 GMT+0100,161.03,160.996,0.0205,0.0195
29.01.2020 02:23:25.118 GMT+0100,161.035,160.998,0.0205,0.0195
29.01.2020 02:23:26.112 GMT+0100,161.003,160.964,0.0205,0.0195
29.01.2020 02:23:26.967 GMT+0100,161.003,160.971,0.0205,0.0195
29.01.2020 02:23:27.607 GMT+0100,161.037,160.996,0.0205,0.0195
29.01.2020 02:23:29.855 GMT+0100,161.034,160.995,0.0205,0.0195
29.01.2020 02:23:30.298 GMT+0100,161.004,160.968,0.0205,0.0195
29.01.2020 02:23:30.461 GMT+0100,161.005,160.964,0.0205,0.0195
29.01.2020 02:23:31.569 GMT+0100,161.003,160.969,0.0205,0.0195
29.01.2020 02:24:08.697 GMT+0100,161.002,160.967,0.0205,0.0195
29.01.2020 02:24:08.860 GMT+0100,160.98600000000002,160.953,0.0205,0.0195
29.01.2020 02:24:09.054 GMT+0100,160.971,160.936,0.0205,0.0195
29.01.2020 02:24:10.111 GMT+0100,160.971,160.935,0.0205,0.0195
29.01.2020 02:24:11.442 GMT+0100,160.999,160.964,0.0205,0.0195
29.01.2020 02:24:12.549 GMT+0100,161.001,160.967,0.0205,0.0195
29.01.2020 02:24:13.181 GMT+0100,161.005,160.969,0.0205,0.0195
29.01.2020 02:24:24.349 GMT+0100,160.999,160.967,0.0205,0.0195
29.01.2020 02:24:26.264 GMT+0100,160.999,160.966,0.0205,0.0195
29.01.2020 02:24:31.063 GMT+0100,161.002,160.969,0.0205,0.0195
29.01.2020 02:24:40.672 GMT+0100,160.971,160.94,0.0205,0.0195
29.01.2020 02:24:40.779 GMT+0100,160.968,160.936,0.0205,0.0195
29.01.2020 02:24:43.515 GMT+0100,160.97299999999998,160.936,0.0205,0.0195
29.01.2020 02:24:46.373 GMT+0100,160.974,160.94,0.0205,0.0195
29.01.2020 02:24:47.772 GMT+0100,160.97299999999998,160.936,0.0205,0.0195
29.01.2020 02:24:49.337 GMT+0100,160.972,160.934,0.0205,0.0195
29.01.2020 02:25:01.872 GMT+0100,160.97299999999998,160.933,0.0205,0.0195
29.01.2020 02:25:04.142 GMT+0100,160.968,160.933,0.0205,0.0195
29.01.2020 02:25:06.093 GMT+0100,160.971,160.935,0.0205,0.0195
29.01.2020 02:25:14.449 GMT+0100,160.975,160.936,0.0205,0.0195
29.01.2020 02:25:14.736 GMT+0100,160.968,160.936,0.0205,0.0195
29.01.2020 02:25:17.850 GMT+0100,160.974,160.938,0.0205,0.0195
29.01.2020 02:25:22.213 GMT+0100,160.97,160.934,0.0205,0.0195
29.01.2020 02:25:27.773 GMT+0100,160.938,160.908,0.0205,0.0195
29.01.2020 02:25:28.711 GMT+0100,160.942,160.904,0.0205,0.0195
29.01.2020 02:25:29.447 GMT+0100,160.94299999999998,160.904,0.0205,0.0195
29.01.2020 02:25:37.229 GMT+0100,160.97,160.934,0.0205,0.0195
29.01.2020 02:25:37.977 GMT+0100,160.97299999999998,160.936,0.0205,0.0195
29.01.2020 02:25:42.432 GMT+0100,160.972,160.936,0.0205,0.0195
29.01.2020 02:25:43.388 GMT+0100,160.975,160.94,0.0205,0.0195
29.01.2020 02:25:48.220 GMT+0100,160.971,160.936,0.0205,0.0195
29.01.2020 02:25:48.345 GMT+0100,160.972,160.937,0.0205,0.0195
29.01.2020 02:25:50.360 GMT+0100,160.971,160.937,0.0205,0.0195
29.01.2020 02:25:51.313 GMT+0100,160.97,160.938,0.0205,0.0195
29.01.2020 02:25:55.057 GMT+0100,160.971,160.938,0.0205,0.0195
29.01.2020 02:25:55.876 GMT+0100,160.942,160.90200000000002,0.0205,0.0195
29.01.2020 02:25:55.926 GMT+0100,160.97299999999998,160.938,0.0205,0.0195
29.01.2020 02:25:57.716 GMT+0100,160.972,160.936,0.0205,0.0195
29.01.2020 02:25:58.355 GMT+0100,160.974,160.934,0.0205,0.0195
29.01.2020 02:25:59.049 GMT+0100,160.975,160.934,0.0205,0.0195
29.01.2020 02:26:00.991 GMT+0100,160.971,160.94,0.0205,0.0195
29.01.2020 02:26:03.794 GMT+0100,160.97299999999998,160.933,0.0205,0.0195
29.01.2020 02:26:05.491 GMT+0100,160.97299999999998,160.937,0.0205,0.0195
29.01.2020 02:26:17.926 GMT+0100,160.971,160.933,0.0205,0.0195
29.01.2020 02:26:23.626 GMT+0100,161.004,160.967,0.0205,0.0195
29.01.2020 02:26:23.827 GMT+0100,160.975,160.935,0.0205,0.0195
29.01.2020 02:26:24.607 GMT+0100,160.972,160.937,0.0205,0.0195
29.01.2020 02:26:28.806 GMT+0100,160.98700000000002,160.953,0.0205,0.0195
29.01.2020 02:26:28.916 GMT+0100,161.006,160.964,0.0205,0.0195
29.01.2020 02:26:29.383 GMT+0100,161.004,160.965,0.0205,0.0195
29.01.2020 02:26:30.848 GMT+0100,161.003,160.966,0.0205,0.0195
29.01.2020 02:26:32.242 GMT+0100,161.006,160.969,0.0205,0.0195
29.01.2020 02:26:58.300 GMT+0100,161.006,160.967,0.0205,0.0195
29.01.2020 02:27:03.105 GMT+0100,161.005,160.971,0.0205,0.0195
29.01.2020 02:27:04.505 GMT+0100,161.005,160.969,0.0205,0.0195
29.01.2020 02:27:05.917 GMT+0100,160.999,160.965,0.0205,0.0195
29.01.2020 02:27:06.450 GMT+0100,161.001,160.964,0.0205,0.0195
29.01.2020 02:27:08.812 GMT+0100,161.003,160.965,0.0205,0.0195
29.01.2020 02:27:10.368 GMT+0100,161.002,160.968,0.0205,0.0195
29.01.2020 02:27:21.468 GMT+0100,161.006,160.971,0.0205,0.0195
29.01.2020 02:27:23.869 GMT+0100,161.001,160.964,0.0205,0.0195
29.01.2020 02:27:33.463 GMT+0100,161.006,160.966,0.0205,0.0195
29.01.2020 02:27:37.808 GMT+0100,161.032,161,0.0205,0.0195
29.01.2020 02:27:38.583 GMT+0100,161.035,160.995,0.0205,0.0195
29.01.2020 02:27:38.712 GMT+0100,161.004,160.968,0.0205,0.0195
29.01.2020 02:27:40.457 GMT+0100,161.002,160.964,0.0205,0.0195
29.01.2020 02:27:41.492 GMT+0100,160.999,160.971,0.0205,0.0195
29.01.2020 02:27:42.360 GMT+0100,160.999,160.968,0.0205,0.0195
29.01.2020 02:27:52.115 GMT+0100,161.033,161,0.0205,0.0195
29.01.2020 02:27:53.241 GMT+0100,161.036,161.002,0.0205,0.0195
29.01.2020 02:27:57.568 GMT+0100,160.999,160.968,0.0205,0.0195
29.01.2020 02:27:59.465 GMT+0100,161.001,160.967,0.0205,0.0195
29.01.2020 02:27:59.720 GMT+0100,161.018,160.984,0.0205,0.0195
29.01.2020 02:27:59.898 GMT+0100,161.035,160.996,0.0205,0.0195
29.01.2020 02:28:00.297 GMT+0100,161.002,160.965,0.0205,0.0195
29.01.2020 02:28:01.080 GMT+0100,161.003,160.964,0.0205,0.0195
29.01.2020 02:28:01.301 GMT+0100,161.036,160.998,0.0205,0.0195
29.01.2020 02:28:02.163 GMT+0100,161.01700000000002,160.982,0.0205,0.0195
29.01.2020 02:28:02.634 GMT+0100,161.004,160.967,0.0205,0.0195
29.01.2020 02:28:02.746 GMT+0100,161.004,160.964,0.0205,0.0195
29.01.2020 02:28:11.212 GMT+0100,161.033,161,0.0205,0.0195
29.01.2020 02:28:11.766 GMT+0100,161.036,160.997,0.0205,0.0195
29.01.2020 02:28:13.269 GMT+0100,161.001,160.971,0.0205,0.0195
29.01.2020 02:28:15.219 GMT+0100,161.01500000000001,160.982,0.0205,0.0195
29.01.2020 02:28:16.179 GMT+0100,161.019,160.984,0.0205,0.0195
29.01.2020 02:28:16.311 GMT+0100,161.032,160.999,0.0205,0.0195
29.01.2020 02:28:18.233 GMT+0100,161.033,161,0.0205,0.0195
29.01.2020 02:28:18.283 GMT+0100,161.002,160.965,0.0205,0.0195
29.01.2020 02:28:18.985 GMT+0100,160.999,160.966,0.0205,0.0195
29.01.2020 02:28:21.766 GMT+0100,161.002,160.965,0.0205,0.0195
29.01.2020 02:28:23.381 GMT+0100,161.006,160.969,0.0205,0.0195
29.01.2020 02:28:34.644 GMT+0100,161.032,161,0.0205,0.0195
29.01.2020 02:28:34.744 GMT+0100,161.004,160.969,0.0205,0.0195
29.01.2020 02:28:34.931 GMT+0100,161.035,161.002,0.0205,0.0195
29.01.2020 02:28:35.115 GMT+0100,161.004,160.971,0.0205,0.0195
29.01.2020 02:28:47.137 GMT+0100,161.004,160.964,0.0205,0.0195
29.01.2020 02:28:47.983 GMT+0100,161.003,160.971,0.0205,0.0195
29.01.2020 02:28:49.133 GMT+0100,160.968,160.935,0.0205,0.0195
29.01.2020 02:28:49.238 GMT+0100,160.968,160.94,0.0205,0.0195
29.01.2020 02:28:49.826 GMT+0100,160.972,160.94,0.0205,0.0195
29.01.2020 02:28:50.856 GMT+0100,160.974,160.937,0.0205,0.0195
29.01.2020 02:28:51.519 GMT+0100,160.971,160.94,0.0205,0.0195
29.01.2020 02:28:57.876 GMT+0100,160.975,160.933,0.0205,0.0195
29.01.2020 02:28:58.875 GMT+0100,160.97,160.938,0.0205,0.0195
29.01.2020 02:29:09.248 GMT+0100,160.968,160.933,0.0205,0.0195
29.01.2020 02:29:11.694 GMT+0100,161.002,160.964,0.0205,0.0195
29.01.2020 02:29:12.150 GMT+0100,161.005,160.971,0.0205,0.0195
29.01.2020 02:29:16.855 GMT+0100,161.003,160.965,0.0205,0.0195
29.01.2020 02:29:17.729 GMT+0100,161.003,160.968,0.0205,0.0195
29.01.2020 02:29:24.230 GMT+0100,160.999,160.964,0.0205,0.0195
29.01.2020 02:29:26.087 GMT+0100,161.006,160.971,0.0205,0.0195
29.01.2020 02:29:32.077 GMT+0100,161.002,160.964,0.0205,0.0195
29.01.2020 02:29:32.827 GMT+0100,161.006,160.968,0.0205,0.0195
29.01.2020 02:29:51.119 GMT+0100,161.001,160.969,0.0205,0.0195
29.01.2020 02:29:53.709 GMT+0100,160.999,160.964,0.0205,0.0195
29.01.2020 02:29:57.649 GMT+0100,161.001,160.971,0.0205,0.0195
29.01.2020 02:30:02.211 GMT+0100,161.004,160.969,0.0205,0.0195
29.01.2020 02:30:03.281 GMT+0100,161.005,160.965,0.0205,0.0195
29.01.2020 02:30:05.278 GMT+0100,161.002,160.964,0.0205,0.0195
29.01.2020 02:30:06.290 GMT+0100,160.999,160.966,0.0205,0.0195
29.01.2020 02:30:07.268 GMT+0100,160.97299999999998,160.934,0.0205,0.0195
29.01.2020 02:30:07.374 GMT+0100,160.972,160.94,0.0205,0.0195
29.01.2020 02:30:08.191 GMT+0100,160.975,160.933,0.0205,0.0195
29.01.2020 02:30:13.968 GMT+0100,160.974,160.936,0.0205,0.0195
29.01.2020 02:30:14.939 GMT+0100,160.975,160.933,0.0205,0.0195
29.01.2020 02:30:15.524 GMT+0100,160.968,160.935,0.0205,0.0195
29.01.2020 02:30:20.212 GMT+0100,160.97299999999998,160.937,0.0205,0.0195
29.01.2020 02:30:21.058 GMT+0100,160.975,160.94,0.0205,0.0195
29.01.2020 02:30:22.716 GMT+0100,160.968,160.935,0.0205,0.0195
29.01.2020 02:30:22.960 GMT+0100,161.001,160.966,0.0205,0.0195
29.01.2020 02:30:23.011 GMT+0100,160.974,160.937,0.0205,0.0195
29.01.2020 02:30:23.241 GMT+0100,161.002,160.964,0.0205,0.0195
29.01.2020 02:30:23.577 GMT+0100,161.002,160.967,0.0205,0.0195
29.01.2020 02:30:25.099 GMT+0100,161.005,160.966,0.0205,0.0195
29.01.2020 02:30:39.921 GMT+0100,161.006,160.965,0.0205,0.0195
29.01.2020 02:30:49.357 GMT+0100,160.999,160.971,0.0205,0.0195
29.01.2020 02:30:49.701 GMT+0100,161.003,160.971,0.0205,0.0195
29.01.2020 02:30:50.939 GMT+0100,161.003,160.966,0.0205,0.0195
29.01.2020 02:30:54.353 GMT+0100,161.002,160.971,0.0205,0.0195
29.01.2020 02:30:57.378 GMT+0100,160.999,160.966,0.0205,0.0195
29.01.2020 02:31:01.519 GMT+0100,161.004,160.967,0.0205,0.0195
29.01.2020 02:31:02.501 GMT+0100,161.006,160.969,0.0205,0.0195
29.01.2020 02:31:04.968 GMT+0100,161.003,160.965,0.0205,0.0195
29.01.2020 02:31:07.114 GMT+0100,161.006,160.967,0.0205,0.0195
29.01.2020 02:31:09.719 GMT+0100,161.002,160.968,0.0205,0.0195
29.01.2020 02:31:10.984 GMT+0100,160.999,160.971,0.0205,0.0195
29.01.2020 02:31:20.316 GMT+0100,161.003,160.969,0.0205,0.0195
29.01.2020 02:31:22.360 GMT+0100,160.999,160.967,0.0205,0.0195
29.01.2020 02:31:24.163 GMT+0100,161.001,160.971,0.0205,0.0195
29.01.2020 02:31:33.180 GMT+0100,160.97299999999998,160.94,0.0205,0.0195
29.01.2020 02:31:34.825 GMT+0100,160.975,160.934,0.0205,0.0195
29.01.2020 02:31:40.416 GMT+0100,160.97299999999998,160.935,0.0205,0.0195
29.01.2020 02:31:43.434 GMT+0100,160.971,160.935,0.0205,0.0195
29.01.2020 02:31:44.336 GMT+0100,160.968,160.938,0.0205,0.0195
29.01.2020 02:31:44.386 GMT+0100,160.939,160.90200000000002,0.0205,0.0195
29.01.2020 02:31:44.775 GMT+0100,160.939,160.905,0.0205,0.0195
29.01.2020 02:31:46.315 GMT+0100,160.939,160.906,0.0205,0.0195
29.01.2020 02:31:46.995 GMT+0100,160.905,160.87,0.0205,0.0195
29.01.2020 02:31:47.046 GMT+0100,160.938,160.908,0.0205,0.0195
29.01.2020 02:31:47.255 GMT+0100,160.908,160.874,0.0205,0.0195
29.01.2020 02:31:47.356 GMT+0100,160.91,160.875,0.0205,0.0195
29.01.2020 02:31:47.486 GMT+0100,160.939,160.906,0.0205,0.0195
29.01.2020 02:31:47.592 GMT+0100,160.907,160.875,0.0205,0.0195
29.01.2020 02:31:47.663 GMT+0100,160.938,160.908,0.0205,0.0195
29.01.2020 02:31:47.718 GMT+0100,160.905,160.87,0.0205,0.0195
29.01.2020 02:31:48.518 GMT+0100,160.936,160.908,0.0205,0.0195
29.01.2020 02:31:49.392 GMT+0100,160.938,160.90200000000002,0.0205,0.0195
29.01.2020 02:31:52.750 GMT+0100,160.938,160.901,0.0205,0.0195
29.01.2020 02:31:55.233 GMT+0100,160.94299999999998,160.90200000000002,0.0205,0.0195
29.01.2020 02:31:57.192 GMT+0100,160.912,160.871,0.0205,0.0195
29.01.2020 02:31:57.751 GMT+0100,160.908,160.874,0.0205,0.0195
29.01.2020 02:31:58.302 GMT+0100,160.938,160.905,0.0205,0.0195
29.01.2020 02:31:59.099 GMT+0100,160.936,160.906,0.0205,0.0195
29.01.2020 02:32:02.208 GMT+0100,160.94,160.903,0.0205,0.0195
29.01.2020 02:32:04.043 GMT+0100,160.939,160.904,0.0205,0.0195
29.01.2020 02:32:10.768 GMT+0100,160.938,160.905,0.0205,0.0195
29.01.2020 02:32:21.152 GMT+0100,160.94,160.906,0.0205,0.0195
29.01.2020 02:32:22.144 GMT+0100,160.94299999999998,160.904,0.0205,0.0195
29.01.2020 02:32:22.644 GMT+0100,160.941,160.905,0.0205,0.0195
29.01.2020 02:32:23.901 GMT+0100,160.94299999999998,160.903,0.0205,0.0195
29.01.2020 02:32:24.675 GMT+0100,160.941,160.906,0.0205,0.0195
29.01.2020 02:32:24.972 GMT+0100,160.975,160.94,0.0205,0.0195
29.01.2020 02:32:25.022 GMT+0100,160.94299999999998,160.906,0.0205,0.0195
29.01.2020 02:32:25.448 GMT+0100,160.94,160.904,0.0205,0.0195
29.01.2020 02:32:35.158 GMT+0100,160.971,160.937,0.0205,0.0195
29.01.2020 02:32:35.719 GMT+0100,160.974,160.94,0.0205,0.0195
29.01.2020 02:32:38.575 GMT+0100,160.97299999999998,160.933,0.0205,0.0195
29.01.2020 02:32:39.907 GMT+0100,160.939,160.906,0.0205,0.0195
29.01.2020 02:32:40.538 GMT+0100,160.936,160.90200000000002,0.0205,0.0195
29.01.2020 02:32:46.976 GMT+0100,160.942,160.904,0.0205,0.0195
29.01.2020 02:32:52.859 GMT+0100,160.938,160.901,0.0205,0.0195
29.01.2020 02:32:54.112 GMT+0100,160.942,160.903,0.0205,0.0195
29.01.2020 02:33:03.157 GMT+0100,160.939,160.901,0.0205,0.0195
29.01.2020 02:33:31.567 GMT+0100,160.939,160.908,0.0205,0.0195
29.01.2020 02:33:32.217 GMT+0100,160.94,160.905,0.0205,0.0195
29.01.2020 02:33:35.642 GMT+0100,160.941,160.90200000000002,0.0205,0.0195
29.01.2020 02:33:41.453 GMT+0100,160.936,160.908,0.0205,0.0195
29.01.2020 02:33:48.279 GMT+0100,160.936,160.904,0.0205,0.0195
29.01.2020 02:33:49.632 GMT+0100,160.94,160.901,0.0205,0.0195
29.01.2020 02:33:52.072 GMT+0100,160.975,160.933,0.0205,0.0195
29.01.2020 02:33:52.477 GMT+0100,160.941,160.904,0.0205,0.0195
29.01.2020 02:33:53.515 GMT+0100,160.94299999999998,160.903,0.0205,0.0195
29.01.2020 02:33:54.641 GMT+0100,160.97299999999998,160.935,0.0205,0.0195
29.01.2020 02:33:58.061 GMT+0100,160.972,160.934,0.0205,0.0195
29.01.2020 02:33:58.712 GMT+0100,160.971,160.94,0.0205,0.0195
29.01.2020 02:33:59.495 GMT+0100,160.972,160.937,0.0205,0.0195
29.01.2020 02:34:02.145 GMT+0100,160.968,160.934,0.0205,0.0195
29.01.2020 02:34:08.464 GMT+0100,160.971,160.934,0.0205,0.0195
29.01.2020 02:34:10.824 GMT+0100,160.972,160.933,0.0205,0.0195
29.01.2020 02:34:13.452 GMT+0100,160.968,160.933,0.0205,0.0195
29.01.2020 02:34:17.238 GMT+0100,160.97299999999998,160.937,0.0205,0.0195
29.01.2020 02:34:18.090 GMT+0100,160.968,160.933,0.0205,0.0195
29.01.2020 02:34:25.061 GMT+0100,160.97299999999998,160.933,0.0205,0.0195
29.01.2020 02:34:35.474 GMT+0100,160.971,160.937,0.0205,0.0195
29.01.2020 02:34:39.617 GMT+0100,160.97,160.934,0.0205,0.0195
29.01.2020 02:34:46.542 GMT+0100,160.999,160.969,0.0205,0.0195
29.01.2020 02:34:46.592 GMT+0100,160.975,160.94,0.0205,0.0195
29.01.2020 02:34:47.202 GMT+0100,161.003,160.971,0.0205,0.0195
29.01.2020 02:34:49.029 GMT+0100,161.002,160.968,0.0205,0.0195
29.01.2020 02:34:50.998 GMT+0100,160.972,160.94,0.0205,0.0195
29.01.2020 02:34:51.101 GMT+0100,161.004,160.971,0.0205,0.0195
29.01.2020 02:34:51.154 GMT+0100,160.97,160.934,0.0205,0.0195
29.01.2020 02:34:52.327 GMT+0100,160.988,160.951,0.0205,0.0195
29.01.2020 02:34:54.029 GMT+0100,160.999,160.969,0.0205,0.0195
29.01.2020 02:34:54.598 GMT+0100,161.003,160.969,0.0205,0.0195
29.01.2020 02:35:00.678 GMT+0100,160.97299999999998,160.936,0.0205,0.0195
29.01.2020 02:35:01.660 GMT+0100,160.975,160.935,0.0205,0.0195
29.01.2020 02:35:03.375 GMT+0100,160.988,160.95000000000002,0.0205,0.0195
29.01.2020 02:35:03.508 GMT+0100,161.001,160.971,0.0205,0.0195
29.01.2020 02:35:10.038 GMT+0100,160.974,160.933,0.0205,0.0195
29.01.2020 02:35:10.724 GMT+0100,160.968,160.937,0.0205,0.0195
29.01.2020 02:35:11.162 GMT+0100,160.971,160.935,0.0205,0.0195
29.01.2020 02:35:12.364 GMT+0100,160.971,160.938,0.0205,0.0195
29.01.2020 02:35:12.506 GMT+0100,160.972,160.936,0.0205,0.0195
29.01.2020 02:35:13.467 GMT+0100,160.972,160.935,0.0205,0.0195
29.01.2020 02:35:17.238 GMT+0100,160.97,160.94,0.0205,0.0195
29.01.2020 02:35:18.332 GMT+0100,160.975,160.935,0.0205,0.0195
29.01.2020 02:35:23.793 GMT+0100,160.972,160.934,0.0205,0.0195
29.01.2020 02:35:25.488 GMT+0100,160.97299999999998,160.933,0.0205,0.0195
29.01.2020 02:35:26.849 GMT+0100,160.974,160.937,0.0205,0.0195
29.01.2020 02:35:29.052 GMT+0100,160.975,160.937,0.0205,0.0195
29.01.2020 02:35:45.037 GMT+0100,160.975,160.934,0.0205,0.0195
29.01.2020 02:36:02.006 GMT+0100,160.975,160.94,0.0205,0.0195
29.01.2020 02:36:02.785 GMT+0100,160.975,160.936,0.0205,0.0195
29.01.2020 02:36:13.537 GMT+0100,160.974,160.938,0.0205,0.0195
29.01.2020 02:36:17.163 GMT+0100,160.968,160.936,0.0205,0.0195
29.01.2020 02:36:22.146 GMT+0100,160.972,160.938,0.0205,0.0195
29.01.2020 02:36:23.421 GMT+0100,160.968,160.936,0.0205,0.0195
29.01.2020 02:36:25.078 GMT+0100,160.975,160.94,0.0205,0.0195
29.01.2020 02:36:33.789 GMT+0100,160.971,160.933,0.0205,0.0195
29.01.2020 02:36:34.486 GMT+0100,160.974,160.935,0.0205,0.0195
29.01.2020 02:36:40.579 GMT+0100,160.971,160.937,0.0205,0.0195
29.01.2020 02:36:43.028 GMT+0100,160.972,160.938,0.0205,0.0195
29.01.2020 02:36:43.132 GMT+0100,161.002,160.964,0.0205,0.0195
29.01.2020 02:36:43.206 GMT+0100,160.972,160.938,0.0205,0.0195
29.01.2020 02:36:44.135 GMT+0100,160.97,160.936,0.0205,0.0195
29.01.2020 02:36:44.186 GMT+0100,161.003,160.967,0.0205,0.0195
29.01.2020 02:36:45.237 GMT+0100,161.006,160.969,0.0205,0.0195
29.01.2020 02:36:45.338 GMT+0100,161.002,160.968,0.0205,0.0195
29.01.2020 02:36:45.898 GMT+0100,160.97299999999998,160.934,0.0205,0.0195
29.01.2020 02:36:47.173 GMT+0100,160.974,160.938,0.0205,0.0195
29.01.2020 02:36:52.792 GMT+0100,160.97,160.938,0.0205,0.0195
29.01.2020 02:37:15.502 GMT+0100,160.97,160.935,0.0205,0.0195
29.01.2020 02:37:24.323 GMT+0100,160.974,160.935,0.0205,0.0195
29.01.2020 02:37:33.422 GMT+0100,160.968,160.94,0.0205,0.0195
29.01.2020 02:37:35.126 GMT+0100,160.972,160.936,0.0205,0.0195
29.01.2020 02:37:37.294 GMT+0100,160.968,160.936,0.0205,0.0195
29.01.2020 02:37:40.475 GMT+0100,160.97,160.936,0.0205,0.0195
29.01.2020 02:37:44.083 GMT+0100,160.971,160.935,0.0205,0.0195
29.01.2020 02:37:47.655 GMT+0100,160.972,160.935,0.0205,0.0195
29.01.2020 02:37:49.338 GMT+0100,160.97299999999998,160.935,0.0205,0.0195
29.01.2020 02:37:49.441 GMT+0100,160.972,160.94,0.0205,0.0195
29.01.2020 02:37:53.585 GMT+0100,160.97,160.936,0.0205,0.0195
29.01.2020 02:38:07.679 GMT+0100,160.974,160.936,0.0205,0.0195
29.01.2020 02:38:22.496 GMT+0100,160.97299999999998,160.936,0.0205,0.0195
29.01.2020 02:38:44.307 GMT+0100,160.97299999999998,160.938,0.0205,0.0195
29.01.2020 02:38:47.690 GMT+0100,160.971,160.935,0.0205,0.0195
29.01.2020 02:38:57.947 GMT+0100,160.97,160.933,0.0205,0.0195
29.01.2020 02:39:00.276 GMT+0100,160.97,160.936,0.0205,0.0195
29.01.2020 02:39:00.816 GMT+0100,160.974,160.937,0.0205,0.0195
29.01.2020 02:39:02.128 GMT+0100,160.94,160.906,0.0205,0.0195
29.01.2020 02:39:03.831 GMT+0100,160.936,160.908,0.0205,0.0195
29.01.2020 02:39:08.016 GMT+0100,160.938,160.905,0.0205,0.0195
29.01.2020 02:39:10.469 GMT+0100,160.94299999999998,160.90200000000002,0.0205,0.0195
29.01.2020 02:39:26.454 GMT+0100,160.941,160.903,0.0205,0.0195
29.01.2020 02:39:35.853 GMT+0100,160.909,160.877,0.0205,0.0195
29.01.2020 02:39:36.659 GMT+0100,160.94299999999998,160.906,0.0205,0.0195
29.01.2020 02:39:36.898 GMT+0100,160.941,160.906,0.0205,0.0195
29.01.2020 02:39:38.214 GMT+0100,160.905,160.872,0.0205,0.0195
29.01.2020 02:39:38.738 GMT+0100,160.91,160.873,0.0205,0.0195
29.01.2020 02:39:41.298 GMT+0100,160.936,160.903,0.0205,0.0195
29.01.2020 02:39:42.305 GMT+0100,160.94299999999998,160.905,0.0205,0.0195
29.01.2020 02:39:43.357 GMT+0100,160.94,160.908,0.0205,0.0195
29.01.2020 02:39:44.420 GMT+0100,160.938,160.905,0.0205,0.0195
29.01.2020 02:39:52.402 GMT+0100,160.909,160.877,0.0205,0.0195
29.01.2020 02:39:52.832 GMT+0100,160.938,160.903,0.0205,0.0195
29.01.2020 02:39:53.068 GMT+0100,160.941,160.903,0.0205,0.0195
29.01.2020 02:39:54.824 GMT+0100,160.94299999999998,160.906,0.0205,0.0195
29.01.2020 02:39:56.398 GMT+0100,160.941,160.905,0.0205,0.0195
29.01.2020 02:39:57.280 GMT+0100,160.938,160.906,0.0205,0.0195
29.01.2020 02:40:02.897 GMT+0100,160.936,160.901,0.0205,0.0195
29.01.2020 02:40:07.376 GMT+0100,160.941,160.908,0.0205,0.0195
29.01.2020 02:40:10.453 GMT+0100,160.938,160.901,0.0205,0.0195
29.01.2020 02:40:11.836 GMT+0100,160.939,160.905,0.0205,0.0195
29.01.2020 02:40:13.859 GMT+0100,160.939,160.90200000000002,0.0205,0.0195
29.01.2020 02:40:20.854 GMT+0100,160.942,160.906,0.0205,0.0195
29.01.2020 02:40:33.791 GMT+0100,160.94,160.903,0.0205,0.0195
29.01.2020 02:40:40.809 GMT+0100,160.941,160.904,0.0205,0.0195
29.01.2020 02:40:48.436 GMT+0100,160.975,160.935,0.0205,0.0195
29.01.2020 02:40:50.045 GMT+0100,160.968,160.935,0.0205,0.0195
29.01.2020 02:40:55.821 GMT+0100,160.958,160.924,0.0205,0.0195
29.01.2020 02:40:55.936 GMT+0100,160.936,160.90200000000002,0.0205,0.0195
29.01.2020 02:40:56.416 GMT+0100,160.939,160.908,0.0205,0.0195
29.01.2020 02:41:07.475 GMT+0100,160.941,160.903,0.0205,0.0195
29.01.2020 02:41:11.172 GMT+0100,160.938,160.906,0.0205,0.0195
29.01.2020 02:41:13.570 GMT+0100,160.936,160.903,0.0205,0.0195
29.01.2020 02:41:24.859 GMT+0100,160.942,160.904,0.0205,0.0195
29.01.2020 02:41:29.269 GMT+0100,160.936,160.903,0.0205,0.0195
29.01.2020 02:41:32.556 GMT+0100,160.941,160.901,0.0205,0.0195
29.01.2020 02:42:23.915 GMT+0100,160.939,160.90200000000002,0.0205,0.0195
29.01.2020 02:42:25.999 GMT+0100,160.94,160.906,0.0205,0.0195
29.01.2020 02:42:26.049 GMT+0100,160.912,160.87,0.0205,0.0195
29.01.2020 02:42:27.169 GMT+0100,160.938,160.905,0.0205,0.0195
29.01.2020 02:42:28.618 GMT+0100,160.94299999999998,160.901,0.0205,0.0195
29.01.2020 02:42:30.860 GMT+0100,160.942,160.90200000000002,0.0205,0.0195
29.01.2020 02:42:34.879 GMT+0100,160.94,160.903,0.0205,0.0195
29.01.2020 02:42:34.996 GMT+0100,160.907,160.873,0.0205,0.0195
29.01.2020 02:42:35.245 GMT+0100,160.942,160.90200000000002,0.0205,0.0195
29.01.2020 02:42:35.497 GMT+0100,160.939,160.903,0.0205,0.0195
29.01.2020 02:42:41.957 GMT+0100,160.936,160.906,0.0205,0.0195
29.01.2020 02:42:44.980 GMT+0100,160.941,160.901,0.0205,0.0195
29.01.2020 02:42:56.062 GMT+0100,160.942,160.903,0.0205,0.0195
29.01.2020 02:42:59.736 GMT+0100,160.939,160.904,0.0205,0.0195
29.01.2020 02:43:03.910 GMT+0100,160.938,160.908,0.0205,0.0195
29.01.2020 02:43:05.408 GMT+0100,160.91,160.877,0.0205,0.0195
29.01.2020 02:43:06.503 GMT+0100,160.912,160.875,0.0205,0.0195
29.01.2020 02:43:06.908 GMT+0100,160.877,160.846,0.0205,0.0195
29.01.2020 02:43:07.021 GMT+0100,160.907,160.87,0.0205,0.0195
29.01.2020 02:43:07.071 GMT+0100,160.91,160.874,0.0205,0.0195
29.01.2020 02:43:07.197 GMT+0100,160.876,160.846,0.0205,0.0195
29.01.2020 02:43:07.248 GMT+0100,160.908,160.87,0.0205,0.0195
29.01.2020 02:43:07.298 GMT+0100,160.879,160.844,0.0205,0.0195
29.01.2020 02:43:07.348 GMT+0100,160.881,160.84,0.0205,0.0195
29.01.2020 02:43:07.569 GMT+0100,160.876,160.842,0.0205,0.0195
29.01.2020 02:43:11.191 GMT+0100,160.878,160.84,0.0205,0.0195
29.01.2020 02:43:12.162 GMT+0100,160.909,160.873,0.0205,0.0195
29.01.2020 02:43:12.233 GMT+0100,160.879,160.842,0.0205,0.0195
29.01.2020 02:43:12.284 GMT+0100,160.909,160.871,0.0205,0.0195
29.01.2020 02:43:12.334 GMT+0100,160.877,160.842,0.0205,0.0195
29.01.2020 02:43:12.653 GMT+0100,160.879,160.843,0.0205,0.0195
29.01.2020 02:43:13.501 GMT+0100,160.876,160.843,0.0205,0.0195
29.01.2020 02:43:14.398 GMT+0100,160.879,160.841,0.0205,0.0195
29.01.2020 02:43:16.671 GMT+0100,160.879,160.843,0.0205,0.0195
29.01.2020 02:43:18.638 GMT+0100,160.908,160.874,0.0205,0.0195
29.01.2020 02:43:18.688 GMT+0100,160.878,160.84,0.0205,0.0195
29.01.2020 02:43:18.825 GMT+0100,160.911,160.875,0.0205,0.0195
29.01.2020 02:43:21.167 GMT+0100,160.905,160.871,0.0205,0.0195
29.01.2020 02:43:25.459 GMT+0100,160.912,160.875,0.0205,0.0195
29.01.2020 02:43:27.295 GMT+0100,160.909,160.871,0.0205,0.0195
29.01.2020 02:43:27.923 GMT+0100,160.908,160.873,0.0205,0.0195
29.01.2020 02:43:30.470 GMT+0100,160.912,160.873,0.0205,0.0195
29.01.2020 02:43:31.243 GMT+0100,160.907,160.875,0.0205,0.0195
29.01.2020 02:43:36.672 GMT+0100,160.881,160.844,0.0205,0.0195
29.01.2020 02:43:36.818 GMT+0100,160.88,160.839,0.0205,0.0195
29.01.2020 02:43:39.810 GMT+0100,160.879,160.839,0.0205,0.0195
29.01.2020 02:43:40.902 GMT+0100,160.84799999999998,160.815,0.0205,0.0195
29.01.2020 02:43:40.952 GMT+0100,160.878,160.842,0.0205,0.0195
29.01.2020 02:43:41.002 GMT+0100,160.845,160.812,0.0205,0.0195
29.01.2020 02:43:41.053 GMT+0100,160.877,160.84,0.0205,0.0195
29.01.2020 02:43:41.159 GMT+0100,160.846,160.81,0.0205,0.0195
29.01.2020 02:43:41.268 GMT+0100,160.85,160.808,0.0205,0.0195
29.01.2020 02:43:42.459 GMT+0100,160.84799999999998,160.81,0.0205,0.0195
29.01.2020 02:43:44.079 GMT+0100,160.877,160.841,0.0205,0.0195
29.01.2020 02:43:44.449 GMT+0100,160.878,160.843,0.0205,0.0195
29.01.2020 02:43:44.598 GMT+0100,160.876,160.843,0.0205,0.0195
29.01.2020 02:43:45.915 GMT+0100,160.876,160.842,0.0205,0.0195
29.01.2020 02:43:46.574 GMT+0100,160.879,160.842,0.0205,0.0195
