Local time,Ask,Bid,AskVolume,BidVolume
30.01.2019 00:00:01.979 GMT+0100,2651.631,2651.07,0.0003,0.0022
30.01.2019 00:00:02.106 GMT+0100,2651.631,2650.9700000000003,0.001,0.0022
30.01.2019 00:00:02.157 GMT+0100,2652.03,2651.37,0.001,0.0029
30.01.2019 00:00:02.489 GMT+0100,2651.83,2651.17,0.001,0.0029
30.01.2019 00:00:02.926 GMT+0100,2651.63,2650.9700000000003,0.001,0.0029
30.01.2019 00:00:03.562 GMT+0100,2651.63,2650.87,0.001,0.0029
30.01.2019 00:00:03.613 GMT+0100,2651.531,2650.87,0.001,0.0022
30.01.2019 00:00:03.725 GMT+0100,2651.531,2650.6690000000003,0.001,0.0029
30.01.2019 00:00:03.775 GMT+0100,2651.3309999999997,2650.6690000000003,0.001,0.0029
30.01.2019 00:00:05.402 GMT+0100,2651.3309999999997,2650.5690000000004,0.001,0.0029
30.01.2019 00:00:05.452 GMT+0100,2651.23,2650.5690000000004,0.0003,0.0029
30.01.2019 00:00:05.564 GMT+0100,2651.23,2650.4690000000005,0.001,0.0029
30.01.2019 00:00:05.615 GMT+0100,2651.13,2650.4690000000005,0.0003,0.0029
30.01.2019 00:00:06.661 GMT+0100,2651.031,2650.4690000000005,0.0003,0.0022
30.01.2019 00:00:06.711 GMT+0100,2651.031,2650.369,0.001,0.0029
30.01.2019 00:00:06.941 GMT+0100,2651.031,2650.1690000000003,0.001,0.0029
30.01.2019 00:00:06.991 GMT+0100,2650.8309999999997,2650.1690000000003,0.001,0.0029
30.01.2019 00:00:07.440 GMT+0100,2651.031,2650.37,0.001,0.0022
30.01.2019 00:00:08.052 GMT+0100,2651.031,2650.17,0.001,0.0029
30.01.2019 00:00:08.103 GMT+0100,2650.83,2650.17,0.001,0.0029
30.01.2019 00:00:08.486 GMT+0100,2651.03,2650.37,0.001,0.0029
30.01.2019 00:00:08.817 GMT+0100,2651.131,2650.4690000000005,0.001,0.0029
30.01.2019 00:00:08.982 GMT+0100,2651.031,2650.369,0.001,0.0029
30.01.2019 00:00:09.286 GMT+0100,2651.031,2650.4690000000005,0.0003,0.0022
30.01.2019 00:00:09.337 GMT+0100,2651.131,2650.4690000000005,0.001,0.0029
30.01.2019 00:00:09.391 GMT+0100,2651.131,2649.9700000000003,0.001,0.0029
30.01.2019 00:00:09.442 GMT+0100,2650.63,2649.9700000000003,0.001,0.0029
30.01.2019 00:00:10.833 GMT+0100,2650.63,2649.67,0.001,0.0029
30.01.2019 00:00:10.894 GMT+0100,2650.33,2649.67,0.001,0.0029
30.01.2019 00:00:11.155 GMT+0100,2650.33,2649.9690000000005,0.0003,0.0022
30.01.2019 00:00:11.205 GMT+0100,2650.63,2649.9690000000005,0.0003,0.0029
30.01.2019 00:00:11.315 GMT+0100,2650.63,2650.07,0.0003,0.0022
30.01.2019 00:00:11.365 GMT+0100,2650.73,2650.07,0.001,0.0029
30.01.2019 00:00:11.477 GMT+0100,2650.73,2649.869,0.001,0.0029
30.01.2019 00:00:11.527 GMT+0100,2650.53,2649.869,0.0003,0.0029
30.01.2019 00:00:11.643 GMT+0100,2650.631,2649.869,0.001,0.0029
30.01.2019 00:00:11.693 GMT+0100,2650.631,2649.9700000000003,0.001,0.0022
30.01.2019 00:00:13.107 GMT+0100,2650.7309999999998,2650.0690000000004,0.001,0.0029
30.01.2019 00:00:13.252 GMT+0100,2650.7309999999998,2649.9700000000003,0.001,0.0029
30.01.2019 00:00:13.303 GMT+0100,2650.631,2649.9700000000003,0.001,0.0022
30.01.2019 00:00:14.805 GMT+0100,2650.631,2650.17,0.0003,0.0022
30.01.2019 00:00:14.855 GMT+0100,2650.8309999999997,2650.17,0.001,0.0022
30.01.2019 00:00:16.418 GMT+0100,2651.031,2650.369,0.001,0.0029
30.01.2019 00:00:16.939 GMT+0100,2651.031,2650.4690000000005,0.0003,0.0022
30.01.2019 00:00:16.990 GMT+0100,2651.131,2650.4690000000005,0.001,0.0029
30.01.2019 00:00:17.099 GMT+0100,2651.131,2650.17,0.001,0.0029
30.01.2019 00:00:17.149 GMT+0100,2650.8309999999997,2650.17,0.001,0.0022
30.01.2019 00:00:17.345 GMT+0100,2650.8309999999997,2649.67,0.001,0.0029
30.01.2019 00:00:17.396 GMT+0100,2650.33,2649.67,0.001,0.0029
30.01.2019 00:00:17.506 GMT+0100,2650.33,2649.9700000000003,0.0003,0.0022
30.01.2019 00:00:17.556 GMT+0100,2650.631,2649.9700000000003,0.001,0.0022
30.01.2019 00:00:17.828 GMT+0100,2650.631,2650.0690000000004,0.0003,0.0022
30.01.2019 00:00:17.879 GMT+0100,2650.73,2650.0690000000004,0.0003,0.0029
30.01.2019 00:00:18.132 GMT+0100,2650.73,2649.9700000000003,0.001,0.0029
30.01.2019 00:00:18.182 GMT+0100,2650.631,2649.9700000000003,0.001,0.0022
30.01.2019 00:00:18.736 GMT+0100,2650.631,2649.87,0.001,0.0029
30.01.2019 00:00:18.815 GMT+0100,2650.53,2649.87,0.001,0.0029
30.01.2019 00:00:19.059 GMT+0100,2650.3309999999997,2649.67,0.001,0.0022
30.01.2019 00:00:19.572 GMT+0100,2650.3309999999997,2649.869,0.0003,0.0022
30.01.2019 00:00:19.622 GMT+0100,2650.53,2649.869,0.0003,0.0029
30.01.2019 00:00:20.259 GMT+0100,2650.53,2649.6690000000003,0.001,0.0029
30.01.2019 00:00:20.310 GMT+0100,2650.33,2649.6690000000003,0.0003,0.0029
30.01.2019 00:00:20.418 GMT+0100,2650.33,2649.869,0.0003,0.0022
30.01.2019 00:00:20.468 GMT+0100,2650.53,2649.869,0.0003,0.0029
30.01.2019 00:00:20.787 GMT+0100,2650.53,2649.9700000000003,0.0003,0.0022
30.01.2019 00:00:20.838 GMT+0100,2650.631,2649.9700000000003,0.001,0.0022
30.01.2019 00:00:21.066 GMT+0100,2650.631,2650.4690000000005,0.0003,0.0022
30.01.2019 00:00:21.117 GMT+0100,2651.13,2650.4690000000005,0.0003,0.0029
30.01.2019 00:00:21.228 GMT+0100,2651.13,2650.37,0.001,0.0029
30.01.2019 00:00:21.278 GMT+0100,2651.031,2650.37,0.001,0.0022
30.01.2019 00:00:21.859 GMT+0100,2651.031,2650.4700000000003,0.0003,0.0022
30.01.2019 00:00:21.909 GMT+0100,2651.131,2650.4700000000003,0.001,0.0022
30.01.2019 00:00:22.883 GMT+0100,2651.23,2650.4700000000003,0.001,0.0029
30.01.2019 00:00:22.933 GMT+0100,2651.23,2650.57,0.001,0.0029
30.01.2019 00:00:23.351 GMT+0100,2651.13,2650.4690000000005,0.0003,0.0029
30.01.2019 00:00:23.474 GMT+0100,2651.13,2650.6690000000003,0.0003,0.0022
30.01.2019 00:00:23.525 GMT+0100,2651.3309999999997,2650.6690000000003,0.001,0.0029
30.01.2019 00:00:23.681 GMT+0100,2651.23,2650.5690000000004,0.0003,0.0029
30.01.2019 00:00:23.799 GMT+0100,2651.23,2650.4700000000003,0.001,0.0029
30.01.2019 00:00:23.849 GMT+0100,2651.13,2650.4700000000003,0.001,0.0029
30.01.2019 00:00:24.720 GMT+0100,2651.13,2650.17,0.001,0.0029
30.01.2019 00:00:24.771 GMT+0100,2650.8309999999997,2650.17,0.001,0.0022
30.01.2019 00:00:25.391 GMT+0100,2650.8309999999997,2650.4700000000003,0.0003,0.0022
30.01.2019 00:00:25.441 GMT+0100,2651.131,2650.4700000000003,0.001,0.0022
30.01.2019 00:00:26.098 GMT+0100,2651.131,2650.17,0.001,0.0029
30.01.2019 00:00:26.148 GMT+0100,2650.83,2650.17,0.001,0.0029
30.01.2019 00:00:26.664 GMT+0100,2650.83,2650.37,0.0003,0.0022
30.01.2019 00:00:26.714 GMT+0100,2651.031,2650.37,0.001,0.0022
30.01.2019 00:00:27.139 GMT+0100,2651.031,2650.17,0.001,0.0029
30.01.2019 00:00:27.245 GMT+0100,2650.8309999999997,2650.17,0.001,0.0022
30.01.2019 00:00:27.346 GMT+0100,2651.03,2650.369,0.0003,0.0029
30.01.2019 00:00:27.571 GMT+0100,2651.03,2650.17,0.001,0.0029
30.01.2019 00:00:27.621 GMT+0100,2650.83,2650.17,0.001,0.0029
30.01.2019 00:00:28.682 GMT+0100,2650.83,2650.37,0.0003,0.0022
30.01.2019 00:00:28.732 GMT+0100,2651.031,2650.37,0.001,0.0022
30.01.2019 00:00:28.843 GMT+0100,2651.031,2650.4700000000003,0.0003,0.0022
30.01.2019 00:00:28.893 GMT+0100,2651.13,2650.4700000000003,0.001,0.0029
30.01.2019 00:00:28.995 GMT+0100,2651.13,2650.369,0.001,0.0029
30.01.2019 00:00:29.045 GMT+0100,2651.03,2650.369,0.0003,0.0029
30.01.2019 00:00:30.116 GMT+0100,2651.03,2649.9700000000003,0.001,0.0029
30.01.2019 00:00:30.166 GMT+0100,2650.631,2649.9700000000003,0.001,0.0022
30.01.2019 00:00:33.380 GMT+0100,2650.631,2650.07,0.0003,0.0022
30.01.2019 00:00:33.484 GMT+0100,2650.73,2650.07,0.001,0.0029
30.01.2019 00:00:33.542 GMT+0100,2650.73,2649.9690000000005,0.001,0.0029
30.01.2019 00:00:33.592 GMT+0100,2650.63,2649.9690000000005,0.0003,0.0029
30.01.2019 00:00:34.109 GMT+0100,2650.63,2650.07,0.0003,0.0022
30.01.2019 00:00:34.159 GMT+0100,2650.73,2650.07,0.001,0.0029
30.01.2019 00:00:34.665 GMT+0100,2650.73,2650.1690000000003,0.0003,0.0022
30.01.2019 00:00:34.717 GMT+0100,2650.83,2650.1690000000003,0.0003,0.0029
30.01.2019 00:00:34.821 GMT+0100,2650.83,2650.07,0.001,0.0029
30.01.2019 00:00:34.872 GMT+0100,2650.73,2650.07,0.001,0.0029
30.01.2019 00:00:35.128 GMT+0100,2650.73,2650.1690000000003,0.0003,0.0022
30.01.2019 00:00:35.178 GMT+0100,2650.83,2650.1690000000003,0.0003,0.0029
30.01.2019 00:00:35.288 GMT+0100,2650.83,2650.369,0.0003,0.0022
30.01.2019 00:00:35.338 GMT+0100,2651.03,2650.369,0.0003,0.0029
30.01.2019 00:00:36.039 GMT+0100,2651.03,2650.4700000000003,0.0003,0.0022
30.01.2019 00:00:36.089 GMT+0100,2651.131,2650.4700000000003,0.001,0.0022
30.01.2019 00:00:36.241 GMT+0100,2651.031,2650.369,0.001,0.0029
30.01.2019 00:00:36.824 GMT+0100,2651.031,2650.1690000000003,0.001,0.0029
30.01.2019 00:00:36.874 GMT+0100,2650.83,2650.1690000000003,0.0003,0.0029
30.01.2019 00:00:40.428 GMT+0100,2650.83,2650.07,0.001,0.0029
30.01.2019 00:00:40.478 GMT+0100,2650.73,2650.07,0.001,0.0029
30.01.2019 00:00:40.863 GMT+0100,2650.631,2649.9690000000005,0.001,0.0029
30.01.2019 00:00:41.016 GMT+0100,2650.631,2650.07,0.0003,0.0022
30.01.2019 00:00:41.067 GMT+0100,2650.7309999999998,2650.07,0.001,0.0022
30.01.2019 00:00:41.194 GMT+0100,2650.631,2649.9690000000005,0.001,0.0029
30.01.2019 00:00:42.255 GMT+0100,2650.631,2650.07,0.0003,0.0022
30.01.2019 00:00:42.305 GMT+0100,2650.7309999999998,2650.07,0.001,0.0022
30.01.2019 00:00:43.275 GMT+0100,2650.7309999999998,2650.17,0.0003,0.0022
30.01.2019 00:00:43.325 GMT+0100,2650.83,2650.17,0.001,0.0029
30.01.2019 00:00:43.437 GMT+0100,2650.83,2650.07,0.001,0.0029
30.01.2019 00:00:43.487 GMT+0100,2650.7309999999998,2650.07,0.001,0.0022
30.01.2019 00:00:43.595 GMT+0100,2650.7309999999998,2649.9690000000005,0.001,0.0029
30.01.2019 00:00:43.646 GMT+0100,2650.631,2649.9690000000005,0.001,0.0029
30.01.2019 00:00:47.024 GMT+0100,2650.631,2650.17,0.0003,0.0022
30.01.2019 00:00:47.074 GMT+0100,2650.8309999999997,2650.17,0.001,0.0022
30.01.2019 00:00:49.535 GMT+0100,2650.8309999999997,2649.9700000000003,0.001,0.0029
30.01.2019 00:00:49.585 GMT+0100,2650.63,2649.9700000000003,0.001,0.0029
30.01.2019 00:00:49.696 GMT+0100,2650.63,2650.07,0.0003,0.0022
30.01.2019 00:00:49.746 GMT+0100,2650.7309999999998,2650.07,0.001,0.0022
30.01.2019 00:00:50.731 GMT+0100,2650.7309999999998,2649.9700000000003,0.001,0.0029
30.01.2019 00:00:50.781 GMT+0100,2650.63,2649.9700000000003,0.001,0.0029
30.01.2019 00:00:52.183 GMT+0100,2650.7309999999998,2650.07,0.001,0.0022
30.01.2019 00:00:52.600 GMT+0100,2650.7309999999998,2650.17,0.0003,0.0022
30.01.2019 00:00:52.651 GMT+0100,2650.8309999999997,2650.17,0.001,0.0022
30.01.2019 00:00:57.186 GMT+0100,2650.8309999999997,2650.4700000000003,0.0003,0.0022
30.01.2019 00:00:57.237 GMT+0100,2651.131,2650.4700000000003,0.001,0.0022
30.01.2019 00:00:58.966 GMT+0100,2651.131,2650.6690000000003,0.0003,0.0022
30.01.2019 00:00:59.017 GMT+0100,2651.3309999999997,2650.6690000000003,0.001,0.0029
30.01.2019 00:01:00.366 GMT+0100,2651.3309999999997,2650.1690000000003,0.001,0.0029
30.01.2019 00:01:00.417 GMT+0100,2650.83,2650.1690000000003,0.0003,0.0029
30.01.2019 00:01:00.530 GMT+0100,2651.031,2650.37,0.001,0.0022
30.01.2019 00:01:00.804 GMT+0100,2651.13,2650.4700000000003,0.001,0.0029
30.01.2019 00:01:01.361 GMT+0100,2651.3309999999997,2650.4700000000003,0.001,0.0029
30.01.2019 00:01:01.411 GMT+0100,2651.3309999999997,2650.6690000000003,0.001,0.0029
30.01.2019 00:01:01.665 GMT+0100,2651.3309999999997,2650.4690000000005,0.001,0.0029
30.01.2019 00:01:01.715 GMT+0100,2651.131,2650.4690000000005,0.001,0.0029
30.01.2019 00:01:07.633 GMT+0100,2651.33,2650.4690000000005,0.001,0.0029
30.01.2019 00:01:07.684 GMT+0100,2651.33,2650.6690000000003,0.0003,0.0029
30.01.2019 00:01:09.896 GMT+0100,2651.33,2651.17,0.0003,0.0022
30.01.2019 00:01:09.947 GMT+0100,2651.83,2651.17,0.001,0.0029
30.01.2019 00:01:14.332 GMT+0100,2652.131,2651.4690000000005,0.001,0.0029
30.01.2019 00:01:14.484 GMT+0100,2652.131,2651.17,0.001,0.0029
30.01.2019 00:01:14.534 GMT+0100,2651.83,2651.17,0.001,0.0029
30.01.2019 00:01:15.885 GMT+0100,2651.83,2651.37,0.0003,0.0022
30.01.2019 00:01:15.935 GMT+0100,2652.031,2651.37,0.001,0.0022
30.01.2019 00:01:16.046 GMT+0100,2652.031,2651.17,0.001,0.0029
30.01.2019 00:01:16.098 GMT+0100,2651.8309999999997,2651.17,0.001,0.0022
30.01.2019 00:01:18.223 GMT+0100,2651.8309999999997,2650.9700000000003,0.001,0.0029
30.01.2019 00:01:18.273 GMT+0100,2651.631,2650.9700000000003,0.001,0.0022
30.01.2019 00:01:18.382 GMT+0100,2651.631,2651.065,0.0003,0.0022
30.01.2019 00:01:18.432 GMT+0100,2651.73,2651.065,0.001,0.0029
30.01.2019 00:01:19.016 GMT+0100,2651.63,2650.9700000000003,0.001,0.0029
30.01.2019 00:01:30.384 GMT+0100,2651.3309999999997,2650.9700000000003,0.0003,0.0022
30.01.2019 00:01:30.435 GMT+0100,2651.3309999999997,2650.67,0.001,0.0022
30.01.2019 00:01:30.545 GMT+0100,2651.3309999999997,2650.9700000000003,0.0003,0.0022
30.01.2019 00:01:30.596 GMT+0100,2651.631,2650.9700000000003,0.001,0.0022
30.01.2019 00:01:31.187 GMT+0100,2651.631,2650.6690000000003,0.001,0.0029
30.01.2019 00:01:31.237 GMT+0100,2651.33,2650.6690000000003,0.0003,0.0029
30.01.2019 00:02:00.327 GMT+0100,2651.33,2650.9700000000003,0.0003,0.0022
30.01.2019 00:02:00.377 GMT+0100,2651.63,2650.9700000000003,0.001,0.0029
30.01.2019 00:02:12.910 GMT+0100,2651.63,2651.164,0.0003,0.0022
30.01.2019 00:02:12.960 GMT+0100,2651.8309999999997,2651.164,0.001,0.0029
30.01.2019 00:02:17.567 GMT+0100,2651.8309999999997,2651.0690000000004,0.001,0.0029
30.01.2019 00:02:17.617 GMT+0100,2651.73,2651.0690000000004,0.0003,0.0029
30.01.2019 00:02:17.895 GMT+0100,2651.73,2650.9700000000003,0.001,0.0029
30.01.2019 00:02:17.945 GMT+0100,2651.631,2650.9700000000003,0.001,0.0022
30.01.2019 00:02:18.059 GMT+0100,2651.631,2651.17,0.0003,0.0022
30.01.2019 00:02:18.110 GMT+0100,2651.83,2651.17,0.001,0.0029
30.01.2019 00:02:18.378 GMT+0100,2651.83,2651.0690000000004,0.001,0.0029
30.01.2019 00:02:18.428 GMT+0100,2651.7309999999998,2651.0690000000004,0.001,0.0029
30.01.2019 00:02:18.983 GMT+0100,2651.7309999999998,2650.9690000000005,0.001,0.0029
30.01.2019 00:02:19.034 GMT+0100,2651.63,2650.9690000000005,0.0003,0.0029
30.01.2019 00:02:19.405 GMT+0100,2651.63,2651.165,0.0003,0.0022
30.01.2019 00:02:19.457 GMT+0100,2651.83,2651.165,0.001,0.0029
30.01.2019 00:02:21.597 GMT+0100,2651.73,2651.0690000000004,0.0003,0.0029
30.01.2019 00:02:23.205 GMT+0100,2651.73,2650.9690000000005,0.001,0.0029
30.01.2019 00:02:23.255 GMT+0100,2651.63,2650.9690000000005,0.0003,0.0029
30.01.2019 00:02:38.198 GMT+0100,2651.63,2650.869,0.001,0.0029
30.01.2019 00:02:38.248 GMT+0100,2651.531,2650.869,0.001,0.0029
30.01.2019 00:02:38.897 GMT+0100,2651.531,2650.67,0.001,0.0029
30.01.2019 00:02:38.947 GMT+0100,2651.3309999999997,2650.67,0.001,0.0022
30.01.2019 00:02:39.808 GMT+0100,2651.531,2650.87,0.001,0.0022
30.01.2019 00:02:39.924 GMT+0100,2651.531,2650.6690000000003,0.001,0.0029
30.01.2019 00:02:39.975 GMT+0100,2651.3309999999997,2650.6690000000003,0.001,0.0029
30.01.2019 00:02:52.191 GMT+0100,2651.3309999999997,2650.4690000000005,0.001,0.0029
30.01.2019 00:02:52.241 GMT+0100,2651.131,2650.4690000000005,0.001,0.0029
30.01.2019 00:03:07.008 GMT+0100,2650.83,2650.17,0.001,0.0029
30.01.2019 00:03:08.170 GMT+0100,2650.83,2650.369,0.0003,0.0022
30.01.2019 00:03:08.220 GMT+0100,2651.031,2650.369,0.001,0.0029
30.01.2019 00:03:08.358 GMT+0100,2651.031,2650.4690000000005,0.0003,0.0022
30.01.2019 00:03:08.409 GMT+0100,2651.131,2650.4690000000005,0.001,0.0029
30.01.2019 00:03:11.017 GMT+0100,2651.131,2650.67,0.0003,0.0022
30.01.2019 00:03:11.067 GMT+0100,2651.33,2650.67,0.001,0.0029
30.01.2019 00:03:14.348 GMT+0100,2651.33,2650.9700000000003,0.0003,0.0022
30.01.2019 00:03:14.399 GMT+0100,2651.631,2650.9700000000003,0.001,0.0022
30.01.2019 00:03:15.640 GMT+0100,2651.631,2650.4700000000003,0.001,0.0029
30.01.2019 00:03:15.734 GMT+0100,2651.13,2650.4700000000003,0.001,0.0029
30.01.2019 00:03:18.375 GMT+0100,2651.13,2650.17,0.001,0.0029
30.01.2019 00:03:18.425 GMT+0100,2650.83,2650.17,0.001,0.0029
30.01.2019 00:03:19.063 GMT+0100,2650.83,2650.4690000000005,0.0003,0.0022
30.01.2019 00:03:19.113 GMT+0100,2651.131,2650.4690000000005,0.001,0.0029
30.01.2019 00:03:27.987 GMT+0100,2651.131,2650.1690000000003,0.001,0.0029
30.01.2019 00:03:28.037 GMT+0100,2650.8309999999997,2650.1690000000003,0.001,0.0029
30.01.2019 00:03:38.357 GMT+0100,2650.8309999999997,2650.0690000000004,0.001,0.0029
30.01.2019 00:03:38.408 GMT+0100,2650.73,2650.0690000000004,0.0003,0.0029
30.01.2019 00:03:38.678 GMT+0100,2650.73,2649.9700000000003,0.001,0.0029
30.01.2019 00:03:38.729 GMT+0100,2650.631,2649.9700000000003,0.001,0.0022
30.01.2019 00:03:38.840 GMT+0100,2650.631,2650.1690000000003,0.0003,0.0022
30.01.2019 00:03:38.890 GMT+0100,2650.8309999999997,2650.1690000000003,0.001,0.0029
30.01.2019 00:03:39.957 GMT+0100,2650.8309999999997,2649.9690000000005,0.001,0.0029
30.01.2019 00:03:40.008 GMT+0100,2650.631,2649.9690000000005,0.001,0.0029
30.01.2019 00:04:14.978 GMT+0100,2650.631,2650.1690000000003,0.0003,0.0022
30.01.2019 00:04:15.029 GMT+0100,2650.83,2650.1690000000003,0.0003,0.0029
30.01.2019 00:04:42.651 GMT+0100,2650.83,2650.4700000000003,0.0003,0.0022
30.01.2019 00:04:42.701 GMT+0100,2651.13,2650.4700000000003,0.001,0.0029
30.01.2019 00:05:00.328 GMT+0100,2651.13,2650.1690000000003,0.001,0.0029
30.01.2019 00:05:00.378 GMT+0100,2650.83,2650.1690000000003,0.0003,0.0029
30.01.2019 00:05:10.977 GMT+0100,2651.13,2650.4690000000005,0.0003,0.0029
30.01.2019 00:05:11.508 GMT+0100,2651.13,2650.37,0.001,0.0029
30.01.2019 00:05:11.558 GMT+0100,2651.031,2650.37,0.001,0.0022
30.01.2019 00:05:12.164 GMT+0100,2651.031,2650.17,0.001,0.0029
30.01.2019 00:05:12.214 GMT+0100,2650.8309999999997,2650.17,0.001,0.0022
30.01.2019 00:05:16.766 GMT+0100,2650.8309999999997,2649.9700000000003,0.001,0.0029
30.01.2019 00:05:16.817 GMT+0100,2650.631,2649.9700000000003,0.001,0.0022
30.01.2019 00:05:21.316 GMT+0100,2650.631,2649.67,0.001,0.0029
30.01.2019 00:05:21.366 GMT+0100,2650.3309999999997,2649.67,0.001,0.0022
30.01.2019 00:05:24.657 GMT+0100,2650.3309999999997,2649.4700000000003,0.001,0.0029
30.01.2019 00:05:24.707 GMT+0100,2650.13,2649.4700000000003,0.001,0.0029
30.01.2019 00:05:26.487 GMT+0100,2650.13,2649.17,0.001,0.0029
30.01.2019 00:05:26.538 GMT+0100,2649.8309999999997,2649.17,0.001,0.0022
30.01.2019 00:05:32.499 GMT+0100,2649.8309999999997,2649.4690000000005,0.0003,0.0022
30.01.2019 00:05:32.550 GMT+0100,2650.13,2649.4690000000005,0.0003,0.0029
30.01.2019 00:05:41.696 GMT+0100,2650.13,2649.369,0.001,0.0029
30.01.2019 00:05:41.747 GMT+0100,2650.03,2649.369,0.0003,0.0029
30.01.2019 00:05:42.508 GMT+0100,2649.83,2649.1690000000003,0.0003,0.0029
30.01.2019 00:05:49.505 GMT+0100,2649.83,2649.4700000000003,0.0003,0.0022
30.01.2019 00:05:49.556 GMT+0100,2650.13,2649.4700000000003,0.001,0.0029
30.01.2019 00:05:50.378 GMT+0100,2650.13,2649.17,0.001,0.0029
30.01.2019 00:05:50.428 GMT+0100,2649.8309999999997,2649.17,0.001,0.0022
30.01.2019 00:05:50.535 GMT+0100,2649.8309999999997,2649.4690000000005,0.0003,0.0022
30.01.2019 00:05:50.585 GMT+0100,2650.13,2649.4690000000005,0.0003,0.0029
30.01.2019 00:05:51.701 GMT+0100,2650.13,2649.17,0.001,0.0029
30.01.2019 00:05:51.752 GMT+0100,2649.8309999999997,2649.17,0.001,0.0022
30.01.2019 00:06:02.233 GMT+0100,2649.8309999999997,2649.07,0.001,0.0029
30.01.2019 00:06:02.290 GMT+0100,2649.73,2649.07,0.001,0.0029
30.01.2019 00:06:02.562 GMT+0100,2649.73,2649.17,0.0003,0.0022
30.01.2019 00:06:02.612 GMT+0100,2649.83,2649.17,0.001,0.0029
30.01.2019 00:06:18.329 GMT+0100,2649.73,2649.07,0.0007,0.0022
30.01.2019 00:06:18.486 GMT+0100,2649.73,2649.1690000000003,0.0003,0.0022
30.01.2019 00:06:18.536 GMT+0100,2649.8309999999997,2649.1690000000003,0.001,0.0029
30.01.2019 00:06:56.790 GMT+0100,2650.131,2649.4690000000005,0.001,0.0029
30.01.2019 00:07:07.093 GMT+0100,2650.131,2649.6690000000003,0.0003,0.0022
30.01.2019 00:07:07.143 GMT+0100,2650.33,2649.6690000000003,0.0003,0.0029
30.01.2019 00:07:07.253 GMT+0100,2650.33,2649.4690000000005,0.001,0.0029
30.01.2019 00:07:07.304 GMT+0100,2650.13,2649.4690000000005,0.0003,0.0029
30.01.2019 00:07:08.347 GMT+0100,2650.33,2649.67,0.001,0.0029
30.01.2019 00:07:09.119 GMT+0100,2650.33,2649.4700000000003,0.001,0.0029
30.01.2019 00:07:09.169 GMT+0100,2650.131,2649.4700000000003,0.001,0.0022
30.01.2019 00:07:09.799 GMT+0100,2650.131,2649.57,0.0003,0.0022
30.01.2019 00:07:09.849 GMT+0100,2650.23,2649.57,0.001,0.0029
30.01.2019 00:07:10.992 GMT+0100,2650.23,2649.67,0.0003,0.0022
30.01.2019 00:07:11.076 GMT+0100,2650.3309999999997,2649.67,0.001,0.0022
30.01.2019 00:07:17.259 GMT+0100,2650.23,2649.57,0.001,0.0029
30.01.2019 00:07:17.830 GMT+0100,2650.23,2649.67,0.0003,0.0022
30.01.2019 00:07:17.881 GMT+0100,2650.3309999999997,2649.67,0.001,0.0022
30.01.2019 00:07:18.274 GMT+0100,2650.3309999999997,2649.57,0.001,0.0029
30.01.2019 00:07:18.375 GMT+0100,2650.2309999999998,2649.57,0.001,0.0022
30.01.2019 00:07:18.841 GMT+0100,2650.2309999999998,2649.4700000000003,0.001,0.0029
30.01.2019 00:07:18.891 GMT+0100,2650.131,2649.4700000000003,0.001,0.0022
30.01.2019 00:07:22.073 GMT+0100,2650.131,2649.17,0.001,0.0029
30.01.2019 00:07:22.123 GMT+0100,2649.8309999999997,2649.17,0.001,0.0022
30.01.2019 00:07:23.765 GMT+0100,2649.8309999999997,2648.9700000000003,0.001,0.0029
30.01.2019 00:07:23.816 GMT+0100,2649.63,2648.9700000000003,0.001,0.0029
30.01.2019 00:07:24.250 GMT+0100,2649.63,2648.67,0.001,0.0029
30.01.2019 00:07:24.301 GMT+0100,2649.3309999999997,2648.67,0.001,0.0022
30.01.2019 00:08:01.710 GMT+0100,2649.3309999999997,2648.4700000000003,0.001,0.0029
30.01.2019 00:08:01.761 GMT+0100,2649.131,2648.4700000000003,0.001,0.0022
30.01.2019 00:08:16.801 GMT+0100,2648.93,2648.27,0.001,0.0029
30.01.2019 00:08:20.329 GMT+0100,2648.93,2648.37,0.0003,0.0022
30.01.2019 00:08:20.379 GMT+0100,2649.031,2648.37,0.001,0.0022
30.01.2019 00:08:22.226 GMT+0100,2649.031,2648.27,0.001,0.0029
30.01.2019 00:08:22.276 GMT+0100,2648.931,2648.27,0.001,0.0022
30.01.2019 00:08:26.266 GMT+0100,2648.931,2648.369,0.0003,0.0022
30.01.2019 00:08:26.316 GMT+0100,2649.03,2648.369,0.0003,0.0029
30.01.2019 00:08:27.036 GMT+0100,2648.931,2648.27,0.001,0.0022
30.01.2019 00:08:44.957 GMT+0100,2649.13,2648.4700000000003,0.001,0.0029
30.01.2019 00:08:54.915 GMT+0100,2649.13,2648.77,0.0003,0.0022
30.01.2019 00:08:54.965 GMT+0100,2649.431,2648.77,0.001,0.0022
30.01.2019 00:08:56.510 GMT+0100,2649.63,2648.9700000000003,0.001,0.0029
30.01.2019 00:08:57.001 GMT+0100,2649.63,2648.77,0.001,0.0029
30.01.2019 00:08:57.052 GMT+0100,2649.43,2648.77,0.001,0.0029
30.01.2019 00:09:07.132 GMT+0100,2649.43,2648.9700000000003,0.0003,0.0022
30.01.2019 00:09:07.183 GMT+0100,2649.631,2648.9700000000003,0.001,0.0022
30.01.2019 00:09:10.991 GMT+0100,2649.631,2648.7690000000002,0.001,0.0029
30.01.2019 00:09:11.042 GMT+0100,2649.43,2648.7690000000002,0.0003,0.0029
30.01.2019 00:09:16.268 GMT+0100,2649.43,2648.5690000000004,0.001,0.0029
30.01.2019 00:09:16.319 GMT+0100,2649.23,2648.5690000000004,0.0003,0.0029
30.01.2019 00:09:18.912 GMT+0100,2649.23,2648.7690000000002,0.0003,0.0022
30.01.2019 00:09:18.962 GMT+0100,2649.431,2648.7690000000002,0.001,0.0029
30.01.2019 00:09:19.065 GMT+0100,2649.431,2648.4700000000003,0.001,0.0029
30.01.2019 00:09:19.115 GMT+0100,2649.13,2648.4700000000003,0.001,0.0029
30.01.2019 00:09:19.809 GMT+0100,2649.13,2648.7690000000002,0.0003,0.0022
30.01.2019 00:09:19.859 GMT+0100,2649.43,2648.7690000000002,0.0003,0.0029
30.01.2019 00:09:22.966 GMT+0100,2649.43,2648.4690000000005,0.001,0.0029
30.01.2019 00:09:23.016 GMT+0100,2649.131,2648.4690000000005,0.001,0.0029
30.01.2019 00:09:26.242 GMT+0100,2649.131,2648.57,0.0003,0.0022
30.01.2019 00:09:26.293 GMT+0100,2649.2309999999998,2648.57,0.001,0.0022
30.01.2019 00:09:26.711 GMT+0100,2649.13,2648.4700000000003,0.001,0.0029
30.01.2019 00:10:05.478 GMT+0100,2648.93,2648.4700000000003,0.0003,0.0022
30.01.2019 00:10:05.529 GMT+0100,2648.93,2648.2690000000002,0.0003,0.0029
30.01.2019 00:10:07.473 GMT+0100,2648.93,2648.369,0.0003,0.0022
30.01.2019 00:10:07.523 GMT+0100,2649.031,2648.369,0.001,0.0029
30.01.2019 00:10:09.510 GMT+0100,2649.031,2648.4690000000005,0.0003,0.0022
30.01.2019 00:10:09.560 GMT+0100,2649.13,2648.4690000000005,0.0003,0.0029
30.01.2019 00:10:16.600 GMT+0100,2649.13,2648.2690000000002,0.001,0.0029
30.01.2019 00:10:16.651 GMT+0100,2648.931,2648.2690000000002,0.001,0.0029
30.01.2019 00:12:01.157 GMT+0100,2648.931,2648.0690000000004,0.001,0.0029
30.01.2019 00:12:01.207 GMT+0100,2648.73,2648.0690000000004,0.0003,0.0029
30.01.2019 00:12:02.411 GMT+0100,2648.73,2647.9700000000003,0.001,0.0029
30.01.2019 00:12:02.462 GMT+0100,2648.631,2647.9700000000003,0.001,0.0022
30.01.2019 00:12:08.349 GMT+0100,2648.73,2648.07,0.001,0.0029
30.01.2019 00:12:08.926 GMT+0100,2648.73,2648.27,0.0003,0.0022
30.01.2019 00:12:08.976 GMT+0100,2648.931,2648.27,0.001,0.0022
30.01.2019 00:12:09.096 GMT+0100,2648.631,2648.27,0.0003,0.0022
30.01.2019 00:12:09.147 GMT+0100,2648.631,2647.9700000000003,0.001,0.0022
30.01.2019 00:12:11.867 GMT+0100,2648.631,2648.27,0.0003,0.0022
30.01.2019 00:12:11.917 GMT+0100,2648.93,2648.27,0.001,0.0029
30.01.2019 00:12:23.936 GMT+0100,2648.63,2647.9700000000003,0.001,0.0029
30.01.2019 00:12:24.925 GMT+0100,2648.93,2648.27,0.001,0.0029
30.01.2019 00:12:30.673 GMT+0100,2648.93,2647.9690000000005,0.001,0.0029
30.01.2019 00:12:30.723 GMT+0100,2648.63,2647.9690000000005,0.0003,0.0029
30.01.2019 00:12:53.509 GMT+0100,2648.931,2648.2690000000002,0.001,0.0029
30.01.2019 00:13:07.925 GMT+0100,2648.931,2647.9700000000003,0.001,0.0029
30.01.2019 00:13:08.015 GMT+0100,2648.631,2647.9700000000003,0.001,0.0022
30.01.2019 00:13:28.864 GMT+0100,2648.531,2647.9700000000003,0.0003,0.0022
30.01.2019 00:13:28.914 GMT+0100,2648.531,2647.87,0.001,0.0022
30.01.2019 00:13:30.248 GMT+0100,2648.63,2647.9700000000003,0.001,0.0029
30.01.2019 00:13:31.341 GMT+0100,2648.63,2647.869,0.001,0.0029
30.01.2019 00:13:31.392 GMT+0100,2648.53,2647.869,0.0003,0.0029
30.01.2019 00:13:32.388 GMT+0100,2648.63,2647.869,0.001,0.0029
30.01.2019 00:13:32.438 GMT+0100,2648.63,2647.9690000000005,0.0003,0.0029
30.01.2019 00:13:33.593 GMT+0100,2648.63,2647.7690000000002,0.001,0.0029
30.01.2019 00:13:33.644 GMT+0100,2648.431,2647.7690000000002,0.001,0.0029
30.01.2019 00:13:43.782 GMT+0100,2648.431,2647.4700000000003,0.001,0.0029
30.01.2019 00:13:43.833 GMT+0100,2648.131,2647.4700000000003,0.001,0.0022
30.01.2019 00:13:44.768 GMT+0100,2648.131,2647.77,0.0003,0.0022
30.01.2019 00:13:44.818 GMT+0100,2648.431,2647.77,0.001,0.0022
30.01.2019 00:15:22.034 GMT+0100,2648.431,2647.9700000000003,0.0003,0.0022
30.01.2019 00:15:22.085 GMT+0100,2648.63,2647.9700000000003,0.001,0.0029
30.01.2019 00:15:39.613 GMT+0100,2648.63,2648.2690000000002,0.0003,0.0022
30.01.2019 00:15:39.663 GMT+0100,2648.931,2648.2690000000002,0.001,0.0029
30.01.2019 00:15:51.044 GMT+0100,2649.03,2648.37,0.001,0.0029
30.01.2019 00:15:51.501 GMT+0100,2649.03,2648.27,0.001,0.0029
30.01.2019 00:15:51.551 GMT+0100,2648.93,2648.27,0.001,0.0029
30.01.2019 00:15:51.706 GMT+0100,2649.031,2648.37,0.001,0.0022
30.01.2019 00:15:52.599 GMT+0100,2649.031,2648.4690000000005,0.0003,0.0022
30.01.2019 00:15:52.649 GMT+0100,2649.13,2648.4690000000005,0.0003,0.0029
30.01.2019 00:15:59.786 GMT+0100,2649.23,2648.4690000000005,0.001,0.0029
30.01.2019 00:15:59.836 GMT+0100,2649.23,2648.5690000000004,0.0003,0.0029
30.01.2019 00:15:59.996 GMT+0100,2649.43,2648.7690000000002,0.0003,0.0029
30.01.2019 00:16:11.779 GMT+0100,2649.43,2648.4700000000003,0.001,0.0029
30.01.2019 00:16:11.829 GMT+0100,2649.131,2648.4700000000003,0.001,0.0022
30.01.2019 00:16:21.558 GMT+0100,2649.131,2648.77,0.0003,0.0022
30.01.2019 00:16:21.608 GMT+0100,2649.43,2648.77,0.001,0.0029
30.01.2019 00:16:28.028 GMT+0100,2649.431,2648.7690000000002,0.001,0.0029
30.01.2019 00:16:36.484 GMT+0100,2649.431,2648.4700000000003,0.001,0.0029
30.01.2019 00:16:36.600 GMT+0100,2649.13,2648.4700000000003,0.001,0.0029
30.01.2019 00:16:47.372 GMT+0100,2648.931,2648.4700000000003,0.0003,0.0022
30.01.2019 00:16:47.422 GMT+0100,2648.931,2648.27,0.001,0.0022
30.01.2019 00:17:25.827 GMT+0100,2648.931,2648.4700000000003,0.0003,0.0022
30.01.2019 00:17:25.877 GMT+0100,2649.131,2648.4700000000003,0.001,0.0022
30.01.2019 00:17:26.425 GMT+0100,2649.131,2648.27,0.001,0.0029
30.01.2019 00:17:26.475 GMT+0100,2648.931,2648.27,0.001,0.0022
30.01.2019 00:17:27.455 GMT+0100,2648.931,2648.0690000000004,0.001,0.0029
30.01.2019 00:17:27.506 GMT+0100,2648.7309999999998,2648.0690000000004,0.001,0.0029
30.01.2019 00:17:27.625 GMT+0100,2648.631,2647.9690000000005,0.001,0.0029
30.01.2019 00:17:52.156 GMT+0100,2648.631,2647.77,0.001,0.0029
30.01.2019 00:17:52.206 GMT+0100,2648.431,2647.77,0.001,0.0022
30.01.2019 00:18:14.912 GMT+0100,2648.431,2647.87,0.0003,0.0022
30.01.2019 00:18:14.963 GMT+0100,2648.531,2647.87,0.001,0.0022
30.01.2019 00:18:20.193 GMT+0100,2648.531,2647.7690000000002,0.001,0.0029
30.01.2019 00:18:20.245 GMT+0100,2648.431,2647.7690000000002,0.001,0.0029
30.01.2019 00:18:56.233 GMT+0100,2648.431,2647.869,0.0003,0.0022
30.01.2019 00:18:56.284 GMT+0100,2648.53,2647.869,0.0003,0.0029
30.01.2019 00:18:56.393 GMT+0100,2648.53,2647.77,0.001,0.0029
30.01.2019 00:18:56.444 GMT+0100,2648.431,2647.77,0.001,0.0022
30.01.2019 00:18:57.716 GMT+0100,2648.431,2647.9690000000005,0.0003,0.0022
30.01.2019 00:18:57.766 GMT+0100,2648.63,2647.9690000000005,0.0003,0.0029
30.01.2019 00:19:59.173 GMT+0100,2648.63,2648.27,0.0003,0.0022
30.01.2019 00:19:59.224 GMT+0100,2648.931,2648.27,0.001,0.0022
30.01.2019 00:20:04.417 GMT+0100,2648.931,2647.9690000000005,0.001,0.0029
30.01.2019 00:20:04.467 GMT+0100,2648.63,2647.9690000000005,0.0003,0.0029
30.01.2019 00:20:22.212 GMT+0100,2647.93,2647.2690000000002,0.0003,0.0029
30.01.2019 00:20:29.809 GMT+0100,2647.93,2647.4690000000005,0.0003,0.0022
30.01.2019 00:20:29.859 GMT+0100,2648.131,2647.4690000000005,0.001,0.0029
30.01.2019 00:20:32.606 GMT+0100,2648.131,2647.2690000000002,0.001,0.0029
30.01.2019 00:20:32.657 GMT+0100,2647.931,2647.2690000000002,0.001,0.0029
30.01.2019 00:20:36.853 GMT+0100,2647.931,2646.9700000000003,0.001,0.0029
30.01.2019 00:20:36.904 GMT+0100,2647.63,2646.9700000000003,0.001,0.0029
30.01.2019 00:20:41.301 GMT+0100,2647.63,2646.7690000000002,0.001,0.0029
30.01.2019 00:20:41.351 GMT+0100,2647.431,2646.7690000000002,0.001,0.0029
30.01.2019 00:20:43.588 GMT+0100,2647.63,2646.9690000000005,0.0003,0.0029
30.01.2019 00:20:55.037 GMT+0100,2647.63,2646.7690000000002,0.001,0.0029
30.01.2019 00:20:55.088 GMT+0100,2647.43,2646.7690000000002,0.0003,0.0029
30.01.2019 00:20:58.369 GMT+0100,2647.131,2646.4700000000003,0.001,0.0022
30.01.2019 00:21:08.076 GMT+0100,2647.131,2646.77,0.0003,0.0022
30.01.2019 00:21:08.127 GMT+0100,2647.431,2646.77,0.001,0.0022
30.01.2019 00:21:11.810 GMT+0100,2647.431,2646.9700000000003,0.0003,0.0022
30.01.2019 00:21:11.860 GMT+0100,2647.63,2646.9700000000003,0.001,0.0029
30.01.2019 00:21:14.057 GMT+0100,2647.63,2646.7690000000002,0.001,0.0029
30.01.2019 00:21:14.107 GMT+0100,2647.431,2646.7690000000002,0.001,0.0029
30.01.2019 00:21:18.119 GMT+0100,2647.431,2646.9700000000003,0.0003,0.0022
30.01.2019 00:21:18.169 GMT+0100,2647.631,2646.9700000000003,0.001,0.0022
30.01.2019 00:21:18.444 GMT+0100,2647.631,2646.77,0.001,0.0029
30.01.2019 00:21:18.495 GMT+0100,2647.43,2646.77,0.001,0.0029
30.01.2019 00:21:56.251 GMT+0100,2647.43,2646.9700000000003,0.0003,0.0022
30.01.2019 00:21:56.301 GMT+0100,2647.631,2646.9700000000003,0.001,0.0022
30.01.2019 00:22:03.778 GMT+0100,2647.631,2647.2690000000002,0.0003,0.0022
30.01.2019 00:22:03.828 GMT+0100,2647.93,2647.2690000000002,0.0003,0.0029
30.01.2019 00:22:07.626 GMT+0100,2648.131,2647.4690000000005,0.001,0.0029
30.01.2019 00:22:13.404 GMT+0100,2648.131,2647.2690000000002,0.001,0.0029
30.01.2019 00:22:13.454 GMT+0100,2647.93,2647.2690000000002,0.0003,0.0029
30.01.2019 00:22:40.105 GMT+0100,2647.93,2646.9690000000005,0.001,0.0029
30.01.2019 00:22:40.155 GMT+0100,2647.631,2646.9690000000005,0.001,0.0029
30.01.2019 00:22:53.143 GMT+0100,2647.631,2646.77,0.001,0.0029
30.01.2019 00:22:53.194 GMT+0100,2647.43,2646.77,0.001,0.0029
30.01.2019 00:22:56.045 GMT+0100,2647.43,2647.27,0.0003,0.0022
30.01.2019 00:22:56.095 GMT+0100,2647.931,2647.27,0.001,0.0022
30.01.2019 00:22:56.209 GMT+0100,2647.931,2646.9700000000003,0.001,0.0029
30.01.2019 00:22:56.259 GMT+0100,2647.63,2646.9700000000003,0.001,0.0029
30.01.2019 00:22:58.767 GMT+0100,2647.63,2646.77,0.001,0.0029
30.01.2019 00:22:58.818 GMT+0100,2647.431,2646.77,0.001,0.0022
30.01.2019 00:23:01.813 GMT+0100,2647.431,2646.4690000000005,0.001,0.0029
30.01.2019 00:23:01.864 GMT+0100,2647.131,2646.4690000000005,0.001,0.0029
30.01.2019 00:23:02.998 GMT+0100,2647.131,2646.77,0.0003,0.0022
30.01.2019 00:23:03.048 GMT+0100,2647.431,2646.77,0.001,0.0022
30.01.2019 00:23:31.071 GMT+0100,2647.431,2646.869,0.0003,0.0022
30.01.2019 00:23:31.122 GMT+0100,2647.53,2646.869,0.0003,0.0029
30.01.2019 00:23:31.233 GMT+0100,2647.53,2646.7690000000002,0.001,0.0029
30.01.2019 00:23:31.284 GMT+0100,2647.431,2646.7690000000002,0.001,0.0029
30.01.2019 00:23:35.446 GMT+0100,2647.63,2646.9690000000005,0.0003,0.0029
30.01.2019 00:23:53.403 GMT+0100,2647.63,2647.27,0.0003,0.0022
30.01.2019 00:23:53.453 GMT+0100,2647.93,2647.27,0.001,0.0029
30.01.2019 00:23:54.799 GMT+0100,2647.93,2646.9700000000003,0.001,0.0029
30.01.2019 00:23:54.849 GMT+0100,2647.631,2646.9700000000003,0.001,0.0022
30.01.2019 00:25:27.924 GMT+0100,2647.631,2647.2690000000002,0.0003,0.0022
30.01.2019 00:25:27.996 GMT+0100,2647.931,2647.2690000000002,0.001,0.0029
30.01.2019 00:25:41.809 GMT+0100,2647.931,2647.4700000000003,0.0003,0.0022
30.01.2019 00:25:41.859 GMT+0100,2648.131,2647.4700000000003,0.001,0.0022
30.01.2019 00:25:52.923 GMT+0100,2648.131,2647.27,0.001,0.0029
30.01.2019 00:25:52.973 GMT+0100,2647.93,2647.27,0.001,0.0029
30.01.2019 00:26:26.762 GMT+0100,2647.93,2647.4690000000005,0.0003,0.0022
30.01.2019 00:26:26.812 GMT+0100,2648.131,2647.4690000000005,0.001,0.0029
30.01.2019 00:27:00.232 GMT+0100,2648.131,2647.77,0.0003,0.0022
30.01.2019 00:27:00.283 GMT+0100,2648.43,2647.77,0.001,0.0029
30.01.2019 00:27:31.620 GMT+0100,2648.43,2647.4690000000005,0.001,0.0029
30.01.2019 00:27:31.671 GMT+0100,2648.13,2647.4690000000005,0.0003,0.0029
30.01.2019 00:27:50.015 GMT+0100,2648.43,2647.77,0.001,0.0029
30.01.2019 00:28:45.422 GMT+0100,2648.43,2647.9690000000005,0.0003,0.0022
30.01.2019 00:28:45.473 GMT+0100,2648.63,2647.9690000000005,0.0003,0.0029
30.01.2019 00:28:48.181 GMT+0100,2648.63,2647.77,0.001,0.0029
30.01.2019 00:28:48.231 GMT+0100,2648.431,2647.77,0.001,0.0022
30.01.2019 00:28:50.781 GMT+0100,2648.63,2647.9700000000003,0.001,0.0029
30.01.2019 00:28:53.953 GMT+0100,2648.63,2647.869,0.001,0.0029
30.01.2019 00:28:54.003 GMT+0100,2648.531,2647.869,0.001,0.0029
30.01.2019 00:28:54.977 GMT+0100,2648.531,2647.77,0.001,0.0029
30.01.2019 00:28:55.027 GMT+0100,2648.43,2647.77,0.001,0.0029
30.01.2019 00:29:00.766 GMT+0100,2648.43,2647.9690000000005,0.0003,0.0022
30.01.2019 00:29:00.816 GMT+0100,2648.631,2647.9690000000005,0.001,0.0029
30.01.2019 00:29:27.177 GMT+0100,2648.431,2647.77,0.001,0.0022
30.01.2019 00:30:07.994 GMT+0100,2648.431,2647.9690000000005,0.0003,0.0022
30.01.2019 00:30:08.044 GMT+0100,2648.631,2647.9690000000005,0.001,0.0029
30.01.2019 00:30:24.723 GMT+0100,2648.631,2647.7690000000002,0.001,0.0029
30.01.2019 00:30:24.773 GMT+0100,2648.43,2647.7690000000002,0.0003,0.0029
30.01.2019 00:30:29.654 GMT+0100,2648.43,2647.4690000000005,0.001,0.0029
30.01.2019 00:30:29.704 GMT+0100,2648.131,2647.4690000000005,0.001,0.0029
30.01.2019 00:30:40.391 GMT+0100,2648.131,2647.5690000000004,0.0003,0.0022
30.01.2019 00:30:40.442 GMT+0100,2648.2309999999998,2647.5690000000004,0.001,0.0029
30.01.2019 00:30:41.129 GMT+0100,2648.2309999999998,2647.77,0.0003,0.0022
30.01.2019 00:30:41.179 GMT+0100,2648.431,2647.77,0.001,0.0022
30.01.2019 00:30:45.734 GMT+0100,2648.131,2647.4690000000005,0.001,0.0029
30.01.2019 00:30:53.632 GMT+0100,2648.131,2647.77,0.0003,0.0022
30.01.2019 00:30:53.683 GMT+0100,2648.431,2647.77,0.001,0.0022
30.01.2019 00:31:30.018 GMT+0100,2648.431,2647.4690000000005,0.001,0.0029
30.01.2019 00:31:30.069 GMT+0100,2648.13,2647.4690000000005,0.0003,0.0029
30.01.2019 00:31:43.817 GMT+0100,2648.13,2647.37,0.001,0.0029
30.01.2019 00:31:43.867 GMT+0100,2648.031,2647.37,0.001,0.0022
30.01.2019 00:31:43.977 GMT+0100,2648.031,2647.4700000000003,0.0003,0.0022
30.01.2019 00:31:44.028 GMT+0100,2648.13,2647.4700000000003,0.001,0.0029
30.01.2019 00:31:48.663 GMT+0100,2648.13,2647.2690000000002,0.001,0.0029
30.01.2019 00:31:48.713 GMT+0100,2647.931,2647.2690000000002,0.001,0.0029
30.01.2019 00:32:03.879 GMT+0100,2647.931,2647.369,0.0003,0.0022
30.01.2019 00:32:03.929 GMT+0100,2648.03,2647.369,0.0003,0.0029
30.01.2019 00:32:06.446 GMT+0100,2648.03,2647.4700000000003,0.0003,0.0022
30.01.2019 00:32:06.497 GMT+0100,2648.131,2647.4700000000003,0.001,0.0022
30.01.2019 00:34:11.715 GMT+0100,2648.131,2647.77,0.0003,0.0022
30.01.2019 00:34:11.765 GMT+0100,2648.43,2647.77,0.001,0.0029
30.01.2019 00:35:29.795 GMT+0100,2648.43,2647.4700000000003,0.001,0.0029
30.01.2019 00:35:29.846 GMT+0100,2648.131,2647.4700000000003,0.001,0.0022
30.01.2019 00:35:41.524 GMT+0100,2648.131,2647.27,0.001,0.0029
30.01.2019 00:35:41.574 GMT+0100,2647.931,2647.27,0.001,0.0022
30.01.2019 00:36:04.701 GMT+0100,2647.931,2646.9690000000005,0.001,0.0029
30.01.2019 00:36:04.751 GMT+0100,2647.631,2646.9690000000005,0.001,0.0029
30.01.2019 00:36:23.767 GMT+0100,2647.431,2646.7690000000002,0.001,0.0029
30.01.2019 00:36:41.767 GMT+0100,2647.431,2646.4690000000005,0.001,0.0029
30.01.2019 00:36:41.817 GMT+0100,2647.13,2646.4690000000005,0.0003,0.0029
30.01.2019 00:36:45.703 GMT+0100,2647.13,2646.7690000000002,0.0003,0.0022
30.01.2019 00:36:45.753 GMT+0100,2647.431,2646.7690000000002,0.001,0.0029
30.01.2019 00:37:44.409 GMT+0100,2647.431,2646.9690000000005,0.0003,0.0022
30.01.2019 00:37:44.459 GMT+0100,2647.63,2646.9690000000005,0.0003,0.0029
30.01.2019 00:37:56.084 GMT+0100,2647.93,2647.27,0.001,0.0029
30.01.2019 00:39:16.131 GMT+0100,2647.93,2647.4700000000003,0.0003,0.0022
30.01.2019 00:39:16.182 GMT+0100,2648.13,2647.4700000000003,0.001,0.0029
30.01.2019 00:39:23.051 GMT+0100,2648.13,2647.27,0.001,0.0029
30.01.2019 00:39:23.101 GMT+0100,2647.93,2647.27,0.001,0.0029
30.01.2019 00:39:24.540 GMT+0100,2647.93,2647.4690000000005,0.0003,0.0022
30.01.2019 00:39:24.590 GMT+0100,2648.131,2647.4690000000005,0.001,0.0029
30.01.2019 00:39:30.074 GMT+0100,2648.131,2647.369,0.001,0.0029
30.01.2019 00:39:30.125 GMT+0100,2648.031,2647.369,0.001,0.0029
30.01.2019 00:39:32.909 GMT+0100,2648.131,2647.4690000000005,0.001,0.0029
30.01.2019 00:39:58.811 GMT+0100,2648.131,2647.9690000000005,0.0003,0.0022
30.01.2019 00:39:58.861 GMT+0100,2648.631,2647.9690000000005,0.001,0.0029
30.01.2019 00:40:43.638 GMT+0100,2648.631,2647.77,0.001,0.0029
30.01.2019 00:40:43.691 GMT+0100,2648.43,2647.77,0.001,0.0029
30.01.2019 00:41:33.437 GMT+0100,2648.43,2647.4700000000003,0.001,0.0029
30.01.2019 00:41:33.487 GMT+0100,2648.131,2647.4700000000003,0.001,0.0022
30.01.2019 00:42:15.292 GMT+0100,2648.131,2647.7690000000002,0.0003,0.0022
30.01.2019 00:42:15.342 GMT+0100,2648.43,2647.7690000000002,0.0003,0.0029
30.01.2019 00:42:35.029 GMT+0100,2648.43,2647.9700000000003,0.0003,0.0022
30.01.2019 00:42:35.080 GMT+0100,2648.631,2647.9700000000003,0.001,0.0022
30.01.2019 00:42:36.011 GMT+0100,2648.631,2647.7690000000002,0.001,0.0029
30.01.2019 00:42:36.062 GMT+0100,2648.43,2647.7690000000002,0.0003,0.0029
30.01.2019 00:42:40.027 GMT+0100,2648.43,2647.9690000000005,0.0003,0.0022
30.01.2019 00:42:40.078 GMT+0100,2648.63,2647.9690000000005,0.0003,0.0029
30.01.2019 00:42:55.554 GMT+0100,2648.63,2647.869,0.001,0.0029
30.01.2019 00:42:55.604 GMT+0100,2648.53,2647.869,0.0003,0.0029
30.01.2019 00:43:01.642 GMT+0100,2648.53,2647.9690000000005,0.0003,0.0022
30.01.2019 00:43:01.692 GMT+0100,2648.631,2647.9690000000005,0.001,0.0029
30.01.2019 00:43:02.146 GMT+0100,2648.631,2647.87,0.001,0.0029
30.01.2019 00:43:02.196 GMT+0100,2648.53,2647.87,0.001,0.0029
30.01.2019 00:43:02.623 GMT+0100,2648.53,2647.9690000000005,0.0003,0.0022
30.01.2019 00:43:02.673 GMT+0100,2648.63,2647.9690000000005,0.0003,0.0029
30.01.2019 00:43:31.418 GMT+0100,2648.63,2647.77,0.001,0.0029
30.01.2019 00:43:31.469 GMT+0100,2648.431,2647.77,0.001,0.0022
30.01.2019 00:43:32.971 GMT+0100,2648.431,2647.9690000000005,0.0003,0.0022
30.01.2019 00:43:33.021 GMT+0100,2648.63,2647.9690000000005,0.0003,0.0029
30.01.2019 00:44:00.163 GMT+0100,2648.63,2647.77,0.001,0.0029
30.01.2019 00:44:00.214 GMT+0100,2648.431,2647.77,0.001,0.0022
30.01.2019 00:44:13.179 GMT+0100,2647.93,2647.27,0.001,0.0029
30.01.2019 00:44:13.290 GMT+0100,2647.93,2647.4690000000005,0.0003,0.0022
30.01.2019 00:44:13.388 GMT+0100,2648.13,2647.4690000000005,0.0003,0.0029
30.01.2019 00:44:47.265 GMT+0100,2648.13,2647.27,0.001,0.0029
30.01.2019 00:44:47.315 GMT+0100,2647.931,2647.27,0.001,0.0022
30.01.2019 00:45:18.198 GMT+0100,2647.931,2646.9700000000003,0.001,0.0029
30.01.2019 00:45:18.248 GMT+0100,2647.63,2646.9700000000003,0.001,0.0029
30.01.2019 00:45:21.307 GMT+0100,2647.63,2647.2690000000002,0.0003,0.0022
30.01.2019 00:45:21.358 GMT+0100,2647.931,2647.2690000000002,0.001,0.0029
30.01.2019 00:45:29.939 GMT+0100,2647.931,2647.77,0.0003,0.0022
30.01.2019 00:45:29.990 GMT+0100,2648.431,2647.77,0.001,0.0022
30.01.2019 00:45:36.515 GMT+0100,2648.23,2647.77,0.0003,0.0022
30.01.2019 00:45:36.566 GMT+0100,2648.23,2647.5690000000004,0.0003,0.0029
30.01.2019 00:45:37.044 GMT+0100,2648.23,2647.4700000000003,0.001,0.0029
30.01.2019 00:45:37.095 GMT+0100,2648.13,2647.4700000000003,0.001,0.0029
30.01.2019 00:45:44.273 GMT+0100,2648.13,2647.77,0.0003,0.0022
30.01.2019 00:45:44.324 GMT+0100,2648.431,2647.77,0.001,0.0022
30.01.2019 00:45:47.820 GMT+0100,2648.13,2647.4690000000005,0.0003,0.0029
30.01.2019 00:48:16.493 GMT+0100,2647.931,2647.4690000000005,0.0003,0.0022
30.01.2019 00:48:16.544 GMT+0100,2647.931,2647.2690000000002,0.001,0.0029
30.01.2019 00:48:16.657 GMT+0100,2647.931,2646.9700000000003,0.001,0.0029
30.01.2019 00:48:16.707 GMT+0100,2647.63,2646.9700000000003,0.001,0.0029
30.01.2019 00:48:17.313 GMT+0100,2647.7309999999998,2646.9700000000003,0.001,0.0029
30.01.2019 00:48:17.363 GMT+0100,2647.7309999999998,2647.0690000000004,0.001,0.0029
30.01.2019 00:48:18.721 GMT+0100,2647.7309999999998,2647.2690000000002,0.0003,0.0022
30.01.2019 00:48:18.772 GMT+0100,2647.93,2647.2690000000002,0.0003,0.0029
30.01.2019 00:48:49.230 GMT+0100,2647.43,2646.77,0.001,0.0029
30.01.2019 00:49:20.437 GMT+0100,2647.631,2646.9690000000005,0.001,0.0029
30.01.2019 00:49:44.048 GMT+0100,2647.631,2646.77,0.001,0.0029
30.01.2019 00:49:44.099 GMT+0100,2647.431,2646.77,0.001,0.0022
30.01.2019 00:49:45.106 GMT+0100,2647.431,2646.9700000000003,0.0003,0.0022
30.01.2019 00:49:45.156 GMT+0100,2647.63,2646.9700000000003,0.001,0.0029
30.01.2019 00:49:46.365 GMT+0100,2647.63,2646.77,0.001,0.0029
30.01.2019 00:49:46.416 GMT+0100,2647.431,2646.77,0.001,0.0022
30.01.2019 00:50:04.534 GMT+0100,2647.13,2646.77,0.0003,0.0022
30.01.2019 00:50:04.584 GMT+0100,2647.13,2646.4700000000003,0.001,0.0029
30.01.2019 00:50:20.355 GMT+0100,2646.93,2646.2690000000002,0.0003,0.0029
30.01.2019 00:50:28.001 GMT+0100,2647.13,2646.2690000000002,0.001,0.0029
30.01.2019 00:50:28.051 GMT+0100,2647.13,2646.4690000000005,0.0003,0.0029
30.01.2019 00:50:28.134 GMT+0100,2647.13,2646.27,0.001,0.0029
30.01.2019 00:50:28.185 GMT+0100,2646.93,2646.27,0.001,0.0029
30.01.2019 00:50:28.791 GMT+0100,2646.93,2646.7690000000002,0.0003,0.0022
30.01.2019 00:50:28.841 GMT+0100,2647.43,2646.7690000000002,0.0003,0.0029
30.01.2019 00:50:39.690 GMT+0100,2647.43,2646.4690000000005,0.001,0.0029
30.01.2019 00:50:39.740 GMT+0100,2647.131,2646.4690000000005,0.001,0.0029
30.01.2019 00:50:47.820 GMT+0100,2647.131,2646.2690000000002,0.001,0.0029
30.01.2019 00:50:47.871 GMT+0100,2646.931,2646.2690000000002,0.001,0.0029
30.01.2019 00:50:59.550 GMT+0100,2647.131,2646.4690000000005,0.001,0.0029
30.01.2019 00:51:25.688 GMT+0100,2647.131,2646.37,0.001,0.0029
30.01.2019 00:51:25.738 GMT+0100,2647.031,2646.37,0.001,0.0022
30.01.2019 00:51:25.848 GMT+0100,2647.031,2646.27,0.001,0.0029
30.01.2019 00:51:25.899 GMT+0100,2646.931,2646.27,0.001,0.0022
30.01.2019 00:51:29.016 GMT+0100,2646.931,2646.4700000000003,0.0003,0.0022
30.01.2019 00:51:29.067 GMT+0100,2647.13,2646.4700000000003,0.001,0.0029
30.01.2019 00:51:30.180 GMT+0100,2647.13,2646.77,0.0003,0.0022
30.01.2019 00:51:30.231 GMT+0100,2647.43,2646.77,0.001,0.0029
30.01.2019 00:51:32.196 GMT+0100,2647.43,2646.5690000000004,0.001,0.0029
30.01.2019 00:51:32.247 GMT+0100,2647.2309999999998,2646.5690000000004,0.001,0.0029
30.01.2019 00:51:32.355 GMT+0100,2647.2309999999998,2646.4690000000005,0.001,0.0029
30.01.2019 00:51:32.405 GMT+0100,2647.13,2646.4690000000005,0.0003,0.0029
30.01.2019 00:51:52.696 GMT+0100,2647.13,2646.7690000000002,0.0003,0.0022
30.01.2019 00:51:52.746 GMT+0100,2647.431,2646.7690000000002,0.001,0.0029
30.01.2019 00:51:53.025 GMT+0100,2647.431,2646.4690000000005,0.001,0.0029
30.01.2019 00:51:53.075 GMT+0100,2647.13,2646.4690000000005,0.0003,0.0029
30.01.2019 00:52:19.453 GMT+0100,2647.43,2646.7690000000002,0.0003,0.0029
30.01.2019 00:52:53.719 GMT+0100,2647.53,2646.869,0.0003,0.0029
30.01.2019 00:53:07.983 GMT+0100,2647.431,2646.77,0.001,0.0022
30.01.2019 00:53:16.710 GMT+0100,2647.431,2646.9700000000003,0.0003,0.0022
30.01.2019 00:53:16.761 GMT+0100,2647.631,2646.9700000000003,0.001,0.0022
30.01.2019 00:53:24.698 GMT+0100,2647.631,2646.87,0.001,0.0029
30.01.2019 00:53:24.749 GMT+0100,2647.531,2646.87,0.001,0.0022
30.01.2019 00:53:28.211 GMT+0100,2647.531,2646.77,0.001,0.0029
30.01.2019 00:53:28.261 GMT+0100,2647.431,2646.77,0.001,0.0022
30.01.2019 00:53:48.174 GMT+0100,2647.431,2646.87,0.0003,0.0022
30.01.2019 00:53:48.224 GMT+0100,2647.531,2646.87,0.001,0.0022
30.01.2019 00:53:51.539 GMT+0100,2647.531,2646.77,0.001,0.0029
30.01.2019 00:53:51.590 GMT+0100,2647.431,2646.77,0.001,0.0022
30.01.2019 00:53:52.246 GMT+0100,2647.431,2646.87,0.0003,0.0022
30.01.2019 00:53:52.297 GMT+0100,2647.531,2646.87,0.001,0.0022
30.01.2019 00:53:53.480 GMT+0100,2647.531,2646.9700000000003,0.0003,0.0022
30.01.2019 00:53:53.530 GMT+0100,2647.63,2646.9700000000003,0.001,0.0029
30.01.2019 00:54:15.995 GMT+0100,2647.63,2646.77,0.001,0.0029
30.01.2019 00:54:16.046 GMT+0100,2647.431,2646.77,0.001,0.0022
30.01.2019 00:54:43.792 GMT+0100,2647.431,2646.869,0.0003,0.0022
30.01.2019 00:54:43.842 GMT+0100,2647.53,2646.869,0.0003,0.0029
30.01.2019 00:54:49.160 GMT+0100,2647.63,2646.9690000000005,0.0003,0.0029
30.01.2019 00:55:19.391 GMT+0100,2647.63,2646.77,0.001,0.0029
30.01.2019 00:55:19.441 GMT+0100,2647.43,2646.77,0.001,0.0029
30.01.2019 00:57:14.088 GMT+0100,2647.43,2646.4700000000003,0.001,0.0029
30.01.2019 00:57:14.138 GMT+0100,2647.131,2646.4700000000003,0.001,0.0022
30.01.2019 00:57:39.760 GMT+0100,2646.93,2646.4700000000003,0.0003,0.0022
30.01.2019 00:57:39.810 GMT+0100,2646.93,2646.27,0.001,0.0029
30.01.2019 00:57:45.520 GMT+0100,2646.93,2646.4690000000005,0.0003,0.0022
30.01.2019 00:57:45.570 GMT+0100,2647.13,2646.4690000000005,0.0003,0.0029
30.01.2019 00:58:11.998 GMT+0100,2647.43,2646.7690000000002,0.0003,0.0029
30.01.2019 00:58:14.723 GMT+0100,2647.131,2646.7690000000002,0.0003,0.0022
30.01.2019 00:58:14.774 GMT+0100,2647.131,2646.4700000000003,0.001,0.0022
30.01.2019 00:58:18.676 GMT+0100,2647.131,2646.7690000000002,0.0003,0.0022
30.01.2019 00:58:18.726 GMT+0100,2647.43,2646.7690000000002,0.0003,0.0029
30.01.2019 00:58:19.738 GMT+0100,2647.43,2646.4690000000005,0.001,0.0029
30.01.2019 00:58:19.788 GMT+0100,2647.131,2646.4690000000005,0.001,0.0029
30.01.2019 00:59:54.609 GMT+0100,2647.131,2646.2690000000002,0.001,0.0029
30.01.2019 00:59:54.659 GMT+0100,2646.931,2646.2690000000002,0.001,0.0029
30.01.2019 00:59:56.136 GMT+0100,2646.931,2645.9690000000005,0.001,0.0029
30.01.2019 00:59:56.187 GMT+0100,2646.631,2645.9690000000005,0.001,0.0029
30.01.2019 00:59:58.440 GMT+0100,2646.631,2645.77,0.001,0.0029
30.01.2019 00:59:58.490 GMT+0100,2646.431,2645.77,0.001,0.0022
30.01.2019 00:59:59.972 GMT+0100,2646.13,2645.4700000000003,0.001,0.0029
30.01.2019 01:00:00.961 GMT+0100,2645.93,2645.2690000000002,0.0003,0.0029
30.01.2019 01:00:01.491 GMT+0100,2645.93,2645.4690000000005,0.0003,0.0022
30.01.2019 01:00:01.541 GMT+0100,2646.131,2645.4690000000005,0.001,0.0029
30.01.2019 01:00:02.419 GMT+0100,2646.131,2645.77,0.0003,0.0022
30.01.2019 01:00:02.469 GMT+0100,2646.43,2645.77,0.001,0.0029
30.01.2019 01:00:02.577 GMT+0100,2646.43,2645.4700000000003,0.001,0.0029
30.01.2019 01:00:02.627 GMT+0100,2646.13,2645.4700000000003,0.001,0.0029
30.01.2019 01:00:03.540 GMT+0100,2646.13,2645.27,0.001,0.0029
30.01.2019 01:00:03.591 GMT+0100,2645.93,2645.27,0.001,0.0029
30.01.2019 01:00:04.128 GMT+0100,2645.93,2644.9700000000003,0.001,0.0029
30.01.2019 01:00:04.179 GMT+0100,2645.631,2644.9700000000003,0.001,0.0022
30.01.2019 01:00:04.611 GMT+0100,2646.13,2645.4700000000003,0.001,0.0029
30.01.2019 01:00:04.940 GMT+0100,2645.931,2645.2690000000002,0.001,0.0029
30.01.2019 01:00:06.339 GMT+0100,2645.931,2645.4690000000005,0.0003,0.0022
30.01.2019 01:00:06.390 GMT+0100,2646.131,2645.4690000000005,0.001,0.0029
30.01.2019 01:00:07.193 GMT+0100,2646.131,2645.57,0.0003,0.0022
30.01.2019 01:00:07.243 GMT+0100,2646.2309999999998,2645.57,0.001,0.0022
30.01.2019 01:00:07.540 GMT+0100,2646.131,2645.57,0.0003,0.0022
30.01.2019 01:00:07.591 GMT+0100,2646.131,2645.4690000000005,0.001,0.0029
30.01.2019 01:00:08.102 GMT+0100,2646.131,2645.57,0.0003,0.0022
30.01.2019 01:00:08.162 GMT+0100,2646.23,2645.57,0.001,0.0029
30.01.2019 01:00:08.594 GMT+0100,2646.23,2645.4700000000003,0.001,0.0029
30.01.2019 01:00:08.645 GMT+0100,2646.131,2645.4700000000003,0.001,0.0022
30.01.2019 01:00:08.753 GMT+0100,2646.131,2645.77,0.0003,0.0022
30.01.2019 01:00:08.803 GMT+0100,2646.43,2645.77,0.001,0.0029
30.01.2019 01:00:24.477 GMT+0100,2646.631,2645.77,0.001,0.0029
30.01.2019 01:00:24.528 GMT+0100,2646.631,2645.9690000000005,0.001,0.0029
30.01.2019 01:00:27.640 GMT+0100,2646.631,2646.27,0.0003,0.0022
30.01.2019 01:00:27.691 GMT+0100,2646.93,2646.27,0.001,0.0029
30.01.2019 01:00:27.815 GMT+0100,2646.631,2646.27,0.0003,0.0022
30.01.2019 01:00:27.865 GMT+0100,2646.631,2645.9700000000003,0.001,0.0022
30.01.2019 01:00:30.844 GMT+0100,2646.631,2645.77,0.001,0.0029
30.01.2019 01:00:30.894 GMT+0100,2646.43,2645.77,0.001,0.0029
30.01.2019 01:00:43.770 GMT+0100,2646.43,2645.9700000000003,0.0003,0.0022
30.01.2019 01:00:43.820 GMT+0100,2646.63,2645.9700000000003,0.001,0.0029
30.01.2019 01:00:45.616 GMT+0100,2646.93,2646.2690000000002,0.0003,0.0029
30.01.2019 01:00:45.807 GMT+0100,2646.631,2645.9700000000003,0.001,0.0022
30.01.2019 01:00:51.862 GMT+0100,2646.631,2645.77,0.001,0.0029
30.01.2019 01:00:51.912 GMT+0100,2646.431,2645.77,0.001,0.0022
30.01.2019 01:00:54.333 GMT+0100,2646.431,2645.9690000000005,0.0003,0.0022
30.01.2019 01:00:54.383 GMT+0100,2646.631,2645.9690000000005,0.001,0.0029
30.01.2019 01:01:38.777 GMT+0100,2646.53,2645.87,0.001,0.0029
30.01.2019 01:01:38.906 GMT+0100,2646.53,2645.9690000000005,0.0003,0.0022
30.01.2019 01:01:38.957 GMT+0100,2646.631,2645.9690000000005,0.001,0.0029
30.01.2019 01:01:39.107 GMT+0100,2646.531,2645.869,0.001,0.0029
30.01.2019 01:01:39.768 GMT+0100,2646.631,2645.9700000000003,0.001,0.0022
30.01.2019 01:01:39.878 GMT+0100,2646.631,2645.7690000000002,0.001,0.0029
30.01.2019 01:01:39.928 GMT+0100,2646.43,2645.7690000000002,0.0003,0.0029
30.01.2019 01:01:48.539 GMT+0100,2646.43,2645.4690000000005,0.001,0.0029
30.01.2019 01:01:48.589 GMT+0100,2646.131,2645.4690000000005,0.001,0.0029
30.01.2019 01:01:57.761 GMT+0100,2646.131,2645.77,0.0003,0.0022
30.01.2019 01:01:57.811 GMT+0100,2646.43,2645.77,0.001,0.0029
30.01.2019 01:02:01.279 GMT+0100,2646.43,2645.4700000000003,0.001,0.0029
30.01.2019 01:02:01.351 GMT+0100,2646.131,2645.4700000000003,0.001,0.0022
30.01.2019 01:02:02.418 GMT+0100,2646.131,2645.7690000000002,0.0003,0.0022
30.01.2019 01:02:02.468 GMT+0100,2646.431,2645.7690000000002,0.001,0.0029
30.01.2019 01:02:03.043 GMT+0100,2646.431,2645.4690000000005,0.001,0.0029
30.01.2019 01:02:03.094 GMT+0100,2646.131,2645.4690000000005,0.001,0.0029
30.01.2019 01:02:09.655 GMT+0100,2646.131,2645.57,0.0003,0.0022
30.01.2019 01:02:09.706 GMT+0100,2646.23,2645.57,0.001,0.0029
30.01.2019 01:02:10.774 GMT+0100,2646.23,2645.7690000000002,0.0003,0.0022
30.01.2019 01:02:10.824 GMT+0100,2646.43,2645.7690000000002,0.0003,0.0029
30.01.2019 01:02:14.115 GMT+0100,2646.43,2645.4690000000005,0.001,0.0029
30.01.2019 01:02:14.166 GMT+0100,2646.131,2645.4690000000005,0.001,0.0029
30.01.2019 01:02:16.697 GMT+0100,2646.131,2645.7690000000002,0.0003,0.0022
30.01.2019 01:02:16.747 GMT+0100,2646.431,2645.7690000000002,0.001,0.0029
30.01.2019 01:02:17.470 GMT+0100,2646.431,2645.4700000000003,0.001,0.0029
30.01.2019 01:02:17.520 GMT+0100,2646.131,2645.4700000000003,0.001,0.0022
30.01.2019 01:02:19.198 GMT+0100,2646.131,2645.5690000000004,0.0003,0.0022
30.01.2019 01:02:19.249 GMT+0100,2646.2309999999998,2645.5690000000004,0.001,0.0029
30.01.2019 01:02:20.182 GMT+0100,2646.2309999999998,2645.7690000000002,0.0003,0.0022
30.01.2019 01:02:20.233 GMT+0100,2646.431,2645.7690000000002,0.001,0.0029
30.01.2019 01:02:29.553 GMT+0100,2646.13,2645.4690000000005,0.0003,0.0029
30.01.2019 01:02:42.202 GMT+0100,2645.931,2645.27,0.001,0.0022
30.01.2019 01:02:46.364 GMT+0100,2645.931,2645.369,0.0003,0.0022
30.01.2019 01:02:46.415 GMT+0100,2646.031,2645.369,0.001,0.0029
30.01.2019 01:02:46.575 GMT+0100,2646.031,2645.2690000000002,0.001,0.0029
30.01.2019 01:02:46.625 GMT+0100,2645.931,2645.2690000000002,0.001,0.0029
30.01.2019 01:02:47.196 GMT+0100,2646.031,2645.37,0.001,0.0022
30.01.2019 01:02:48.338 GMT+0100,2646.031,2645.4700000000003,0.0003,0.0022
30.01.2019 01:02:48.389 GMT+0100,2646.131,2645.4700000000003,0.001,0.0022
30.01.2019 01:02:50.363 GMT+0100,2645.93,2645.4700000000003,0.0003,0.0022
30.01.2019 01:02:50.414 GMT+0100,2645.93,2645.2690000000002,0.0003,0.0029
30.01.2019 01:02:57.654 GMT+0100,2645.93,2644.9690000000005,0.001,0.0029
30.01.2019 01:02:57.705 GMT+0100,2645.631,2644.9690000000005,0.001,0.0029
30.01.2019 01:03:06.659 GMT+0100,2645.631,2645.27,0.0003,0.0022
30.01.2019 01:03:06.710 GMT+0100,2645.931,2645.27,0.001,0.0022
30.01.2019 01:03:09.041 GMT+0100,2645.931,2644.9700000000003,0.001,0.0029
30.01.2019 01:03:09.092 GMT+0100,2645.63,2644.9700000000003,0.001,0.0029
30.01.2019 01:03:09.578 GMT+0100,2645.93,2644.9700000000003,0.001,0.0029
30.01.2019 01:03:09.629 GMT+0100,2645.93,2645.2690000000002,0.0003,0.0029
30.01.2019 01:03:34.771 GMT+0100,2645.93,2644.9690000000005,0.001,0.0029
30.01.2019 01:03:34.821 GMT+0100,2645.631,2644.9690000000005,0.001,0.0029
30.01.2019 01:03:42.342 GMT+0100,2645.631,2644.7690000000002,0.001,0.0029
30.01.2019 01:03:42.393 GMT+0100,2645.43,2644.7690000000002,0.0003,0.0029
30.01.2019 01:03:44.513 GMT+0100,2645.43,2644.9690000000005,0.0003,0.0022
30.01.2019 01:03:44.564 GMT+0100,2645.631,2644.9690000000005,0.001,0.0029
30.01.2019 01:03:46.970 GMT+0100,2645.631,2645.27,0.0003,0.0022
30.01.2019 01:03:47.020 GMT+0100,2645.93,2645.27,0.001,0.0029
30.01.2019 01:04:04.356 GMT+0100,2645.93,2644.9690000000005,0.001,0.0029
30.01.2019 01:04:04.407 GMT+0100,2645.63,2644.9690000000005,0.0003,0.0029
30.01.2019 01:04:05.480 GMT+0100,2645.63,2644.7690000000002,0.001,0.0029
30.01.2019 01:04:05.530 GMT+0100,2645.431,2644.7690000000002,0.001,0.0029
30.01.2019 01:04:09.757 GMT+0100,2645.431,2644.9700000000003,0.0003,0.0022
30.01.2019 01:04:09.807 GMT+0100,2645.631,2644.9700000000003,0.001,0.0022
30.01.2019 01:04:17.427 GMT+0100,2645.631,2644.77,0.001,0.0029
30.01.2019 01:04:17.477 GMT+0100,2645.431,2644.77,0.001,0.0022
30.01.2019 01:04:20.756 GMT+0100,2645.431,2644.9690000000005,0.0003,0.0022
30.01.2019 01:04:20.806 GMT+0100,2645.631,2644.9690000000005,0.001,0.0029
30.01.2019 01:04:25.867 GMT+0100,2645.631,2645.2690000000002,0.0003,0.0022
30.01.2019 01:04:25.917 GMT+0100,2645.931,2645.2690000000002,0.001,0.0029
30.01.2019 01:04:33.526 GMT+0100,2645.931,2644.9700000000003,0.001,0.0029
30.01.2019 01:04:33.576 GMT+0100,2645.63,2644.9700000000003,0.001,0.0029
30.01.2019 01:04:41.470 GMT+0100,2645.63,2644.7690000000002,0.001,0.0029
30.01.2019 01:04:41.521 GMT+0100,2645.43,2644.7690000000002,0.0003,0.0029
30.01.2019 01:05:01.823 GMT+0100,2645.43,2644.4690000000005,0.001,0.0029
30.01.2019 01:05:01.874 GMT+0100,2645.131,2644.4690000000005,0.001,0.0029
30.01.2019 01:05:08.378 GMT+0100,2645.131,2644.7690000000002,0.0003,0.0022
30.01.2019 01:05:08.428 GMT+0100,2645.43,2644.7690000000002,0.0003,0.0029
30.01.2019 01:05:08.536 GMT+0100,2645.43,2644.4700000000003,0.001,0.0029
30.01.2019 01:05:08.586 GMT+0100,2645.131,2644.4700000000003,0.001,0.0022
30.01.2019 01:05:20.964 GMT+0100,2645.131,2644.2690000000002,0.001,0.0029
30.01.2019 01:05:21.065 GMT+0100,2644.931,2644.2690000000002,0.001,0.0029
30.01.2019 01:05:42.527 GMT+0100,2644.931,2644.4700000000003,0.0003,0.0022
30.01.2019 01:05:42.578 GMT+0100,2645.131,2644.4700000000003,0.001,0.0022
30.01.2019 01:05:46.519 GMT+0100,2645.131,2644.2690000000002,0.001,0.0029
30.01.2019 01:05:46.569 GMT+0100,2644.93,2644.2690000000002,0.0003,0.0029
30.01.2019 01:05:46.677 GMT+0100,2645.131,2644.4700000000003,0.001,0.0022
30.01.2019 01:05:47.543 GMT+0100,2645.131,2644.37,0.001,0.0029
30.01.2019 01:05:47.593 GMT+0100,2645.031,2644.37,0.001,0.0022
30.01.2019 01:05:48.780 GMT+0100,2645.031,2644.27,0.001,0.0029
30.01.2019 01:05:48.886 GMT+0100,2644.93,2644.27,0.001,0.0029
30.01.2019 01:05:49.377 GMT+0100,2644.93,2644.4700000000003,0.0003,0.0022
30.01.2019 01:05:49.427 GMT+0100,2645.131,2644.4700000000003,0.001,0.0022
30.01.2019 01:05:50.706 GMT+0100,2645.131,2644.369,0.001,0.0029
30.01.2019 01:05:50.756 GMT+0100,2645.031,2644.369,0.001,0.0029
30.01.2019 01:05:50.865 GMT+0100,2645.031,2644.27,0.001,0.0029
30.01.2019 01:05:50.915 GMT+0100,2644.93,2644.27,0.001,0.0029
30.01.2019 01:05:52.642 GMT+0100,2644.93,2644.4700000000003,0.0003,0.0022
30.01.2019 01:05:52.693 GMT+0100,2645.13,2644.4700000000003,0.001,0.0029
30.01.2019 01:05:55.638 GMT+0100,2645.13,2644.2690000000002,0.001,0.0029
30.01.2019 01:05:55.689 GMT+0100,2644.93,2644.2690000000002,0.0003,0.0029
30.01.2019 01:05:59.292 GMT+0100,2644.93,2644.4690000000005,0.0003,0.0022
30.01.2019 01:05:59.343 GMT+0100,2645.13,2644.4690000000005,0.0003,0.0029
30.01.2019 01:06:01.209 GMT+0100,2645.13,2644.2690000000002,0.001,0.0029
30.01.2019 01:06:01.259 GMT+0100,2644.931,2644.2690000000002,0.001,0.0029
30.01.2019 01:06:02.322 GMT+0100,2644.931,2644.4690000000005,0.0003,0.0022
30.01.2019 01:06:02.372 GMT+0100,2645.131,2644.4690000000005,0.001,0.0029
30.01.2019 01:06:02.494 GMT+0100,2644.931,2644.4690000000005,0.0003,0.0022
30.01.2019 01:06:02.544 GMT+0100,2644.931,2644.27,0.001,0.0022
30.01.2019 01:06:14.945 GMT+0100,2645.13,2644.27,0.001,0.0029
30.01.2019 01:06:14.995 GMT+0100,2645.13,2644.4700000000003,0.001,0.0029
30.01.2019 01:06:19.137 GMT+0100,2645.13,2644.2690000000002,0.001,0.0029
30.01.2019 01:06:19.187 GMT+0100,2644.931,2644.2690000000002,0.001,0.0029
30.01.2019 01:06:23.318 GMT+0100,2644.931,2643.9700000000003,0.001,0.0029
30.01.2019 01:06:23.368 GMT+0100,2644.63,2643.9700000000003,0.001,0.0029
30.01.2019 01:06:38.890 GMT+0100,2644.63,2643.869,0.001,0.0029
30.01.2019 01:06:38.940 GMT+0100,2644.531,2643.869,0.001,0.0029
30.01.2019 01:06:39.238 GMT+0100,2644.43,2643.869,0.0003,0.0022
30.01.2019 01:06:39.289 GMT+0100,2644.43,2643.7690000000002,0.0003,0.0029
30.01.2019 01:06:43.538 GMT+0100,2644.631,2643.7690000000002,0.001,0.0029
30.01.2019 01:06:43.611 GMT+0100,2644.631,2643.9690000000005,0.001,0.0029
30.01.2019 01:06:44.919 GMT+0100,2644.93,2643.9690000000005,0.001,0.0029
30.01.2019 01:06:44.969 GMT+0100,2644.93,2644.27,0.001,0.0029
30.01.2019 01:06:51.939 GMT+0100,2644.631,2643.9700000000003,0.001,0.0022
30.01.2019 01:06:52.072 GMT+0100,2644.631,2644.27,0.0003,0.0022
30.01.2019 01:06:52.122 GMT+0100,2644.93,2644.27,0.001,0.0029
30.01.2019 01:06:58.474 GMT+0100,2644.93,2644.4700000000003,0.0003,0.0022
30.01.2019 01:06:58.525 GMT+0100,2645.13,2644.4700000000003,0.001,0.0029
30.01.2019 01:06:58.639 GMT+0100,2645.13,2644.2690000000002,0.001,0.0029
30.01.2019 01:06:58.689 GMT+0100,2644.931,2644.2690000000002,0.001,0.0029
30.01.2019 01:06:59.052 GMT+0100,2644.931,2644.4700000000003,0.0003,0.0022
30.01.2019 01:06:59.103 GMT+0100,2645.13,2644.4700000000003,0.001,0.0029
30.01.2019 01:07:00.772 GMT+0100,2645.13,2644.37,0.001,0.0029
30.01.2019 01:07:00.822 GMT+0100,2645.03,2644.37,0.001,0.0029
30.01.2019 01:07:01.423 GMT+0100,2645.03,2644.4700000000003,0.0003,0.0022
30.01.2019 01:07:01.473 GMT+0100,2645.13,2644.4700000000003,0.001,0.0029
30.01.2019 01:07:06.842 GMT+0100,2645.43,2644.4700000000003,0.001,0.0029
30.01.2019 01:07:06.892 GMT+0100,2645.43,2644.7690000000002,0.0003,0.0029
30.01.2019 01:07:09.939 GMT+0100,2645.43,2644.4700000000003,0.001,0.0029
30.01.2019 01:07:09.989 GMT+0100,2645.13,2644.4700000000003,0.001,0.0029
30.01.2019 01:07:10.100 GMT+0100,2645.13,2644.77,0.0003,0.0022
30.01.2019 01:07:10.151 GMT+0100,2645.431,2644.77,0.001,0.0022
30.01.2019 01:07:10.934 GMT+0100,2645.431,2644.4690000000005,0.001,0.0029
30.01.2019 01:07:10.984 GMT+0100,2645.13,2644.4690000000005,0.0003,0.0029
30.01.2019 01:07:14.528 GMT+0100,2645.13,2644.27,0.001,0.0029
30.01.2019 01:07:14.579 GMT+0100,2644.93,2644.27,0.001,0.0029
30.01.2019 01:07:25.528 GMT+0100,2644.93,2643.9700000000003,0.001,0.0029
30.01.2019 01:07:25.579 GMT+0100,2644.63,2643.9700000000003,0.001,0.0029
30.01.2019 01:07:30.835 GMT+0100,2644.63,2644.27,0.0003,0.0022
30.01.2019 01:07:30.931 GMT+0100,2644.931,2644.27,0.001,0.0022
30.01.2019 01:07:34.543 GMT+0100,2644.931,2644.4690000000005,0.0003,0.0022
30.01.2019 01:07:34.594 GMT+0100,2645.131,2644.4690000000005,0.001,0.0029
30.01.2019 01:07:42.421 GMT+0100,2645.131,2644.2690000000002,0.001,0.0029
30.01.2019 01:07:42.471 GMT+0100,2644.931,2644.2690000000002,0.001,0.0029
30.01.2019 01:07:42.584 GMT+0100,2644.931,2644.4700000000003,0.0003,0.0022
30.01.2019 01:07:42.635 GMT+0100,2645.131,2644.4700000000003,0.001,0.0022
30.01.2019 01:07:42.744 GMT+0100,2645.131,2644.37,0.001,0.0029
30.01.2019 01:07:42.794 GMT+0100,2645.031,2644.37,0.001,0.0022
30.01.2019 01:07:43.410 GMT+0100,2645.031,2644.4690000000005,0.0003,0.0022
30.01.2019 01:07:43.460 GMT+0100,2645.13,2644.4690000000005,0.0003,0.0029
30.01.2019 01:07:46.867 GMT+0100,2645.13,2644.27,0.001,0.0029
30.01.2019 01:07:46.917 GMT+0100,2644.93,2644.27,0.001,0.0029
30.01.2019 01:07:52.300 GMT+0100,2645.131,2644.27,0.001,0.0029
30.01.2019 01:07:52.351 GMT+0100,2645.131,2644.4690000000005,0.001,0.0029
30.01.2019 01:07:54.967 GMT+0100,2645.131,2644.2690000000002,0.001,0.0029
30.01.2019 01:07:55.017 GMT+0100,2644.93,2644.2690000000002,0.0003,0.0029
30.01.2019 01:08:05.551 GMT+0100,2644.93,2643.9700000000003,0.001,0.0029
30.01.2019 01:08:05.601 GMT+0100,2644.631,2643.9700000000003,0.001,0.0022
30.01.2019 01:08:08.377 GMT+0100,2644.631,2643.7690000000002,0.001,0.0029
30.01.2019 01:08:08.428 GMT+0100,2644.43,2643.7690000000002,0.0003,0.0029
30.01.2019 01:08:14.904 GMT+0100,2644.43,2643.9690000000005,0.0003,0.0022
30.01.2019 01:08:14.954 GMT+0100,2644.63,2643.9690000000005,0.0003,0.0029
30.01.2019 01:08:17.501 GMT+0100,2644.63,2643.7690000000002,0.001,0.0029
30.01.2019 01:08:17.551 GMT+0100,2644.43,2643.7690000000002,0.0003,0.0029
30.01.2019 01:08:18.462 GMT+0100,2644.43,2643.9690000000005,0.0003,0.0022
30.01.2019 01:08:18.513 GMT+0100,2644.63,2643.9690000000005,0.0003,0.0029
30.01.2019 01:08:19.127 GMT+0100,2644.63,2643.77,0.001,0.0029
30.01.2019 01:08:19.177 GMT+0100,2644.43,2643.77,0.001,0.0029
30.01.2019 01:08:23.417 GMT+0100,2644.63,2643.9690000000005,0.0003,0.0029
30.01.2019 01:08:24.151 GMT+0100,2644.63,2643.87,0.001,0.0029
30.01.2019 01:08:24.201 GMT+0100,2644.53,2643.87,0.001,0.0029
30.01.2019 01:08:24.336 GMT+0100,2644.53,2643.7690000000002,0.001,0.0029
30.01.2019 01:08:24.409 GMT+0100,2644.43,2643.7690000000002,0.0003,0.0029
30.01.2019 01:08:24.918 GMT+0100,2644.43,2643.9700000000003,0.0003,0.0022
30.01.2019 01:08:24.969 GMT+0100,2644.63,2643.9700000000003,0.001,0.0029
30.01.2019 01:08:35.570 GMT+0100,2644.63,2643.7690000000002,0.001,0.0029
30.01.2019 01:08:35.620 GMT+0100,2644.431,2643.7690000000002,0.001,0.0029
30.01.2019 01:08:42.654 GMT+0100,2644.431,2643.9700000000003,0.0003,0.0022
30.01.2019 01:08:42.704 GMT+0100,2644.63,2643.9700000000003,0.001,0.0029
30.01.2019 01:08:43.251 GMT+0100,2644.63,2643.77,0.001,0.0029
30.01.2019 01:08:43.301 GMT+0100,2644.43,2643.77,0.001,0.0029
30.01.2019 01:08:45.396 GMT+0100,2644.43,2643.869,0.0003,0.0022
30.01.2019 01:08:45.447 GMT+0100,2644.531,2643.869,0.001,0.0029
30.01.2019 01:08:48.264 GMT+0100,2644.531,2643.9690000000005,0.0003,0.0022
30.01.2019 01:08:48.314 GMT+0100,2644.63,2643.9690000000005,0.0003,0.0029
30.01.2019 01:08:51.744 GMT+0100,2644.63,2643.7690000000002,0.001,0.0029
30.01.2019 01:08:51.794 GMT+0100,2644.431,2643.7690000000002,0.001,0.0029
30.01.2019 01:08:55.373 GMT+0100,2644.431,2643.9690000000005,0.0003,0.0022
30.01.2019 01:08:55.424 GMT+0100,2644.631,2643.9690000000005,0.001,0.0029
30.01.2019 01:09:04.608 GMT+0100,2644.631,2643.7690000000002,0.001,0.0029
30.01.2019 01:09:04.659 GMT+0100,2644.43,2643.7690000000002,0.0003,0.0029
30.01.2019 01:09:19.478 GMT+0100,2644.631,2643.9700000000003,0.001,0.0022
30.01.2019 01:09:57.741 GMT+0100,2644.631,2644.2690000000002,0.0003,0.0022
30.01.2019 01:09:57.792 GMT+0100,2644.93,2644.2690000000002,0.0003,0.0029
30.01.2019 01:10:15.913 GMT+0100,2644.93,2643.9690000000005,0.001,0.0029
30.01.2019 01:10:15.964 GMT+0100,2644.63,2643.9690000000005,0.0003,0.0029
30.01.2019 01:10:20.903 GMT+0100,2644.93,2644.2690000000002,0.0003,0.0029
30.01.2019 01:10:22.997 GMT+0100,2644.631,2644.2690000000002,0.0003,0.0022
30.01.2019 01:10:23.047 GMT+0100,2644.631,2643.9700000000003,0.001,0.0022
30.01.2019 01:10:39.484 GMT+0100,2644.631,2644.2690000000002,0.0003,0.0022
30.01.2019 01:10:39.534 GMT+0100,2644.931,2644.2690000000002,0.001,0.0029
30.01.2019 01:10:40.960 GMT+0100,2644.931,2644.0690000000004,0.001,0.0029
30.01.2019 01:10:41.011 GMT+0100,2644.7309999999998,2644.0690000000004,0.001,0.0029
30.01.2019 01:10:41.252 GMT+0100,2644.7309999999998,2644.2690000000002,0.0003,0.0022
30.01.2019 01:10:41.302 GMT+0100,2644.93,2644.2690000000002,0.0003,0.0029
30.01.2019 01:11:04.447 GMT+0100,2645.13,2644.4700000000003,0.001,0.0029
30.01.2019 01:11:09.700 GMT+0100,2645.13,2644.77,0.0003,0.0022
30.01.2019 01:11:09.750 GMT+0100,2645.43,2644.77,0.001,0.0029
30.01.2019 01:11:11.367 GMT+0100,2645.43,2644.9700000000003,0.0003,0.0022
30.01.2019 01:11:11.417 GMT+0100,2645.631,2644.9700000000003,0.001,0.0022
30.01.2019 01:11:11.532 GMT+0100,2645.631,2644.7690000000002,0.001,0.0029
30.01.2019 01:11:11.582 GMT+0100,2645.431,2644.7690000000002,0.001,0.0029
30.01.2019 01:11:11.689 GMT+0100,2645.431,2644.87,0.0003,0.0022
30.01.2019 01:11:11.739 GMT+0100,2645.531,2644.87,0.001,0.0022
30.01.2019 01:11:11.850 GMT+0100,2645.631,2644.87,0.001,0.0029
30.01.2019 01:11:11.901 GMT+0100,2645.631,2644.9690000000005,0.001,0.0029
30.01.2019 01:11:12.436 GMT+0100,2645.631,2644.77,0.001,0.0029
30.01.2019 01:11:12.486 GMT+0100,2645.43,2644.77,0.001,0.0029
30.01.2019 01:11:12.596 GMT+0100,2645.43,2644.9690000000005,0.0003,0.0022
30.01.2019 01:11:12.647 GMT+0100,2645.631,2644.9690000000005,0.001,0.0029
30.01.2019 01:11:14.402 GMT+0100,2645.431,2644.7690000000002,0.001,0.0029
30.01.2019 01:11:14.894 GMT+0100,2645.431,2644.9690000000005,0.0003,0.0022
30.01.2019 01:11:14.945 GMT+0100,2645.631,2644.9690000000005,0.001,0.0029
30.01.2019 01:11:15.471 GMT+0100,2645.631,2644.7690000000002,0.001,0.0029
30.01.2019 01:11:15.522 GMT+0100,2645.43,2644.7690000000002,0.0003,0.0029
30.01.2019 01:11:16.810 GMT+0100,2645.43,2644.87,0.0003,0.0022
30.01.2019 01:11:16.861 GMT+0100,2645.531,2644.87,0.001,0.0022
30.01.2019 01:11:17.273 GMT+0100,2645.531,2644.9690000000005,0.0003,0.0022
30.01.2019 01:11:17.323 GMT+0100,2645.631,2644.9690000000005,0.001,0.0029
30.01.2019 01:11:17.429 GMT+0100,2645.631,2644.87,0.001,0.0029
30.01.2019 01:11:17.480 GMT+0100,2645.53,2644.87,0.001,0.0029
30.01.2019 01:11:17.590 GMT+0100,2645.53,2644.9690000000005,0.0003,0.0022
30.01.2019 01:11:17.641 GMT+0100,2645.63,2644.9690000000005,0.0003,0.0029
30.01.2019 01:11:20.135 GMT+0100,2645.63,2645.2690000000002,0.0003,0.0022
30.01.2019 01:11:20.199 GMT+0100,2645.931,2645.2690000000002,0.001,0.0029
30.01.2019 01:11:20.294 GMT+0100,2645.931,2644.9690000000005,0.001,0.0029
30.01.2019 01:11:20.345 GMT+0100,2645.63,2644.9690000000005,0.0003,0.0029
30.01.2019 01:11:20.458 GMT+0100,2645.93,2644.9690000000005,0.001,0.0029
30.01.2019 01:11:20.509 GMT+0100,2645.93,2645.27,0.001,0.0029
30.01.2019 01:11:28.168 GMT+0100,2645.93,2645.07,0.001,0.0029
30.01.2019 01:11:28.218 GMT+0100,2645.73,2645.07,0.001,0.0029
30.01.2019 01:11:28.518 GMT+0100,2645.73,2645.27,0.0003,0.0022
30.01.2019 01:11:28.569 GMT+0100,2645.93,2645.27,0.001,0.0029
30.01.2019 01:11:29.770 GMT+0100,2645.73,2645.27,0.0003,0.0022
30.01.2019 01:11:29.821 GMT+0100,2645.73,2645.0690000000004,0.0003,0.0029
30.01.2019 01:11:29.925 GMT+0100,2645.73,2644.9700000000003,0.001,0.0029
30.01.2019 01:11:29.975 GMT+0100,2645.631,2644.9700000000003,0.001,0.0022
30.01.2019 01:11:34.765 GMT+0100,2645.631,2644.77,0.001,0.0029
30.01.2019 01:11:34.815 GMT+0100,2645.431,2644.77,0.001,0.0022
30.01.2019 01:11:39.193 GMT+0100,2645.431,2644.4690000000005,0.001,0.0029
30.01.2019 01:11:39.243 GMT+0100,2645.13,2644.4690000000005,0.0003,0.0029
30.01.2019 01:11:39.604 GMT+0100,2645.431,2644.77,0.001,0.0022
30.01.2019 01:11:39.934 GMT+0100,2645.13,2644.4700000000003,0.001,0.0029
30.01.2019 01:12:02.759 GMT+0100,2644.931,2644.2690000000002,0.001,0.0029
30.01.2019 01:12:09.056 GMT+0100,2644.631,2643.9700000000003,0.001,0.0022
30.01.2019 01:12:14.647 GMT+0100,2644.431,2643.7690000000002,0.001,0.0029
30.01.2019 01:12:36.389 GMT+0100,2644.431,2643.27,0.001,0.0029
30.01.2019 01:12:36.439 GMT+0100,2643.931,2643.27,0.001,0.0022
30.01.2019 01:12:55.146 GMT+0100,2643.931,2643.4690000000005,0.0003,0.0022
30.01.2019 01:12:55.196 GMT+0100,2644.13,2643.4690000000005,0.0003,0.0029
30.01.2019 01:12:59.189 GMT+0100,2644.13,2643.77,0.0003,0.0022
30.01.2019 01:12:59.240 GMT+0100,2644.43,2643.77,0.001,0.0029
30.01.2019 01:13:04.465 GMT+0100,2644.631,2643.9700000000003,0.001,0.0022
30.01.2019 01:13:24.188 GMT+0100,2644.631,2643.77,0.001,0.0029
30.01.2019 01:13:24.238 GMT+0100,2644.431,2643.77,0.001,0.0022
30.01.2019 01:13:36.251 GMT+0100,2644.431,2643.9700000000003,0.0003,0.0022
30.01.2019 01:13:36.301 GMT+0100,2644.63,2643.9700000000003,0.001,0.0029
30.01.2019 01:13:38.888 GMT+0100,2644.63,2643.77,0.001,0.0029
30.01.2019 01:13:38.939 GMT+0100,2644.431,2643.77,0.001,0.0022
30.01.2019 01:14:00.064 GMT+0100,2644.131,2643.77,0.0003,0.0022
30.01.2019 01:14:00.115 GMT+0100,2644.131,2643.4700000000003,0.001,0.0022
30.01.2019 01:14:07.131 GMT+0100,2644.131,2643.5690000000004,0.0003,0.0022
30.01.2019 01:14:07.181 GMT+0100,2644.2309999999998,2643.5690000000004,0.001,0.0029
30.01.2019 01:14:07.278 GMT+0100,2644.2309999999998,2642.9690000000005,0.001,0.0029
30.01.2019 01:14:07.328 GMT+0100,2643.631,2642.9690000000005,0.001,0.0029
30.01.2019 01:14:07.443 GMT+0100,2643.93,2643.27,0.001,0.0029
30.01.2019 01:14:13.646 GMT+0100,2643.93,2642.9700000000003,0.001,0.0029
30.01.2019 01:14:13.696 GMT+0100,2643.631,2642.9700000000003,0.001,0.0022
30.01.2019 01:14:25.126 GMT+0100,2643.631,2643.27,0.0003,0.0022
30.01.2019 01:14:25.177 GMT+0100,2643.93,2643.27,0.001,0.0029
30.01.2019 01:14:25.338 GMT+0100,2643.63,2642.9690000000005,0.0003,0.0029
30.01.2019 01:14:25.770 GMT+0100,2643.63,2643.2690000000002,0.0003,0.0022
30.01.2019 01:14:25.820 GMT+0100,2643.931,2643.2690000000002,0.001,0.0029
30.01.2019 01:14:29.773 GMT+0100,2643.63,2643.2690000000002,0.0003,0.0022
30.01.2019 01:14:29.823 GMT+0100,2643.63,2642.9700000000003,0.001,0.0029
30.01.2019 01:14:35.744 GMT+0100,2643.63,2643.27,0.0003,0.0022
30.01.2019 01:14:35.794 GMT+0100,2643.931,2643.27,0.001,0.0022
30.01.2019 01:14:56.381 GMT+0100,2643.931,2642.9700000000003,0.001,0.0029
30.01.2019 01:14:56.431 GMT+0100,2643.631,2642.9700000000003,0.001,0.0022
30.01.2019 01:14:58.038 GMT+0100,2643.631,2643.4700000000003,0.0003,0.0022
30.01.2019 01:14:58.089 GMT+0100,2644.131,2643.4700000000003,0.001,0.0022
30.01.2019 01:14:58.234 GMT+0100,2643.931,2643.2690000000002,0.001,0.0029
30.01.2019 01:15:04.264 GMT+0100,2643.931,2643.4690000000005,0.0003,0.0022
30.01.2019 01:15:04.314 GMT+0100,2644.13,2643.4690000000005,0.0003,0.0029
30.01.2019 01:15:05.303 GMT+0100,2644.13,2643.2690000000002,0.001,0.0029
30.01.2019 01:15:05.353 GMT+0100,2643.93,2643.2690000000002,0.0003,0.0029
30.01.2019 01:15:06.688 GMT+0100,2643.93,2643.4690000000005,0.0003,0.0022
30.01.2019 01:15:06.738 GMT+0100,2644.13,2643.4690000000005,0.0003,0.0029
30.01.2019 01:15:08.654 GMT+0100,2644.13,2643.27,0.001,0.0029
30.01.2019 01:15:08.704 GMT+0100,2643.93,2643.27,0.001,0.0029
30.01.2019 01:15:16.047 GMT+0100,2643.93,2643.369,0.0003,0.0022
30.01.2019 01:15:16.097 GMT+0100,2644.03,2643.369,0.0003,0.0029
30.01.2019 01:15:16.981 GMT+0100,2644.03,2643.27,0.001,0.0029
30.01.2019 01:15:17.032 GMT+0100,2643.93,2643.27,0.001,0.0029
30.01.2019 01:15:17.141 GMT+0100,2643.93,2643.4690000000005,0.0003,0.0022
30.01.2019 01:15:17.192 GMT+0100,2644.131,2643.4690000000005,0.001,0.0029
30.01.2019 01:15:18.819 GMT+0100,2644.131,2643.27,0.001,0.0029
30.01.2019 01:15:18.870 GMT+0100,2643.931,2643.27,0.001,0.0022
30.01.2019 01:15:22.641 GMT+0100,2643.931,2642.9700000000003,0.001,0.0029
30.01.2019 01:15:22.691 GMT+0100,2643.63,2642.9700000000003,0.001,0.0029
30.01.2019 01:15:27.267 GMT+0100,2643.63,2642.7690000000002,0.001,0.0029
30.01.2019 01:15:27.317 GMT+0100,2643.431,2642.7690000000002,0.001,0.0029
30.01.2019 01:15:33.860 GMT+0100,2643.431,2642.9690000000005,0.0003,0.0022
30.01.2019 01:15:33.910 GMT+0100,2643.63,2642.9690000000005,0.0003,0.0029
30.01.2019 01:15:36.770 GMT+0100,2643.63,2642.77,0.001,0.0029
30.01.2019 01:15:36.821 GMT+0100,2643.43,2642.77,0.001,0.0029
30.01.2019 01:16:23.232 GMT+0100,2643.43,2642.9690000000005,0.0003,0.0022
30.01.2019 01:16:23.282 GMT+0100,2643.631,2642.9690000000005,0.001,0.0029
30.01.2019 01:16:53.681 GMT+0100,2643.631,2642.7690000000002,0.001,0.0029
30.01.2019 01:16:53.731 GMT+0100,2643.43,2642.7690000000002,0.0003,0.0029
30.01.2019 01:16:58.183 GMT+0100,2643.43,2642.9690000000005,0.0003,0.0022
30.01.2019 01:16:58.234 GMT+0100,2643.631,2642.9690000000005,0.001,0.0029
30.01.2019 01:17:05.677 GMT+0100,2643.631,2643.27,0.0003,0.0022
30.01.2019 01:17:05.727 GMT+0100,2643.931,2643.27,0.001,0.0022
30.01.2019 01:17:06.221 GMT+0100,2643.63,2642.9690000000005,0.0003,0.0029
30.01.2019 01:17:09.382 GMT+0100,2643.63,2643.27,0.0003,0.0022
30.01.2019 01:17:09.432 GMT+0100,2643.931,2643.27,0.001,0.0022
30.01.2019 01:17:13.407 GMT+0100,2643.931,2643.0690000000004,0.001,0.0029
30.01.2019 01:17:13.457 GMT+0100,2643.7309999999998,2643.0690000000004,0.001,0.0029
30.01.2019 01:17:13.567 GMT+0100,2643.7309999999998,2643.2690000000002,0.0003,0.0022
30.01.2019 01:17:13.618 GMT+0100,2643.931,2643.2690000000002,0.001,0.0029
30.01.2019 01:17:14.085 GMT+0100,2643.631,2642.9700000000003,0.001,0.0022
30.01.2019 01:17:25.761 GMT+0100,2643.73,2643.07,0.001,0.0029
30.01.2019 01:17:26.454 GMT+0100,2643.93,2643.07,0.001,0.0029
30.01.2019 01:17:26.504 GMT+0100,2643.93,2643.2690000000002,0.0003,0.0029
30.01.2019 01:17:27.833 GMT+0100,2643.93,2642.9690000000005,0.001,0.0029
30.01.2019 01:17:27.884 GMT+0100,2643.631,2642.9690000000005,0.001,0.0029
30.01.2019 01:17:41.045 GMT+0100,2643.631,2643.0690000000004,0.0003,0.0022
30.01.2019 01:17:41.096 GMT+0100,2643.73,2643.0690000000004,0.0003,0.0029
30.01.2019 01:17:42.295 GMT+0100,2643.631,2643.0690000000004,0.0003,0.0022
30.01.2019 01:17:42.346 GMT+0100,2643.631,2642.9690000000005,0.001,0.0029
30.01.2019 01:17:43.208 GMT+0100,2643.631,2643.27,0.0003,0.0022
30.01.2019 01:17:43.259 GMT+0100,2643.931,2643.27,0.001,0.0022
30.01.2019 01:18:12.986 GMT+0100,2643.931,2642.9700000000003,0.001,0.0029
30.01.2019 01:18:13.037 GMT+0100,2643.631,2642.9700000000003,0.001,0.0022
30.01.2019 01:18:40.760 GMT+0100,2643.631,2642.7690000000002,0.001,0.0029
30.01.2019 01:18:40.811 GMT+0100,2643.43,2642.7690000000002,0.0003,0.0029
30.01.2019 01:18:42.171 GMT+0100,2643.631,2642.9690000000005,0.001,0.0029
30.01.2019 01:18:42.713 GMT+0100,2643.631,2642.77,0.001,0.0029
30.01.2019 01:18:42.764 GMT+0100,2643.431,2642.77,0.001,0.0022
30.01.2019 01:18:54.972 GMT+0100,2643.431,2642.4700000000003,0.001,0.0029
30.01.2019 01:18:55.022 GMT+0100,2643.13,2642.4700000000003,0.001,0.0029
30.01.2019 01:19:21.091 GMT+0100,2643.13,2642.77,0.0003,0.0022
30.01.2019 01:19:21.141 GMT+0100,2643.43,2642.77,0.001,0.0029
30.01.2019 01:19:21.290 GMT+0100,2643.131,2642.77,0.0003,0.0022
30.01.2019 01:19:21.341 GMT+0100,2643.131,2642.4690000000005,0.001,0.0029
30.01.2019 01:19:24.288 GMT+0100,2643.131,2642.2690000000002,0.001,0.0029
30.01.2019 01:19:24.338 GMT+0100,2642.931,2642.2690000000002,0.001,0.0029
30.01.2019 01:19:25.740 GMT+0100,2642.931,2642.4700000000003,0.0003,0.0022
30.01.2019 01:19:25.790 GMT+0100,2643.131,2642.4700000000003,0.001,0.0022
30.01.2019 01:19:36.442 GMT+0100,2642.93,2642.4700000000003,0.0003,0.0022
30.01.2019 01:19:36.492 GMT+0100,2642.93,2642.2690000000002,0.0003,0.0029
30.01.2019 01:19:41.219 GMT+0100,2642.93,2642.4700000000003,0.0003,0.0022
30.01.2019 01:19:41.270 GMT+0100,2643.13,2642.4700000000003,0.001,0.0029
30.01.2019 01:19:46.093 GMT+0100,2642.931,2642.4700000000003,0.0003,0.0022
30.01.2019 01:19:46.143 GMT+0100,2642.931,2642.2690000000002,0.001,0.0029
30.01.2019 01:20:24.086 GMT+0100,2642.931,2642.4700000000003,0.0003,0.0022
30.01.2019 01:20:24.136 GMT+0100,2643.131,2642.4700000000003,0.001,0.0022
30.01.2019 01:20:27.708 GMT+0100,2643.431,2642.4700000000003,0.001,0.0029
30.01.2019 01:20:27.758 GMT+0100,2643.431,2642.77,0.001,0.0022
30.01.2019 01:20:30.273 GMT+0100,2643.431,2642.9690000000005,0.0003,0.0022
30.01.2019 01:20:30.324 GMT+0100,2643.63,2642.9690000000005,0.0003,0.0029
30.01.2019 01:21:08.983 GMT+0100,2643.63,2642.77,0.001,0.0029
30.01.2019 01:21:09.033 GMT+0100,2643.431,2642.77,0.001,0.0022
30.01.2019 01:21:20.137 GMT+0100,2643.431,2642.9690000000005,0.0003,0.0022
30.01.2019 01:21:20.246 GMT+0100,2643.63,2642.9690000000005,0.0003,0.0029
30.01.2019 01:21:24.381 GMT+0100,2643.63,2643.2690000000002,0.0003,0.0022
30.01.2019 01:21:24.431 GMT+0100,2643.93,2643.2690000000002,0.0003,0.0029
30.01.2019 01:22:03.478 GMT+0100,2643.93,2643.4690000000005,0.0003,0.0022
30.01.2019 01:22:03.528 GMT+0100,2644.13,2643.4690000000005,0.0003,0.0029
30.01.2019 01:22:05.383 GMT+0100,2644.13,2643.369,0.001,0.0029
30.01.2019 01:22:05.433 GMT+0100,2644.03,2643.369,0.0003,0.0029
30.01.2019 01:22:05.708 GMT+0100,2644.03,2643.4700000000003,0.0003,0.0022
30.01.2019 01:22:05.785 GMT+0100,2644.13,2643.4700000000003,0.001,0.0029
30.01.2019 01:22:15.252 GMT+0100,2644.13,2643.2690000000002,0.001,0.0029
30.01.2019 01:22:15.302 GMT+0100,2643.93,2643.2690000000002,0.0003,0.0029
30.01.2019 01:22:47.506 GMT+0100,2643.93,2642.9700000000003,0.001,0.0029
30.01.2019 01:22:47.556 GMT+0100,2643.631,2642.9700000000003,0.001,0.0022
30.01.2019 01:23:25.516 GMT+0100,2643.631,2643.27,0.0003,0.0022
30.01.2019 01:23:25.566 GMT+0100,2643.93,2643.27,0.001,0.0029
30.01.2019 01:23:26.719 GMT+0100,2643.93,2642.9700000000003,0.001,0.0029
30.01.2019 01:23:26.769 GMT+0100,2643.631,2642.9700000000003,0.001,0.0022
30.01.2019 01:23:29.747 GMT+0100,2643.93,2643.27,0.001,0.0029
30.01.2019 01:23:49.727 GMT+0100,2643.93,2642.9690000000005,0.001,0.0029
30.01.2019 01:23:49.836 GMT+0100,2643.63,2642.9690000000005,0.0003,0.0029
30.01.2019 01:23:57.944 GMT+0100,2643.63,2642.7690000000002,0.001,0.0029
30.01.2019 01:23:57.994 GMT+0100,2643.43,2642.7690000000002,0.0003,0.0029
30.01.2019 01:23:58.585 GMT+0100,2643.53,2642.87,0.001,0.0029
30.01.2019 01:23:59.289 GMT+0100,2643.43,2642.7690000000002,0.0003,0.0029
30.01.2019 01:24:00.838 GMT+0100,2643.43,2642.9700000000003,0.0003,0.0022
30.01.2019 01:24:00.888 GMT+0100,2643.63,2642.9700000000003,0.001,0.0029
30.01.2019 01:24:03.831 GMT+0100,2643.63,2642.7690000000002,0.001,0.0029
30.01.2019 01:24:03.881 GMT+0100,2643.43,2642.7690000000002,0.0003,0.0029
30.01.2019 01:24:10.273 GMT+0100,2643.43,2642.9700000000003,0.0003,0.0022
30.01.2019 01:24:10.323 GMT+0100,2643.631,2642.9700000000003,0.001,0.0022
30.01.2019 01:24:25.538 GMT+0100,2643.93,2643.27,0.001,0.0029
30.01.2019 01:24:49.779 GMT+0100,2643.631,2642.9690000000005,0.001,0.0029
30.01.2019 01:25:10.475 GMT+0100,2643.631,2642.7690000000002,0.001,0.0029
30.01.2019 01:25:10.526 GMT+0100,2643.431,2642.7690000000002,0.001,0.0029
30.01.2019 01:25:53.555 GMT+0100,2643.631,2642.9700000000003,0.001,0.0022
30.01.2019 01:25:53.697 GMT+0100,2643.631,2642.7690000000002,0.001,0.0029
30.01.2019 01:25:53.747 GMT+0100,2643.43,2642.7690000000002,0.0003,0.0029
30.01.2019 01:25:56.958 GMT+0100,2643.43,2642.9700000000003,0.0003,0.0022
30.01.2019 01:25:57.008 GMT+0100,2643.63,2642.9700000000003,0.001,0.0029
30.01.2019 01:26:08.957 GMT+0100,2643.63,2642.77,0.001,0.0029
30.01.2019 01:26:09.007 GMT+0100,2643.43,2642.77,0.001,0.0029
30.01.2019 01:26:12.458 GMT+0100,2643.631,2642.9700000000003,0.001,0.0022
30.01.2019 01:26:39.417 GMT+0100,2643.631,2642.7690000000002,0.001,0.0029
30.01.2019 01:26:39.467 GMT+0100,2643.431,2642.7690000000002,0.001,0.0029
30.01.2019 01:26:42.751 GMT+0100,2643.431,2642.9690000000005,0.0003,0.0022
30.01.2019 01:26:42.802 GMT+0100,2643.631,2642.9690000000005,0.001,0.0029
30.01.2019 01:26:44.039 GMT+0100,2643.631,2642.7690000000002,0.001,0.0029
30.01.2019 01:26:44.089 GMT+0100,2643.43,2642.7690000000002,0.0003,0.0029
30.01.2019 01:27:02.987 GMT+0100,2643.43,2642.9690000000005,0.0003,0.0022
30.01.2019 01:27:03.037 GMT+0100,2643.631,2642.9690000000005,0.001,0.0029
30.01.2019 01:27:05.147 GMT+0100,2643.431,2642.9690000000005,0.0003,0.0022
30.01.2019 01:27:05.197 GMT+0100,2643.431,2642.77,0.001,0.0022
30.01.2019 01:27:31.517 GMT+0100,2643.431,2642.4700000000003,0.001,0.0029
30.01.2019 01:27:31.567 GMT+0100,2643.131,2642.4700000000003,0.001,0.0022
30.01.2019 01:28:06.166 GMT+0100,2643.131,2642.7690000000002,0.0003,0.0022
30.01.2019 01:28:06.217 GMT+0100,2643.43,2642.7690000000002,0.0003,0.0029
30.01.2019 01:28:06.971 GMT+0100,2643.43,2642.4700000000003,0.001,0.0029
30.01.2019 01:28:07.021 GMT+0100,2643.13,2642.4700000000003,0.001,0.0029
30.01.2019 01:28:14.018 GMT+0100,2643.13,2642.7690000000002,0.0003,0.0022
30.01.2019 01:28:14.068 GMT+0100,2643.43,2642.7690000000002,0.0003,0.0029
30.01.2019 01:29:02.595 GMT+0100,2643.631,2642.7690000000002,0.001,0.0029
30.01.2019 01:29:02.646 GMT+0100,2643.631,2642.9690000000005,0.001,0.0029
30.01.2019 01:29:19.715 GMT+0100,2643.631,2642.77,0.001,0.0029
30.01.2019 01:29:19.765 GMT+0100,2643.43,2642.77,0.001,0.0029
30.01.2019 01:29:57.413 GMT+0100,2643.43,2642.9690000000005,0.0003,0.0022
30.01.2019 01:29:57.464 GMT+0100,2643.63,2642.9690000000005,0.0003,0.0029
30.01.2019 01:30:00.304 GMT+0100,2643.931,2642.9690000000005,0.001,0.0029
30.01.2019 01:30:00.354 GMT+0100,2643.931,2643.27,0.001,0.0022
30.01.2019 01:30:03.445 GMT+0100,2643.931,2643.4690000000005,0.0003,0.0022
30.01.2019 01:30:03.496 GMT+0100,2644.13,2643.4690000000005,0.0003,0.0029
30.01.2019 01:30:07.732 GMT+0100,2644.13,2643.77,0.0003,0.0022
30.01.2019 01:30:07.782 GMT+0100,2644.431,2643.77,0.001,0.0022
30.01.2019 01:30:09.410 GMT+0100,2644.431,2643.9700000000003,0.0003,0.0022
30.01.2019 01:30:09.461 GMT+0100,2644.631,2643.9700000000003,0.001,0.0022
30.01.2019 01:30:10.058 GMT+0100,2644.631,2643.77,0.001,0.0029
30.01.2019 01:30:10.108 GMT+0100,2644.43,2643.77,0.001,0.0029
30.01.2019 01:30:10.409 GMT+0100,2644.43,2643.9690000000005,0.0003,0.0022
30.01.2019 01:30:10.459 GMT+0100,2644.631,2643.9690000000005,0.001,0.0029
30.01.2019 01:30:10.560 GMT+0100,2644.431,2643.7690000000002,0.001,0.0029
30.01.2019 01:30:17.836 GMT+0100,2644.431,2643.9700000000003,0.0003,0.0022
30.01.2019 01:30:17.886 GMT+0100,2644.63,2643.9700000000003,0.001,0.0029
30.01.2019 01:30:18.516 GMT+0100,2644.63,2643.7690000000002,0.001,0.0029
30.01.2019 01:30:18.567 GMT+0100,2644.43,2643.7690000000002,0.0003,0.0029
30.01.2019 01:30:23.337 GMT+0100,2644.43,2643.4700000000003,0.001,0.0029
30.01.2019 01:30:23.388 GMT+0100,2644.131,2643.4700000000003,0.001,0.0022
30.01.2019 01:30:28.819 GMT+0100,2644.131,2643.27,0.001,0.0029
30.01.2019 01:30:28.870 GMT+0100,2643.93,2643.27,0.001,0.0029
30.01.2019 01:30:38.723 GMT+0100,2644.13,2643.4700000000003,0.001,0.0029
30.01.2019 01:30:38.840 GMT+0100,2643.931,2643.27,0.001,0.0022
30.01.2019 01:30:39.466 GMT+0100,2643.931,2643.4690000000005,0.0003,0.0022
30.01.2019 01:30:39.517 GMT+0100,2644.13,2643.4690000000005,0.0003,0.0029
30.01.2019 01:30:58.664 GMT+0100,2643.931,2643.4690000000005,0.0003,0.0022
30.01.2019 01:30:58.715 GMT+0100,2643.931,2643.27,0.001,0.0022
30.01.2019 01:31:04.946 GMT+0100,2644.13,2643.4700000000003,0.001,0.0029
30.01.2019 01:31:07.410 GMT+0100,2644.13,2643.77,0.0003,0.0022
30.01.2019 01:31:07.461 GMT+0100,2644.43,2643.77,0.001,0.0029
30.01.2019 01:31:08.331 GMT+0100,2644.43,2643.57,0.001,0.0029
30.01.2019 01:31:08.381 GMT+0100,2644.2309999999998,2643.57,0.001,0.0022
30.01.2019 01:31:09.014 GMT+0100,2644.2309999999998,2643.77,0.0003,0.0022
30.01.2019 01:31:09.064 GMT+0100,2644.43,2643.77,0.001,0.0029
30.01.2019 01:31:21.665 GMT+0100,2644.43,2643.87,0.0003,0.0022
30.01.2019 01:31:21.716 GMT+0100,2644.531,2643.87,0.001,0.0022
30.01.2019 01:31:21.827 GMT+0100,2644.531,2643.7690000000002,0.001,0.0029
30.01.2019 01:31:21.877 GMT+0100,2644.43,2643.7690000000002,0.0003,0.0029
30.01.2019 01:31:23.178 GMT+0100,2644.43,2643.9700000000003,0.0003,0.0022
30.01.2019 01:31:23.228 GMT+0100,2644.631,2643.9700000000003,0.001,0.0022
30.01.2019 01:31:33.154 GMT+0100,2644.631,2644.2690000000002,0.0003,0.0022
30.01.2019 01:31:33.204 GMT+0100,2644.93,2644.2690000000002,0.0003,0.0029
30.01.2019 01:31:35.918 GMT+0100,2644.93,2643.9690000000005,0.001,0.0029
30.01.2019 01:31:35.969 GMT+0100,2644.631,2643.9690000000005,0.001,0.0029
30.01.2019 01:31:37.607 GMT+0100,2644.631,2644.2690000000002,0.0003,0.0022
30.01.2019 01:31:37.658 GMT+0100,2644.93,2644.2690000000002,0.0003,0.0029
30.01.2019 01:31:38.013 GMT+0100,2644.93,2643.9700000000003,0.001,0.0029
30.01.2019 01:31:38.064 GMT+0100,2644.63,2643.9700000000003,0.001,0.0029
30.01.2019 01:31:44.065 GMT+0100,2644.63,2643.7690000000002,0.001,0.0029
30.01.2019 01:31:44.115 GMT+0100,2644.431,2643.7690000000002,0.001,0.0029
30.01.2019 01:32:08.662 GMT+0100,2644.431,2643.9690000000005,0.0003,0.0022
30.01.2019 01:32:08.713 GMT+0100,2644.631,2643.9690000000005,0.001,0.0029
30.01.2019 01:32:10.734 GMT+0100,2644.631,2643.77,0.001,0.0029
30.01.2019 01:32:10.784 GMT+0100,2644.43,2643.77,0.001,0.0029
30.01.2019 01:32:11.154 GMT+0100,2644.631,2643.9690000000005,0.001,0.0029
30.01.2019 01:32:11.303 GMT+0100,2644.631,2643.7690000000002,0.001,0.0029
30.01.2019 01:32:11.353 GMT+0100,2644.43,2643.7690000000002,0.0003,0.0029
30.01.2019 01:32:22.943 GMT+0100,2644.43,2643.9690000000005,0.0003,0.0022
30.01.2019 01:32:22.994 GMT+0100,2644.63,2643.9690000000005,0.0003,0.0029
30.01.2019 01:32:27.407 GMT+0100,2644.431,2643.7690000000002,0.001,0.0029
30.01.2019 01:32:28.235 GMT+0100,2644.431,2643.9690000000005,0.0003,0.0022
30.01.2019 01:32:28.285 GMT+0100,2644.631,2643.9690000000005,0.001,0.0029
30.01.2019 01:32:28.910 GMT+0100,2644.631,2643.77,0.001,0.0029
30.01.2019 01:32:28.961 GMT+0100,2644.431,2643.77,0.001,0.0022
30.01.2019 01:32:30.118 GMT+0100,2644.63,2643.9700000000003,0.001,0.0029
30.01.2019 01:32:56.521 GMT+0100,2644.431,2643.9700000000003,0.0003,0.0022
30.01.2019 01:32:56.572 GMT+0100,2644.431,2643.77,0.001,0.0022
30.01.2019 01:32:58.205 GMT+0100,2644.431,2643.9700000000003,0.0003,0.0022
30.01.2019 01:32:58.256 GMT+0100,2644.63,2643.9700000000003,0.001,0.0029
30.01.2019 01:33:00.205 GMT+0100,2644.63,2643.77,0.001,0.0029
30.01.2019 01:33:00.255 GMT+0100,2644.43,2643.77,0.001,0.0029
30.01.2019 01:33:01.723 GMT+0100,2644.43,2643.9700000000003,0.0003,0.0022
30.01.2019 01:33:01.774 GMT+0100,2644.631,2643.9700000000003,0.001,0.0022
30.01.2019 01:33:08.784 GMT+0100,2644.631,2643.7690000000002,0.001,0.0029
30.01.2019 01:33:08.835 GMT+0100,2644.431,2643.7690000000002,0.001,0.0029
30.01.2019 01:33:09.692 GMT+0100,2644.431,2643.9690000000005,0.0003,0.0022
30.01.2019 01:33:09.742 GMT+0100,2644.63,2643.9690000000005,0.0003,0.0029
30.01.2019 01:33:12.187 GMT+0100,2644.63,2644.27,0.0003,0.0022
30.01.2019 01:33:12.238 GMT+0100,2644.931,2644.27,0.001,0.0022
30.01.2019 01:33:25.702 GMT+0100,2644.931,2644.4700000000003,0.0003,0.0022
30.01.2019 01:33:25.752 GMT+0100,2645.13,2644.4700000000003,0.001,0.0029
30.01.2019 01:33:25.865 GMT+0100,2645.13,2644.27,0.001,0.0029
30.01.2019 01:33:25.915 GMT+0100,2644.93,2644.27,0.001,0.0029
30.01.2019 01:33:27.460 GMT+0100,2644.631,2643.9700000000003,0.001,0.0022
30.01.2019 01:33:29.840 GMT+0100,2644.631,2643.77,0.001,0.0029
30.01.2019 01:33:29.890 GMT+0100,2644.43,2643.77,0.001,0.0029
30.01.2019 01:33:29.999 GMT+0100,2644.43,2643.9690000000005,0.0003,0.0022
30.01.2019 01:33:30.049 GMT+0100,2644.631,2643.9690000000005,0.001,0.0029
30.01.2019 01:33:31.090 GMT+0100,2644.43,2643.7690000000002,0.0003,0.0029
30.01.2019 01:33:33.977 GMT+0100,2644.43,2643.87,0.0003,0.0022
30.01.2019 01:33:34.028 GMT+0100,2644.531,2643.87,0.001,0.0022
30.01.2019 01:33:35.505 GMT+0100,2644.63,2643.87,0.001,0.0029
30.01.2019 01:33:35.556 GMT+0100,2644.63,2643.9690000000005,0.0003,0.0029
30.01.2019 01:33:40.781 GMT+0100,2644.63,2644.2690000000002,0.0003,0.0022
30.01.2019 01:33:40.832 GMT+0100,2644.931,2644.2690000000002,0.001,0.0029
30.01.2019 01:33:41.632 GMT+0100,2644.63,2644.2690000000002,0.0003,0.0022
30.01.2019 01:33:41.683 GMT+0100,2644.63,2643.9700000000003,0.001,0.0029
30.01.2019 01:33:45.290 GMT+0100,2644.63,2644.2690000000002,0.0003,0.0022
30.01.2019 01:33:45.341 GMT+0100,2644.93,2644.2690000000002,0.0003,0.0029
30.01.2019 01:33:50.216 GMT+0100,2644.63,2644.2690000000002,0.0003,0.0022
30.01.2019 01:33:50.266 GMT+0100,2644.63,2643.9700000000003,0.001,0.0029
30.01.2019 01:34:00.937 GMT+0100,2644.93,2644.2690000000002,0.0003,0.0029
30.01.2019 01:34:03.312 GMT+0100,2644.93,2643.9690000000005,0.001,0.0029
30.01.2019 01:34:03.362 GMT+0100,2644.63,2643.9690000000005,0.0003,0.0029
30.01.2019 01:34:04.174 GMT+0100,2644.63,2644.27,0.0003,0.0022
30.01.2019 01:34:04.225 GMT+0100,2644.931,2644.27,0.001,0.0022
30.01.2019 01:34:22.080 GMT+0100,2644.931,2644.4700000000003,0.0003,0.0022
30.01.2019 01:34:22.130 GMT+0100,2645.13,2644.4700000000003,0.001,0.0029
30.01.2019 01:34:31.915 GMT+0100,2645.13,2644.2690000000002,0.001,0.0029
30.01.2019 01:34:31.965 GMT+0100,2644.93,2644.2690000000002,0.0003,0.0029
30.01.2019 01:34:36.465 GMT+0100,2645.131,2644.4700000000003,0.001,0.0022
30.01.2019 01:34:37.523 GMT+0100,2645.131,2644.2690000000002,0.001,0.0029
30.01.2019 01:34:37.573 GMT+0100,2644.931,2644.2690000000002,0.001,0.0029
30.01.2019 01:34:38.444 GMT+0100,2645.131,2644.4700000000003,0.001,0.0022
30.01.2019 01:34:42.769 GMT+0100,2645.031,2644.37,0.001,0.0022
30.01.2019 01:34:43.397 GMT+0100,2644.93,2644.27,0.001,0.0029
30.01.2019 01:34:45.382 GMT+0100,2645.13,2644.4700000000003,0.001,0.0029
30.01.2019 01:35:04.998 GMT+0100,2644.931,2644.27,0.001,0.0022
30.01.2019 01:35:39.164 GMT+0100,2644.931,2644.4700000000003,0.0003,0.0022
30.01.2019 01:35:39.215 GMT+0100,2645.131,2644.4700000000003,0.001,0.0022
30.01.2019 01:35:43.890 GMT+0100,2645.131,2644.27,0.001,0.0029
30.01.2019 01:35:43.940 GMT+0100,2644.93,2644.27,0.001,0.0029
30.01.2019 01:35:46.612 GMT+0100,2644.93,2644.4700000000003,0.0003,0.0022
30.01.2019 01:35:46.662 GMT+0100,2645.131,2644.4700000000003,0.001,0.0022
30.01.2019 01:36:02.963 GMT+0100,2645.031,2644.4700000000003,0.0003,0.0022
30.01.2019 01:36:03.013 GMT+0100,2645.031,2644.37,0.001,0.0022
30.01.2019 01:36:03.149 GMT+0100,2645.031,2644.27,0.001,0.0029
30.01.2019 01:36:03.199 GMT+0100,2644.931,2644.27,0.001,0.0022
30.01.2019 01:36:03.308 GMT+0100,2644.931,2644.369,0.0003,0.0022
30.01.2019 01:36:03.358 GMT+0100,2645.03,2644.369,0.0003,0.0029
30.01.2019 01:36:04.342 GMT+0100,2645.03,2644.27,0.001,0.0029
30.01.2019 01:36:04.392 GMT+0100,2644.93,2644.27,0.001,0.0029
30.01.2019 01:36:21.979 GMT+0100,2644.631,2643.9700000000003,0.001,0.0022
30.01.2019 01:36:44.098 GMT+0100,2644.631,2644.27,0.0003,0.0022
30.01.2019 01:36:44.148 GMT+0100,2644.931,2644.27,0.001,0.0022
30.01.2019 01:36:46.524 GMT+0100,2644.631,2643.9690000000005,0.001,0.0029
30.01.2019 01:36:46.880 GMT+0100,2644.631,2644.2690000000002,0.0003,0.0022
30.01.2019 01:36:46.930 GMT+0100,2644.931,2644.2690000000002,0.001,0.0029
30.01.2019 01:36:47.741 GMT+0100,2644.631,2644.2690000000002,0.0003,0.0022
30.01.2019 01:36:47.843 GMT+0100,2644.631,2643.9690000000005,0.001,0.0029
30.01.2019 01:36:48.730 GMT+0100,2644.7309999999998,2643.9690000000005,0.001,0.0029
30.01.2019 01:36:48.781 GMT+0100,2644.7309999999998,2644.07,0.001,0.0022
30.01.2019 01:36:48.888 GMT+0100,2644.7309999999998,2644.27,0.0003,0.0022
30.01.2019 01:36:48.938 GMT+0100,2644.931,2644.27,0.001,0.0022
30.01.2019 01:37:00.243 GMT+0100,2644.63,2644.27,0.0003,0.0022
30.01.2019 01:37:00.293 GMT+0100,2644.63,2643.9700000000003,0.001,0.0029
30.01.2019 01:37:09.787 GMT+0100,2644.63,2643.77,0.001,0.0029
30.01.2019 01:37:09.837 GMT+0100,2644.431,2643.77,0.001,0.0022
30.01.2019 01:37:12.200 GMT+0100,2644.431,2643.9700000000003,0.0003,0.0022
30.01.2019 01:37:12.250 GMT+0100,2644.63,2643.9700000000003,0.001,0.0029
30.01.2019 01:37:17.884 GMT+0100,2644.63,2644.2690000000002,0.0003,0.0022
30.01.2019 01:37:17.934 GMT+0100,2644.931,2644.2690000000002,0.001,0.0029
30.01.2019 01:37:18.724 GMT+0100,2644.931,2644.0690000000004,0.001,0.0029
30.01.2019 01:37:18.775 GMT+0100,2644.73,2644.0690000000004,0.0003,0.0029
30.01.2019 01:37:19.148 GMT+0100,2644.73,2643.9690000000005,0.001,0.0029
30.01.2019 01:37:19.199 GMT+0100,2644.63,2643.9690000000005,0.0003,0.0029
30.01.2019 01:37:20.338 GMT+0100,2644.93,2644.27,0.001,0.0029
30.01.2019 01:37:22.258 GMT+0100,2644.93,2643.9690000000005,0.001,0.0029
30.01.2019 01:37:22.309 GMT+0100,2644.631,2643.9690000000005,0.001,0.0029
30.01.2019 01:38:01.763 GMT+0100,2644.43,2643.7690000000002,0.0003,0.0029
30.01.2019 01:38:45.923 GMT+0100,2644.43,2643.4690000000005,0.001,0.0029
30.01.2019 01:38:45.974 GMT+0100,2644.13,2643.4690000000005,0.0003,0.0029
30.01.2019 01:39:10.965 GMT+0100,2644.13,2643.2690000000002,0.001,0.0029
30.01.2019 01:39:11.015 GMT+0100,2643.931,2643.2690000000002,0.001,0.0029
30.01.2019 01:39:15.973 GMT+0100,2643.931,2643.4690000000005,0.0003,0.0022
30.01.2019 01:39:16.023 GMT+0100,2644.131,2643.4690000000005,0.001,0.0029
30.01.2019 01:39:17.457 GMT+0100,2644.131,2643.27,0.001,0.0029
30.01.2019 01:39:17.507 GMT+0100,2643.93,2643.27,0.001,0.0029
30.01.2019 01:39:18.177 GMT+0100,2643.93,2643.4700000000003,0.0003,0.0022
30.01.2019 01:39:18.227 GMT+0100,2644.13,2643.4700000000003,0.001,0.0029
30.01.2019 01:39:51.198 GMT+0100,2644.13,2643.77,0.0003,0.0022
30.01.2019 01:39:51.249 GMT+0100,2644.43,2643.77,0.001,0.0029
30.01.2019 01:40:00.403 GMT+0100,2644.43,2643.4690000000005,0.001,0.0029
30.01.2019 01:40:00.458 GMT+0100,2644.13,2643.4690000000005,0.0003,0.0029
30.01.2019 01:40:35.959 GMT+0100,2644.13,2643.27,0.001,0.0029
30.01.2019 01:40:36.009 GMT+0100,2643.93,2643.27,0.001,0.0029
30.01.2019 01:41:22.058 GMT+0100,2643.93,2642.9690000000005,0.001,0.0029
30.01.2019 01:41:22.109 GMT+0100,2643.63,2642.9690000000005,0.0003,0.0029
30.01.2019 01:41:36.070 GMT+0100,2643.63,2643.07,0.0003,0.0022
30.01.2019 01:41:36.121 GMT+0100,2643.73,2643.07,0.001,0.0029
30.01.2019 01:41:37.081 GMT+0100,2643.73,2643.27,0.0003,0.0022
30.01.2019 01:41:37.131 GMT+0100,2643.931,2643.27,0.001,0.0022
30.01.2019 01:41:41.415 GMT+0100,2643.931,2642.9690000000005,0.001,0.0029
30.01.2019 01:41:41.465 GMT+0100,2643.63,2642.9690000000005,0.0003,0.0029
30.01.2019 01:41:49.325 GMT+0100,2643.63,2643.2690000000002,0.0003,0.0022
30.01.2019 01:41:49.376 GMT+0100,2643.93,2643.2690000000002,0.0003,0.0029
30.01.2019 01:42:03.406 GMT+0100,2643.631,2642.9700000000003,0.001,0.0022
30.01.2019 01:42:10.857 GMT+0100,2643.631,2643.0690000000004,0.0003,0.0022
30.01.2019 01:42:10.908 GMT+0100,2643.7309999999998,2643.0690000000004,0.001,0.0029
30.01.2019 01:42:11.033 GMT+0100,2643.63,2642.9700000000003,0.001,0.0029
30.01.2019 01:42:23.305 GMT+0100,2643.931,2643.2690000000002,0.001,0.0029
30.01.2019 01:43:06.372 GMT+0100,2644.13,2643.4700000000003,0.001,0.0029
30.01.2019 01:43:54.872 GMT+0100,2644.43,2643.7690000000002,0.0003,0.0029
30.01.2019 01:43:57.268 GMT+0100,2644.43,2643.4690000000005,0.001,0.0029
30.01.2019 01:43:57.333 GMT+0100,2644.13,2643.4690000000005,0.0003,0.0029
30.01.2019 01:44:02.185 GMT+0100,2644.13,2643.7690000000002,0.0003,0.0022
30.01.2019 01:44:02.235 GMT+0100,2644.43,2643.7690000000002,0.0003,0.0029
30.01.2019 01:45:19.984 GMT+0100,2644.131,2643.4700000000003,0.001,0.0022
30.01.2019 01:45:27.774 GMT+0100,2644.131,2643.7690000000002,0.0003,0.0022
30.01.2019 01:45:27.824 GMT+0100,2644.43,2643.7690000000002,0.0003,0.0029
30.01.2019 01:45:44.957 GMT+0100,2644.13,2643.4690000000005,0.0003,0.0029
30.01.2019 01:45:59.391 GMT+0100,2644.431,2643.4690000000005,0.001,0.0029
30.01.2019 01:45:59.441 GMT+0100,2644.431,2643.7690000000002,0.001,0.0029
30.01.2019 01:46:02.840 GMT+0100,2644.13,2643.4690000000005,0.0003,0.0029
30.01.2019 01:46:26.486 GMT+0100,2644.13,2643.5690000000004,0.0003,0.0022
30.01.2019 01:46:26.537 GMT+0100,2644.23,2643.5690000000004,0.0003,0.0029
30.01.2019 01:46:27.671 GMT+0100,2644.43,2643.77,0.001,0.0029
30.01.2019 01:46:47.047 GMT+0100,2644.43,2643.869,0.0003,0.0022
30.01.2019 01:46:47.103 GMT+0100,2644.53,2643.869,0.0003,0.0029
30.01.2019 01:46:49.305 GMT+0100,2644.63,2643.869,0.001,0.0029
30.01.2019 01:46:49.356 GMT+0100,2644.63,2643.9690000000005,0.0003,0.0029
30.01.2019 01:47:44.121 GMT+0100,2644.63,2643.7690000000002,0.001,0.0029
30.01.2019 01:47:44.172 GMT+0100,2644.431,2643.7690000000002,0.001,0.0029
30.01.2019 01:47:54.690 GMT+0100,2644.431,2643.4700000000003,0.001,0.0029
30.01.2019 01:47:54.740 GMT+0100,2644.13,2643.4700000000003,0.001,0.0029
30.01.2019 01:48:41.429 GMT+0100,2644.13,2643.27,0.001,0.0029
30.01.2019 01:48:41.480 GMT+0100,2643.931,2643.27,0.001,0.0022
30.01.2019 01:49:13.350 GMT+0100,2643.931,2642.9690000000005,0.001,0.0029
30.01.2019 01:49:13.400 GMT+0100,2643.63,2642.9690000000005,0.0003,0.0029
30.01.2019 01:49:28.004 GMT+0100,2643.63,2642.87,0.001,0.0029
30.01.2019 01:49:28.054 GMT+0100,2643.531,2642.87,0.001,0.0022
30.01.2019 01:49:28.161 GMT+0100,2643.531,2642.9700000000003,0.0003,0.0022
30.01.2019 01:49:28.212 GMT+0100,2643.631,2642.9700000000003,0.001,0.0022
30.01.2019 01:49:59.945 GMT+0100,2643.93,2643.27,0.001,0.0029
30.01.2019 01:50:00.352 GMT+0100,2643.93,2643.0690000000004,0.001,0.0029
30.01.2019 01:50:00.402 GMT+0100,2643.73,2643.0690000000004,0.0003,0.0029
30.01.2019 01:50:02.019 GMT+0100,2643.73,2643.27,0.0003,0.0022
30.01.2019 01:50:02.069 GMT+0100,2643.93,2643.27,0.001,0.0029
30.01.2019 01:50:07.688 GMT+0100,2643.93,2642.9700000000003,0.001,0.0029
30.01.2019 01:50:07.738 GMT+0100,2643.631,2642.9700000000003,0.001,0.0022
30.01.2019 01:50:07.919 GMT+0100,2643.73,2642.9700000000003,0.001,0.0029
30.01.2019 01:50:07.969 GMT+0100,2643.73,2643.07,0.001,0.0029
30.01.2019 01:50:08.891 GMT+0100,2643.73,2643.2690000000002,0.0003,0.0022
30.01.2019 01:50:08.942 GMT+0100,2643.93,2643.2690000000002,0.0003,0.0029
30.01.2019 01:50:30.748 GMT+0100,2644.131,2643.4700000000003,0.001,0.0022
30.01.2019 01:50:48.290 GMT+0100,2644.431,2643.77,0.001,0.0022
30.01.2019 01:51:06.904 GMT+0100,2644.631,2643.9700000000003,0.001,0.0022
30.01.2019 01:51:15.843 GMT+0100,2644.931,2644.2690000000002,0.001,0.0029
30.01.2019 01:51:25.051 GMT+0100,2644.931,2644.4700000000003,0.0003,0.0022
30.01.2019 01:51:25.101 GMT+0100,2645.13,2644.4700000000003,0.001,0.0029
30.01.2019 01:51:30.701 GMT+0100,2645.13,2644.7690000000002,0.0003,0.0022
30.01.2019 01:51:30.751 GMT+0100,2645.43,2644.7690000000002,0.0003,0.0029
30.01.2019 01:51:31.362 GMT+0100,2645.43,2644.4700000000003,0.001,0.0029
30.01.2019 01:51:31.412 GMT+0100,2645.13,2644.4700000000003,0.001,0.0029
30.01.2019 01:52:13.398 GMT+0100,2645.13,2644.5690000000004,0.0003,0.0022
30.01.2019 01:52:13.448 GMT+0100,2645.23,2644.5690000000004,0.0003,0.0029
