Local time,Ask,Bid,AskVolume,BidVolume
30.01.2019 00:00:00.025 GMT+0100,144.856,144.829,0,0
30.01.2019 00:00:00.255 GMT+0100,144.779,144.743,0,0
30.01.2019 00:00:00.416 GMT+0100,144.93200000000002,144.903,0,0
30.01.2019 00:00:00.607 GMT+0100,144.887,144.83,0,0
30.01.2019 00:00:00.774 GMT+0100,144.879,144.844,0,0
30.01.2019 00:00:00.857 GMT+0100,144.798,144.739,0,0
30.01.2019 00:00:01.022 GMT+0100,145.033,144.959,0,0
30.01.2019 00:00:01.510 GMT+0100,144.995,144.971,0,0
30.01.2019 00:00:01.693 GMT+0100,144.781,144.749,0,0
30.01.2019 00:00:02.177 GMT+0100,145.02100000000002,144.972,0,0
30.01.2019 00:00:02.281 GMT+0100,145.024,144.965,0,0
30.01.2019 00:00:02.734 GMT+0100,145.02700000000002,145.002,0,0
30.01.2019 00:00:02.800 GMT+0100,145.315,145.279,0,0
30.01.2019 00:00:30.988 GMT+0100,145.225,145.183,0,0
30.01.2019 00:00:31.112 GMT+0100,144.99200000000002,144.929,0,0
30.01.2019 00:00:31.659 GMT+0100,144.99,144.941,0,0
30.01.2019 00:00:31.988 GMT+0100,145.131,145.079,0,0
30.01.2019 00:00:36.212 GMT+0100,145,144.94299999999998,0,0
30.01.2019 00:00:36.919 GMT+0100,145.003,144.967,0,0
30.01.2019 00:01:11.038 GMT+0100,145.003,144.94,0,0
30.01.2019 00:01:11.390 GMT+0100,144.972,144.938,0,0
30.01.2019 00:01:11.896 GMT+0100,144.918,144.89600000000002,0,0
30.01.2019 00:02:04.052 GMT+0100,145.002,144.94299999999998,0,0
30.01.2019 00:02:04.237 GMT+0100,144.993,144.916,0,0
30.01.2019 00:02:04.348 GMT+0100,144.958,144.90200000000002,0,0
30.01.2019 00:02:04.387 GMT+0100,144.684,144.626,0,0
30.01.2019 00:02:04.620 GMT+0100,144.763,144.733,0,0
30.01.2019 00:02:04.662 GMT+0100,144.853,144.829,0,0
30.01.2019 00:02:04.793 GMT+0100,145.11700000000002,145.084,0,0
30.01.2019 00:02:04.985 GMT+0100,144.88,144.81799999999998,0,0
30.01.2019 00:02:32.458 GMT+0100,144.965,144.936,0,0
30.01.2019 00:02:37.086 GMT+0100,144.969,144.909,0,0
30.01.2019 00:02:37.583 GMT+0100,144.953,144.924,0,0
30.01.2019 00:02:37.853 GMT+0100,145.252,145.194,0,0
30.01.2019 00:02:39.881 GMT+0100,144.966,144.941,0,0
30.01.2019 00:02:43.514 GMT+0100,144.977,144.903,0,0
30.01.2019 00:03:31.233 GMT+0100,144.968,144.94,0,0
30.01.2019 00:03:31.529 GMT+0100,144.976,144.90200000000002,0,0
30.01.2019 00:03:31.949 GMT+0100,144.968,144.939,0,0
30.01.2019 00:03:32.069 GMT+0100,144.972,144.934,0,0
30.01.2019 00:03:32.995 GMT+0100,144.972,144.89700000000002,0,0
30.01.2019 00:03:33.309 GMT+0100,144.965,144.936,0,0
30.01.2019 00:03:33.595 GMT+0100,144.968,144.91,0,0
30.01.2019 00:03:33.777 GMT+0100,144.963,144.89700000000002,0,0
30.01.2019 00:03:42.270 GMT+0100,144.974,144.909,0,0
30.01.2019 00:04:48.423 GMT+0100,144.97,144.94,0,0
30.01.2019 00:04:50.012 GMT+0100,145.009,144.946,0,0
30.01.2019 00:04:50.652 GMT+0100,145.009,144.946,0,0
30.01.2019 00:06:54.315 GMT+0100,144.99200000000002,144.944,0,0
30.01.2019 00:06:54.623 GMT+0100,144.996,144.94,0,0
30.01.2019 00:06:54.969 GMT+0100,144.97,144.941,0,0
30.01.2019 00:07:51.181 GMT+0100,145.02200000000002,144.969,0,0
30.01.2019 00:07:51.280 GMT+0100,145.039,144.97,0,0
30.01.2019 00:07:51.654 GMT+0100,145.009,144.946,0,0
30.01.2019 00:07:51.890 GMT+0100,144.995,144.965,0,0
30.01.2019 00:12:41.041 GMT+0100,145.031,144.969,0,0
30.01.2019 00:12:41.621 GMT+0100,145.024,144.966,0,0
30.01.2019 00:12:41.667 GMT+0100,145.005,144.966,0,0
30.01.2019 00:14:05.093 GMT+0100,144.998,144.97,0,0
30.01.2019 00:14:05.322 GMT+0100,145.006,144.937,0,0
30.01.2019 00:14:05.439 GMT+0100,145.008,144.939,0,0
30.01.2019 00:14:05.704 GMT+0100,145.005,144.936,0,0
30.01.2019 00:14:05.803 GMT+0100,144.994,144.941,0,0
30.01.2019 00:14:06.223 GMT+0100,144.997,144.931,0,0
30.01.2019 00:14:06.761 GMT+0100,145.005,144.942,0,0
30.01.2019 00:14:07.499 GMT+0100,145.005,144.939,0,0
30.01.2019 00:14:07.697 GMT+0100,145.005,144.971,0,0
30.01.2019 00:15:59.325 GMT+0100,144.972,144.933,0,0
30.01.2019 00:15:59.613 GMT+0100,144.965,144.936,0,0
30.01.2019 00:16:16.266 GMT+0100,144.97,144.934,0,0
30.01.2019 00:16:59.150 GMT+0100,144.964,144.917,0,0
30.01.2019 00:17:09.520 GMT+0100,144.966,144.907,0,0
30.01.2019 00:17:15.218 GMT+0100,144.97299999999998,144.938,0,0
30.01.2019 00:17:15.352 GMT+0100,144.974,144.908,0,0
30.01.2019 00:17:15.614 GMT+0100,144.969,144.909,0,0
30.01.2019 00:17:15.906 GMT+0100,144.97,144.937,0,0
30.01.2019 00:17:46.405 GMT+0100,144.964,144.915,0,0
30.01.2019 00:17:56.683 GMT+0100,144.972,144.94,0,0
30.01.2019 00:18:10.556 GMT+0100,144.966,144.942,0,0
30.01.2019 00:18:12.086 GMT+0100,144.967,144.94299999999998,0,0
30.01.2019 00:18:12.987 GMT+0100,144.966,144.937,0,0
30.01.2019 00:18:15.031 GMT+0100,144.969,144.938,0,0
30.01.2019 00:18:17.420 GMT+0100,144.977,144.907,0,0
30.01.2019 00:18:37.638 GMT+0100,144.971,144.94,0,0
30.01.2019 00:19:05.658 GMT+0100,144.971,144.939,0,0
30.01.2019 00:19:55.534 GMT+0100,144.967,144.934,0,0
30.01.2019 00:19:58.156 GMT+0100,144.965,144.937,0,0
30.01.2019 00:21:09.312 GMT+0100,144.966,144.942,0,0
30.01.2019 00:21:09.736 GMT+0100,144.967,144.93200000000002,0,0
30.01.2019 00:21:32.083 GMT+0100,145.006,144.929,0,0
30.01.2019 00:34:28.030 GMT+0100,144.997,144.945,0,0
30.01.2019 00:34:28.897 GMT+0100,144.993,144.931,0,0
30.01.2019 00:39:14.092 GMT+0100,145.007,144.94,0,0
30.01.2019 00:39:14.411 GMT+0100,144.991,144.935,0,0
30.01.2019 00:39:14.760 GMT+0100,144.974,144.934,0,0
30.01.2019 00:39:58.006 GMT+0100,144.978,144.906,0,0
30.01.2019 00:39:58.160 GMT+0100,144.972,144.901,0,0
30.01.2019 00:39:58.385 GMT+0100,144.972,144.938,0,0
30.01.2019 00:39:58.526 GMT+0100,144.965,144.938,0,0
30.01.2019 00:39:58.626 GMT+0100,144.966,144.941,0,0
30.01.2019 00:39:58.767 GMT+0100,145.002,144.939,0,0
30.01.2019 00:39:58.942 GMT+0100,144.971,144.938,0,0
30.01.2019 00:39:59.663 GMT+0100,144.968,144.939,0,0
30.01.2019 00:40:01.072 GMT+0100,144.97299999999998,144.93200000000002,0,0
30.01.2019 00:40:01.334 GMT+0100,144.971,144.942,0,0
30.01.2019 00:40:01.595 GMT+0100,144.97,144.936,0,0
30.01.2019 00:40:01.837 GMT+0100,144.969,144.933,0,0
30.01.2019 00:40:03.027 GMT+0100,144.97,144.938,0,0
30.01.2019 00:40:03.338 GMT+0100,144.967,144.935,0,0
30.01.2019 00:40:03.575 GMT+0100,144.967,144.941,0,0
30.01.2019 00:40:03.820 GMT+0100,144.971,144.939,0,0
30.01.2019 00:40:04.049 GMT+0100,144.966,144.937,0,0
30.01.2019 00:40:04.402 GMT+0100,144.968,144.936,0,0
30.01.2019 00:40:04.744 GMT+0100,144.974,144.934,0,0
30.01.2019 00:40:04.836 GMT+0100,144.966,144.933,0,0
30.01.2019 00:40:08.047 GMT+0100,144.97299999999998,144.94,0,0
30.01.2019 00:40:08.245 GMT+0100,144.966,144.939,0,0
30.01.2019 00:40:08.462 GMT+0100,144.974,144.935,0,0
30.01.2019 00:40:08.609 GMT+0100,144.967,144.938,0,0
30.01.2019 00:40:08.864 GMT+0100,144.969,144.938,0,0
30.01.2019 00:40:11.359 GMT+0100,144.968,144.938,0,0
30.01.2019 00:40:11.777 GMT+0100,144.97,144.934,0,0
30.01.2019 00:40:28.443 GMT+0100,144.97,144.903,0,0
30.01.2019 00:40:28.522 GMT+0100,144.97299999999998,144.89600000000002,0,0
30.01.2019 00:41:40.273 GMT+0100,144.966,144.89600000000002,0,0
30.01.2019 00:41:40.756 GMT+0100,144.96200000000002,144.911,0,0
30.01.2019 00:42:34.090 GMT+0100,144.96200000000002,144.898,0,0
30.01.2019 00:42:34.411 GMT+0100,144.93200000000002,144.903,0,0
30.01.2019 00:42:34.522 GMT+0100,144.934,144.911,0,0
30.01.2019 00:42:34.900 GMT+0100,144.939,144.905,0,0
30.01.2019 00:42:36.156 GMT+0100,144.964,144.903,0,0
30.01.2019 00:42:36.294 GMT+0100,144.941,144.906,0,0
30.01.2019 00:42:36.600 GMT+0100,144.937,144.903,0,0
30.01.2019 00:42:36.818 GMT+0100,144.935,144.901,0,0
30.01.2019 00:44:13.210 GMT+0100,144.966,144.901,0,0
30.01.2019 00:44:13.832 GMT+0100,144.976,144.907,0,0
30.01.2019 00:44:25.076 GMT+0100,144.975,144.899,0,0
30.01.2019 00:44:25.623 GMT+0100,144.976,144.911,0,0
30.01.2019 00:44:27.095 GMT+0100,144.968,144.91,0,0
30.01.2019 00:44:27.498 GMT+0100,144.977,144.89700000000002,0,0
30.01.2019 00:44:27.544 GMT+0100,144.966,144.912,0,0
30.01.2019 00:44:27.965 GMT+0100,144.978,144.909,0,0
30.01.2019 00:44:28.057 GMT+0100,144.964,144.94,0,0
30.01.2019 00:44:28.220 GMT+0100,144.974,144.91,0,0
30.01.2019 00:44:28.318 GMT+0100,144.97,144.90200000000002,0,0
30.01.2019 00:44:28.474 GMT+0100,144.959,144.907,0,0
30.01.2019 00:44:28.571 GMT+0100,144.965,144.934,0,0
30.01.2019 00:44:28.672 GMT+0100,144.972,144.91,0,0
30.01.2019 00:44:28.826 GMT+0100,144.97299999999998,144.936,0,0
30.01.2019 00:44:28.889 GMT+0100,144.968,144.916,0,0
30.01.2019 00:45:57.097 GMT+0100,144.966,144.942,0,0
30.01.2019 00:45:57.959 GMT+0100,144.967,144.936,0,0
30.01.2019 00:46:00.024 GMT+0100,144.961,144.909,0,0
30.01.2019 00:47:40.107 GMT+0100,144.972,144.915,0,0
30.01.2019 00:47:40.336 GMT+0100,144.971,144.91,0,0
30.01.2019 00:47:40.481 GMT+0100,144.965,144.901,0,0
30.01.2019 00:47:40.684 GMT+0100,144.964,144.936,0,0
30.01.2019 00:47:40.923 GMT+0100,144.971,144.917,0,0
30.01.2019 00:48:45.085 GMT+0100,144.972,144.938,0,0
30.01.2019 00:48:45.190 GMT+0100,144.969,144.94,0,0
30.01.2019 00:48:45.346 GMT+0100,144.965,144.933,0,0
30.01.2019 00:48:45.485 GMT+0100,144.97,144.904,0,0
30.01.2019 00:48:45.596 GMT+0100,144.964,144.942,0,0
30.01.2019 00:48:45.630 GMT+0100,144.97299999999998,144.908,0,0
30.01.2019 00:48:45.808 GMT+0100,144.959,144.91299999999998,0,0
30.01.2019 00:48:45.955 GMT+0100,144.959,144.903,0,0
30.01.2019 00:48:54.184 GMT+0100,144.961,144.91,0,0
30.01.2019 00:48:54.411 GMT+0100,144.974,144.942,0,0
30.01.2019 00:48:54.661 GMT+0100,144.959,144.90200000000002,0,0
30.01.2019 00:48:54.780 GMT+0100,144.969,144.89700000000002,0,0
30.01.2019 00:48:57.155 GMT+0100,144.965,144.941,0,0
30.01.2019 00:48:57.307 GMT+0100,144.966,144.907,0,0
30.01.2019 00:48:57.573 GMT+0100,144.965,144.907,0,0
30.01.2019 00:48:57.863 GMT+0100,144.971,144.94299999999998,0,0
30.01.2019 00:48:58.024 GMT+0100,145.007,144.946,0,0
30.01.2019 00:48:58.606 GMT+0100,144.964,144.934,0,0
30.01.2019 00:49:01.153 GMT+0100,145.009,144.946,0,0
30.01.2019 00:49:01.392 GMT+0100,144.99200000000002,144.938,0,0
30.01.2019 00:49:01.682 GMT+0100,144.966,144.942,0,0
30.01.2019 00:49:43.087 GMT+0100,144.97,144.941,0,0
30.01.2019 00:49:43.498 GMT+0100,144.998,144.94,0,0
30.01.2019 00:49:43.667 GMT+0100,144.972,144.939,0,0
30.01.2019 00:50:56.687 GMT+0100,145.008,144.945,0,0
30.01.2019 00:51:45.168 GMT+0100,144.99,144.937,0,0
30.01.2019 00:51:45.401 GMT+0100,144.978,144.89600000000002,0,0
30.01.2019 00:51:45.702 GMT+0100,144.968,144.915,0,0
30.01.2019 00:51:45.938 GMT+0100,144.964,144.935,0,0
30.01.2019 00:52:47.135 GMT+0100,144.967,144.933,0,0
30.01.2019 00:52:47.452 GMT+0100,144.968,144.90200000000002,0,0
30.01.2019 00:52:47.538 GMT+0100,144.976,144.91299999999998,0,0
30.01.2019 00:52:47.852 GMT+0100,144.965,144.935,0,0
30.01.2019 00:52:48.256 GMT+0100,144.971,144.94,0,0
30.01.2019 00:52:48.753 GMT+0100,144.97,144.942,0,0
30.01.2019 00:53:23.692 GMT+0100,144.966,144.91299999999998,0,0
30.01.2019 00:55:31.032 GMT+0100,144.964,144.936,0,0
30.01.2019 00:55:31.451 GMT+0100,145.01,144.946,0,0
30.01.2019 00:55:31.697 GMT+0100,144.998,144.933,0,0
30.01.2019 00:55:31.780 GMT+0100,144.968,144.903,0,0
30.01.2019 00:55:35.208 GMT+0100,144.966,144.908,0,0
30.01.2019 00:56:41.287 GMT+0100,144.978,144.905,0,0
30.01.2019 00:56:41.928 GMT+0100,144.96,144.9,0,0
30.01.2019 00:56:59.099 GMT+0100,144.974,144.935,0,0
30.01.2019 00:56:59.513 GMT+0100,144.978,144.909,0,0
30.01.2019 00:56:59.966 GMT+0100,144.969,144.936,0,0
30.01.2019 00:57:14.099 GMT+0100,144.97,144.939,0,0
30.01.2019 00:57:14.355 GMT+0100,144.966,144.899,0,0
30.01.2019 00:57:14.714 GMT+0100,144.964,144.935,0,0
30.01.2019 00:57:33.272 GMT+0100,144.97299999999998,144.935,0,0
30.01.2019 00:57:33.602 GMT+0100,144.974,144.939,0,0
30.01.2019 00:58:03.268 GMT+0100,144.974,144.938,0,0
30.01.2019 00:58:03.489 GMT+0100,144.97299999999998,144.94299999999998,0,0
30.01.2019 00:58:03.993 GMT+0100,144.97299999999998,144.934,0,0
30.01.2019 00:58:17.311 GMT+0100,144.97299999999998,144.942,0,0
30.01.2019 00:58:18.303 GMT+0100,144.972,144.942,0,0
30.01.2019 00:58:43.359 GMT+0100,144.959,144.914,0,0
30.01.2019 00:58:47.287 GMT+0100,144.968,144.909,0,0
30.01.2019 00:58:47.608 GMT+0100,144.959,144.905,0,0
30.01.2019 00:59:55.182 GMT+0100,145.003,144.94299999999998,0,0
30.01.2019 00:59:55.566 GMT+0100,144.993,144.939,0,0
30.01.2019 00:59:55.696 GMT+0100,144.977,144.916,0,0
30.01.2019 00:59:56.959 GMT+0100,144.965,144.94,0,0
30.01.2019 00:59:58.175 GMT+0100,145.004,144.94299999999998,0,0
30.01.2019 00:59:59.017 GMT+0100,144.99200000000002,144.936,0,0
30.01.2019 00:59:59.647 GMT+0100,144.994,144.935,0,0
30.01.2019 01:00:57.278 GMT+0100,145.005,144.935,0,0
30.01.2019 01:00:57.652 GMT+0100,144.972,144.936,0,0
30.01.2019 01:00:57.851 GMT+0100,144.997,144.969,0,0
30.01.2019 01:02:21.449 GMT+0100,145.007,144.94,0,0
30.01.2019 01:02:21.521 GMT+0100,145.007,144.928,0,0
30.01.2019 01:04:55.285 GMT+0100,145.001,144.929,0,0
30.01.2019 01:04:56.967 GMT+0100,144.996,144.94299999999998,0,0
30.01.2019 01:05:40.016 GMT+0100,144.993,144.93,0,0
30.01.2019 01:05:40.134 GMT+0100,145.01,144.945,0,0
30.01.2019 01:05:40.228 GMT+0100,145.039,144.975,0,0
30.01.2019 01:05:40.344 GMT+0100,145.03,144.979,0,0
30.01.2019 01:05:40.446 GMT+0100,144.999,144.945,0,0
30.01.2019 01:05:40.611 GMT+0100,144.997,144.971,0,0
30.01.2019 01:05:40.674 GMT+0100,145.002,144.936,0,0
30.01.2019 01:05:40.832 GMT+0100,144.996,144.968,0,0
30.01.2019 01:05:40.888 GMT+0100,144.995,144.939,0,0
30.01.2019 01:06:03.207 GMT+0100,144.99200000000002,144.92700000000002,0,0
30.01.2019 01:06:03.613 GMT+0100,144.999,144.938,0,0
30.01.2019 01:06:03.905 GMT+0100,145.009,144.94,0,0
30.01.2019 01:06:04.867 GMT+0100,144.998,144.929,0,0
30.01.2019 01:06:21.331 GMT+0100,144.996,144.936,0,0
30.01.2019 01:06:21.619 GMT+0100,145.009,144.941,0,0
30.01.2019 01:07:44.066 GMT+0100,145.005,144.933,0,0
30.01.2019 01:07:44.787 GMT+0100,145.01,144.934,0,0
30.01.2019 01:07:56.107 GMT+0100,145.004,144.934,0,0
30.01.2019 01:07:56.352 GMT+0100,144.99200000000002,144.941,0,0
30.01.2019 01:07:56.551 GMT+0100,144.998,144.945,0,0
30.01.2019 01:07:56.662 GMT+0100,145.002,144.968,0,0
30.01.2019 01:07:56.957 GMT+0100,145.01,144.93,0,0
30.01.2019 01:08:27.158 GMT+0100,145.008,144.935,0,0
30.01.2019 01:08:27.611 GMT+0100,145.003,144.942,0,0
30.01.2019 01:08:44.246 GMT+0100,144.994,144.936,0,0
30.01.2019 01:08:44.754 GMT+0100,145.009,144.94,0,0
30.01.2019 01:09:30.625 GMT+0100,145.003,144.939,0,0
30.01.2019 01:09:31.010 GMT+0100,144.999,144.944,0,0
30.01.2019 01:10:32.063 GMT+0100,144.999,144.936,0,0
30.01.2019 01:10:32.152 GMT+0100,145.007,144.942,0,0
30.01.2019 01:10:32.261 GMT+0100,145.005,144.946,0,0
30.01.2019 01:10:32.312 GMT+0100,144.996,144.97299999999998,0,0
30.01.2019 01:10:32.423 GMT+0100,144.993,144.931,0,0
30.01.2019 01:10:32.531 GMT+0100,145.008,144.94,0,0
30.01.2019 01:10:32.624 GMT+0100,145.006,144.936,0,0
30.01.2019 01:10:32.630 GMT+0100,145.009,144.941,0,0
30.01.2019 01:10:32.776 GMT+0100,144.995,144.936,0,0
30.01.2019 01:10:32.877 GMT+0100,144.997,144.97299999999998,0,0
30.01.2019 01:10:32.944 GMT+0100,145.008,144.933,0,0
30.01.2019 01:10:38.468 GMT+0100,144.991,144.935,0,0
30.01.2019 01:10:38.937 GMT+0100,145.007,144.939,0,0
30.01.2019 01:10:59.417 GMT+0100,145.001,144.938,0,0
30.01.2019 01:10:59.748 GMT+0100,144.999,144.94,0,0
30.01.2019 01:11:05.483 GMT+0100,145.001,144.941,0,0
30.01.2019 01:11:05.786 GMT+0100,144.999,144.945,0,0
30.01.2019 01:11:12.173 GMT+0100,144.997,144.93,0,0
30.01.2019 01:11:12.719 GMT+0100,145.003,144.936,0,0
30.01.2019 01:11:19.192 GMT+0100,144.972,144.89700000000002,0,0
30.01.2019 01:11:19.374 GMT+0100,144.978,144.907,0,0
30.01.2019 01:11:19.734 GMT+0100,144.97,144.942,0,0
30.01.2019 01:11:19.832 GMT+0100,144.969,144.935,0,0
30.01.2019 01:11:47.089 GMT+0100,144.965,144.936,0,0
30.01.2019 01:11:47.300 GMT+0100,144.994,144.946,0,0
30.01.2019 01:11:47.519 GMT+0100,144.99,144.939,0,0
30.01.2019 01:11:47.905 GMT+0100,144.96,144.912,0,0
30.01.2019 01:11:49.367 GMT+0100,144.971,144.94,0,0
30.01.2019 01:11:49.826 GMT+0100,144.966,144.936,0,0
30.01.2019 01:12:18.502 GMT+0100,144.995,144.93200000000002,0,0
30.01.2019 01:12:36.210 GMT+0100,145.006,144.936,0,0
30.01.2019 01:12:36.291 GMT+0100,144.99200000000002,144.928,0,0
30.01.2019 01:12:36.608 GMT+0100,145.006,144.937,0,0
30.01.2019 01:12:36.893 GMT+0100,145.001,144.945,0,0
30.01.2019 01:12:37.187 GMT+0100,144.997,144.928,0,0
30.01.2019 01:12:37.229 GMT+0100,145.004,144.928,0,0
30.01.2019 01:12:37.519 GMT+0100,144.991,144.933,0,0
30.01.2019 01:12:37.798 GMT+0100,145.001,144.967,0,0
30.01.2019 01:12:37.861 GMT+0100,144.998,144.947,0,0
30.01.2019 01:13:15.142 GMT+0100,144.965,144.94,0,0
30.01.2019 01:13:23.361 GMT+0100,144.99,144.937,0,0
30.01.2019 01:15:04.050 GMT+0100,144.991,144.938,0,0
30.01.2019 01:15:04.915 GMT+0100,145.002,144.939,0,0
30.01.2019 01:15:57.106 GMT+0100,145.005,144.93,0,0
30.01.2019 01:15:57.824 GMT+0100,144.99200000000002,144.939,0,0
30.01.2019 01:16:01.113 GMT+0100,145,144.974,0,0
30.01.2019 01:16:01.216 GMT+0100,145.001,144.942,0,0
30.01.2019 01:16:01.253 GMT+0100,145.006,144.935,0,0
30.01.2019 01:16:01.464 GMT+0100,145.005,144.971,0,0
30.01.2019 01:16:01.595 GMT+0100,145.03799999999998,144.97299999999998,0,0
30.01.2019 01:16:01.746 GMT+0100,145.025,144.965,0,0
30.01.2019 01:16:01.841 GMT+0100,144.997,144.971,0,0
30.01.2019 01:16:01.987 GMT+0100,144.998,144.93200000000002,0,0
30.01.2019 01:16:03.281 GMT+0100,145,144.971,0,0
30.01.2019 01:16:05.170 GMT+0100,145.001,144.97,0,0
30.01.2019 01:16:05.391 GMT+0100,144.999,144.945,0,0
30.01.2019 01:16:05.750 GMT+0100,144.997,144.929,0,0
30.01.2019 01:16:09.090 GMT+0100,144.997,144.971,0,0
30.01.2019 01:16:09.577 GMT+0100,144.998,144.969,0,0
30.01.2019 01:16:09.917 GMT+0100,145.001,144.968,0,0
30.01.2019 01:16:24.112 GMT+0100,144.996,144.97,0,0
30.01.2019 01:16:24.365 GMT+0100,145.002,144.965,0,0
30.01.2019 01:16:24.404 GMT+0100,145.009,144.94299999999998,0,0
30.01.2019 01:16:24.625 GMT+0100,145.004,144.938,0,0
30.01.2019 01:16:24.816 GMT+0100,145.001,144.946,0,0
30.01.2019 01:16:25.005 GMT+0100,145.001,144.94299999999998,0,0
30.01.2019 01:16:51.342 GMT+0100,145,144.94299999999998,0,0
30.01.2019 01:16:51.898 GMT+0100,144.999,144.941,0,0
30.01.2019 01:23:55.046 GMT+0100,144.993,144.929,0,0
30.01.2019 01:23:56.821 GMT+0100,145.004,144.931,0,0
30.01.2019 01:26:23.206 GMT+0100,145.001,144.944,0,0
30.01.2019 01:26:23.867 GMT+0100,145.002,144.942,0,0
30.01.2019 01:27:27.157 GMT+0100,145.01,144.937,0,0
30.01.2019 01:27:27.888 GMT+0100,145.01,144.931,0,0
30.01.2019 01:28:48.353 GMT+0100,145.005,144.944,0,0
30.01.2019 01:28:48.813 GMT+0100,144.996,144.93200000000002,0,0
30.01.2019 01:29:01.838 GMT+0100,144.99,144.934,0,0
30.01.2019 01:30:00.355 GMT+0100,145.009,144.931,0,0
30.01.2019 01:30:00.906 GMT+0100,145.003,144.939,0,0
30.01.2019 01:30:07.052 GMT+0100,144.964,144.942,0,0
30.01.2019 01:30:07.077 GMT+0100,144.996,144.938,0,0
30.01.2019 01:30:07.137 GMT+0100,144.99,144.939,0,0
30.01.2019 01:30:07.231 GMT+0100,144.967,144.938,0,0
30.01.2019 01:30:07.289 GMT+0100,144.965,144.933,0,0
30.01.2019 01:30:07.329 GMT+0100,144.964,144.937,0,0
30.01.2019 01:30:07.377 GMT+0100,144.964,144.936,0,0
30.01.2019 01:30:07.483 GMT+0100,144.97299999999998,144.942,0,0
30.01.2019 01:30:07.529 GMT+0100,144.967,144.908,0,0
30.01.2019 01:30:07.596 GMT+0100,144.959,144.89700000000002,0,0
30.01.2019 01:30:07.666 GMT+0100,144.966,144.89700000000002,0,0
30.01.2019 01:30:07.700 GMT+0100,144.97,144.904,0,0
30.01.2019 01:30:07.767 GMT+0100,144.967,144.905,0,0
30.01.2019 01:30:07.808 GMT+0100,144.977,144.917,0,0
30.01.2019 01:30:07.929 GMT+0100,145.004,144.938,0,0
30.01.2019 01:30:07.949 GMT+0100,144.967,144.933,0,0
30.01.2019 01:30:08.167 GMT+0100,144.964,144.941,0,0
30.01.2019 01:30:08.597 GMT+0100,144.968,144.935,0,0
30.01.2019 01:30:09.873 GMT+0100,144.964,144.91299999999998,0,0
30.01.2019 01:30:26.111 GMT+0100,144.974,144.91299999999998,0,0
30.01.2019 01:30:26.843 GMT+0100,144.975,144.91299999999998,0,0
30.01.2019 01:30:28.102 GMT+0100,144.99200000000002,144.944,0,0
30.01.2019 01:30:28.280 GMT+0100,145.005,144.912,0,0
30.01.2019 01:30:28.529 GMT+0100,145.011,144.906,0,0
30.01.2019 01:30:28.618 GMT+0100,144.965,144.938,0,0
30.01.2019 01:30:28.947 GMT+0100,144.97,144.908,0,0
30.01.2019 01:31:02.050 GMT+0100,145.002,144.937,0,0
30.01.2019 01:31:02.872 GMT+0100,144.97299999999998,144.933,0,0
30.01.2019 01:31:14.106 GMT+0100,144.964,144.937,0,0
30.01.2019 01:31:14.237 GMT+0100,144.979,144.915,0,0
30.01.2019 01:31:14.256 GMT+0100,144.965,144.939,0,0
30.01.2019 01:31:14.445 GMT+0100,144.969,144.916,0,0
30.01.2019 01:31:14.520 GMT+0100,144.972,144.899,0,0
30.01.2019 01:31:14.640 GMT+0100,144.959,144.90200000000002,0,0
30.01.2019 01:31:14.854 GMT+0100,144.966,144.898,0,0
30.01.2019 01:31:14.923 GMT+0100,144.967,144.936,0,0
30.01.2019 01:31:21.167 GMT+0100,144.971,144.941,0,0
30.01.2019 01:31:21.347 GMT+0100,144.97,144.94,0,0
30.01.2019 01:31:21.705 GMT+0100,144.974,144.938,0,0
30.01.2019 01:31:23.149 GMT+0100,144.971,144.935,0,0
30.01.2019 01:31:23.927 GMT+0100,144.971,144.934,0,0
30.01.2019 01:31:35.207 GMT+0100,144.97299999999998,144.941,0,0
30.01.2019 01:31:35.484 GMT+0100,144.967,144.938,0,0
30.01.2019 01:31:35.671 GMT+0100,144.965,144.933,0,0
30.01.2019 01:31:35.848 GMT+0100,144.97299999999998,144.939,0,0
30.01.2019 01:31:36.840 GMT+0100,144.97299999999998,144.934,0,0
30.01.2019 01:31:46.499 GMT+0100,145.006,144.929,0,0
30.01.2019 01:31:55.868 GMT+0100,144.965,144.94,0,0
30.01.2019 01:32:13.043 GMT+0100,144.972,144.941,0,0
30.01.2019 01:32:13.566 GMT+0100,144.97,144.91,0,0
30.01.2019 01:32:13.996 GMT+0100,144.975,144.917,0,0
30.01.2019 01:32:17.056 GMT+0100,144.968,144.903,0,0
30.01.2019 01:32:56.057 GMT+0100,144.97,144.942,0,0
30.01.2019 01:32:56.129 GMT+0100,144.995,144.942,0,0
30.01.2019 01:32:56.303 GMT+0100,144.972,144.936,0,0
30.01.2019 01:32:56.423 GMT+0100,144.991,144.93,0,0
30.01.2019 01:32:56.537 GMT+0100,144.996,144.94299999999998,0,0
30.01.2019 01:32:56.575 GMT+0100,144.968,144.907,0,0
30.01.2019 01:32:56.732 GMT+0100,144.966,144.941,0,0
30.01.2019 01:32:56.820 GMT+0100,144.965,144.908,0,0
30.01.2019 01:32:56.915 GMT+0100,144.97,144.94,0,0
30.01.2019 01:32:57.214 GMT+0100,144.966,144.906,0,0
30.01.2019 01:32:57.424 GMT+0100,144.975,144.915,0,0
30.01.2019 01:32:57.846 GMT+0100,144.969,144.942,0,0
30.01.2019 01:33:31.160 GMT+0100,144.965,144.934,0,0
30.01.2019 01:33:31.318 GMT+0100,144.971,144.938,0,0
30.01.2019 01:33:31.385 GMT+0100,144.966,144.91,0,0
30.01.2019 01:33:31.605 GMT+0100,144.991,144.89600000000002,0,0
30.01.2019 01:33:31.732 GMT+0100,144.999,144.939,0,0
30.01.2019 01:33:31.980 GMT+0100,144.968,144.904,0,0
30.01.2019 01:33:33.440 GMT+0100,144.968,144.937,0,0
30.01.2019 01:33:33.885 GMT+0100,144.972,144.937,0,0
30.01.2019 01:33:55.303 GMT+0100,144.96,144.90200000000002,0,0
30.01.2019 01:33:55.491 GMT+0100,144.972,144.917,0,0
30.01.2019 01:33:55.690 GMT+0100,144.975,144.912,0,0
30.01.2019 01:33:58.005 GMT+0100,144.97299999999998,144.942,0,0
30.01.2019 01:33:58.506 GMT+0100,144.964,144.91,0,0
30.01.2019 01:34:00.007 GMT+0100,144.965,144.936,0,0
30.01.2019 01:34:00.257 GMT+0100,144.97,144.934,0,0
30.01.2019 01:34:00.342 GMT+0100,144.97,144.937,0,0
30.01.2019 01:34:00.611 GMT+0100,144.971,144.904,0,0
30.01.2019 01:34:00.744 GMT+0100,144.965,144.904,0,0
30.01.2019 01:34:00.948 GMT+0100,144.96,144.906,0,0
30.01.2019 01:34:08.163 GMT+0100,144.966,144.936,0,0
30.01.2019 01:34:08.425 GMT+0100,144.976,144.91299999999998,0,0
30.01.2019 01:34:08.535 GMT+0100,144.978,144.917,0,0
30.01.2019 01:34:08.875 GMT+0100,144.966,144.907,0,0
30.01.2019 01:34:22.242 GMT+0100,144.968,144.935,0,0
30.01.2019 01:34:22.340 GMT+0100,144.968,144.91,0,0
30.01.2019 01:34:22.756 GMT+0100,144.979,144.909,0,0
30.01.2019 01:34:23.600 GMT+0100,144.965,144.903,0,0
30.01.2019 01:34:26.147 GMT+0100,144.966,144.899,0,0
30.01.2019 01:34:26.758 GMT+0100,144.977,144.908,0,0
30.01.2019 01:34:37.272 GMT+0100,144.978,144.91,0,0
30.01.2019 01:34:37.598 GMT+0100,144.964,144.9,0,0
30.01.2019 01:35:52.386 GMT+0100,144.965,144.905,0,0
30.01.2019 01:35:52.965 GMT+0100,144.963,144.907,0,0
30.01.2019 01:36:12.115 GMT+0100,144.963,144.901,0,0
30.01.2019 01:36:12.183 GMT+0100,144.96200000000002,144.915,0,0
30.01.2019 01:36:12.418 GMT+0100,144.998,144.946,0,0
30.01.2019 01:36:12.563 GMT+0100,144.99200000000002,144.907,0,0
30.01.2019 01:36:12.665 GMT+0100,144.967,144.934,0,0
30.01.2019 01:36:12.957 GMT+0100,144.977,144.907,0,0
30.01.2019 01:36:17.045 GMT+0100,145.008,144.933,0,0
30.01.2019 01:36:17.301 GMT+0100,144.991,144.945,0,0
30.01.2019 01:36:17.587 GMT+0100,144.968,144.91,0,0
30.01.2019 01:36:17.697 GMT+0100,144.972,144.933,0,0
30.01.2019 01:36:17.915 GMT+0100,144.971,144.908,0,0
30.01.2019 01:36:18.264 GMT+0100,144.972,144.936,0,0
30.01.2019 01:36:18.984 GMT+0100,144.966,144.936,0,0
30.01.2019 01:36:19.188 GMT+0100,144.971,144.907,0,0
30.01.2019 01:36:20.313 GMT+0100,144.991,144.939,0,0
30.01.2019 01:36:20.882 GMT+0100,144.963,144.907,0,0
30.01.2019 01:37:50.051 GMT+0100,144.967,144.937,0,0
30.01.2019 01:37:50.225 GMT+0100,144.976,144.906,0,0
30.01.2019 01:37:50.583 GMT+0100,144.976,144.907,0,0
30.01.2019 01:37:50.760 GMT+0100,144.971,144.916,0,0
30.01.2019 01:37:50.884 GMT+0100,144.97,144.937,0,0
30.01.2019 01:37:52.193 GMT+0100,144.991,144.934,0,0
30.01.2019 01:37:52.757 GMT+0100,145.002,144.935,0,0
30.01.2019 01:38:04.021 GMT+0100,144.993,144.942,0,0
30.01.2019 01:38:04.316 GMT+0100,144.993,144.94,0,0
30.01.2019 01:38:04.512 GMT+0100,144.964,144.933,0,0
30.01.2019 01:38:04.769 GMT+0100,144.97,144.94299999999998,0,0
30.01.2019 01:38:04.914 GMT+0100,144.97299999999998,144.933,0,0
30.01.2019 01:38:15.248 GMT+0100,144.994,144.941,0,0
30.01.2019 01:38:15.583 GMT+0100,144.996,144.941,0,0
30.01.2019 01:38:15.872 GMT+0100,144.969,144.939,0,0
30.01.2019 01:39:00.235 GMT+0100,144.968,144.942,0,0
30.01.2019 01:39:00.391 GMT+0100,144.96,144.91,0,0
30.01.2019 01:39:00.693 GMT+0100,144.961,144.905,0,0
30.01.2019 01:39:00.813 GMT+0100,144.968,144.933,0,0
30.01.2019 01:39:08.138 GMT+0100,145.002,144.948,0,0
30.01.2019 01:39:08.563 GMT+0100,145.003,144.94,0,0
30.01.2019 01:39:27.208 GMT+0100,144.972,144.937,0,0
30.01.2019 01:39:27.301 GMT+0100,144.959,144.90200000000002,0,0
30.01.2019 01:39:27.652 GMT+0100,144.96200000000002,144.89700000000002,0,0
30.01.2019 01:39:27.913 GMT+0100,144.974,144.939,0,0
30.01.2019 01:39:37.266 GMT+0100,144.979,144.91299999999998,0,0
30.01.2019 01:39:39.147 GMT+0100,144.96200000000002,144.90200000000002,0,0
30.01.2019 01:39:39.520 GMT+0100,144.968,144.911,0,0
30.01.2019 01:39:54.059 GMT+0100,144.974,144.93200000000002,0,0
30.01.2019 01:39:54.690 GMT+0100,144.96,144.904,0,0
30.01.2019 01:39:55.280 GMT+0100,144.97,144.941,0,0
30.01.2019 01:39:55.842 GMT+0100,144.964,144.937,0,0
30.01.2019 01:40:00.443 GMT+0100,144.964,144.907,0,0
30.01.2019 01:40:01.192 GMT+0100,144.965,144.937,0,0
30.01.2019 01:40:01.307 GMT+0100,144.97299999999998,144.942,0,0
30.01.2019 01:40:01.445 GMT+0100,144.993,144.939,0,0
30.01.2019 01:40:01.610 GMT+0100,145.002,144.94,0,0
30.01.2019 01:40:01.893 GMT+0100,144.967,144.90200000000002,0,0
30.01.2019 01:40:02.490 GMT+0100,144.967,144.94,0,0
30.01.2019 01:40:02.604 GMT+0100,144.966,144.934,0,0
30.01.2019 01:40:19.037 GMT+0100,144.968,144.936,0,0
30.01.2019 01:40:19.592 GMT+0100,144.969,144.939,0,0
30.01.2019 01:40:19.745 GMT+0100,144.974,144.934,0,0
30.01.2019 01:40:29.185 GMT+0100,144.97,144.938,0,0
30.01.2019 01:40:29.584 GMT+0100,144.97,144.933,0,0
30.01.2019 01:41:00.695 GMT+0100,145.01,144.939,0,0
30.01.2019 01:43:01.003 GMT+0100,144.97299999999998,144.935,0,0
30.01.2019 01:43:01.252 GMT+0100,144.971,144.898,0,0
30.01.2019 01:43:01.621 GMT+0100,144.97,144.9,0,0
30.01.2019 01:43:01.947 GMT+0100,144.972,144.94,0,0
30.01.2019 01:43:29.761 GMT+0100,144.979,144.899,0,0
30.01.2019 01:45:19.053 GMT+0100,144.97,144.935,0,0
30.01.2019 01:45:19.180 GMT+0100,144.99200000000002,144.944,0,0
30.01.2019 01:45:19.291 GMT+0100,144.999,144.934,0,0
30.01.2019 01:45:19.397 GMT+0100,144.977,144.898,0,0
30.01.2019 01:45:19.600 GMT+0100,144.977,144.904,0,0
30.01.2019 01:45:19.670 GMT+0100,144.963,144.90200000000002,0,0
30.01.2019 01:45:19.782 GMT+0100,144.977,144.903,0,0
30.01.2019 01:45:19.931 GMT+0100,144.977,144.906,0,0
30.01.2019 01:45:27.990 GMT+0100,144.966,144.942,0,0
30.01.2019 01:47:43.334 GMT+0100,144.998,144.937,0,0
30.01.2019 01:47:43.648 GMT+0100,144.969,144.938,0,0
30.01.2019 01:48:56.331 GMT+0100,144.994,144.935,0,0
30.01.2019 01:48:56.933 GMT+0100,145.004,144.94299999999998,0,0
30.01.2019 01:49:20.309 GMT+0100,145.002,144.94,0,0
30.01.2019 01:49:20.664 GMT+0100,144.994,144.928,0,0
30.01.2019 01:50:56.017 GMT+0100,144.967,144.939,0,0
30.01.2019 01:50:56.400 GMT+0100,144.966,144.909,0,0
30.01.2019 01:50:56.544 GMT+0100,144.974,144.899,0,0
30.01.2019 01:50:56.938 GMT+0100,144.967,144.937,0,0
30.01.2019 01:51:14.326 GMT+0100,144.964,144.938,0,0
30.01.2019 01:51:14.573 GMT+0100,144.972,144.938,0,0
30.01.2019 01:51:14.714 GMT+0100,144.967,144.933,0,0
30.01.2019 01:51:15.123 GMT+0100,144.965,144.898,0,0
30.01.2019 01:51:15.441 GMT+0100,144.965,144.898,0,0
30.01.2019 01:51:15.858 GMT+0100,144.96,144.90200000000002,0,0
30.01.2019 01:52:40.350 GMT+0100,144.96,144.89600000000002,0,0
30.01.2019 01:52:40.688 GMT+0100,144.961,144.903,0,0
30.01.2019 01:52:42.046 GMT+0100,144.978,144.899,0,0
30.01.2019 01:52:42.167 GMT+0100,144.974,144.909,0,0
30.01.2019 01:52:42.250 GMT+0100,144.935,144.909,0,0
30.01.2019 01:52:42.286 GMT+0100,144.937,144.908,0,0
30.01.2019 01:52:42.422 GMT+0100,144.933,144.904,0,0
30.01.2019 01:52:42.461 GMT+0100,144.937,144.907,0,0
30.01.2019 01:52:42.575 GMT+0100,144.933,144.90200000000002,0,0
30.01.2019 01:52:42.634 GMT+0100,144.935,144.91,0,0
30.01.2019 01:52:42.782 GMT+0100,144.935,144.91,0,0
30.01.2019 01:52:42.893 GMT+0100,144.942,144.905,0,0
30.01.2019 01:52:42.914 GMT+0100,144.939,144.904,0,0
30.01.2019 01:52:44.067 GMT+0100,144.934,144.906,0,0
30.01.2019 01:52:44.140 GMT+0100,144.928,144.872,0,0
30.01.2019 01:52:44.273 GMT+0100,144.934,144.878,0,0
30.01.2019 01:52:44.427 GMT+0100,144.933,144.909,0,0
30.01.2019 01:52:44.537 GMT+0100,144.945,144.873,0,0
30.01.2019 01:52:44.604 GMT+0100,144.945,144.865,0,0
30.01.2019 01:52:44.748 GMT+0100,144.936,144.868,0,0
30.01.2019 01:52:44.778 GMT+0100,144.945,144.871,0,0
30.01.2019 01:52:44.978 GMT+0100,144.967,144.91,0,0
30.01.2019 01:52:45.417 GMT+0100,144.933,144.901,0,0
30.01.2019 01:52:45.987 GMT+0100,144.934,144.904,0,0
30.01.2019 01:52:47.135 GMT+0100,144.935,144.901,0,0
30.01.2019 01:52:47.355 GMT+0100,144.963,144.91,0,0
30.01.2019 01:52:47.514 GMT+0100,144.976,144.908,0,0
30.01.2019 01:52:47.713 GMT+0100,144.934,144.908,0,0
30.01.2019 01:52:47.837 GMT+0100,144.939,144.905,0,0
30.01.2019 01:52:55.034 GMT+0100,144.939,144.903,0,0
30.01.2019 01:52:55.286 GMT+0100,144.936,144.885,0,0
30.01.2019 01:52:55.551 GMT+0100,144.94,144.904,0,0
30.01.2019 01:52:55.776 GMT+0100,144.947,144.868,0,0
30.01.2019 01:52:55.953 GMT+0100,144.936,144.881,0,0
30.01.2019 01:52:58.033 GMT+0100,144.933,144.903,0,0
30.01.2019 01:52:58.362 GMT+0100,144.938,144.901,0,0
30.01.2019 01:52:58.746 GMT+0100,144.935,144.874,0,0
30.01.2019 01:52:58.952 GMT+0100,144.93,144.871,0,0
30.01.2019 01:53:03.119 GMT+0100,144.941,144.901,0,0
30.01.2019 01:53:03.308 GMT+0100,144.971,144.908,0,0
30.01.2019 01:53:03.471 GMT+0100,144.94,144.908,0,0
30.01.2019 01:53:03.581 GMT+0100,144.938,144.909,0,0
30.01.2019 01:53:03.695 GMT+0100,144.941,144.908,0,0
30.01.2019 01:53:03.943 GMT+0100,144.939,144.909,0,0
30.01.2019 01:53:06.113 GMT+0100,144.933,144.908,0,0
30.01.2019 01:53:06.421 GMT+0100,144.942,144.866,0,0
30.01.2019 01:53:06.788 GMT+0100,144.944,144.879,0,0
30.01.2019 01:53:16.923 GMT+0100,144.965,144.912,0,0
30.01.2019 01:53:25.084 GMT+0100,144.979,144.916,0,0
30.01.2019 01:53:25.252 GMT+0100,144.972,144.908,0,0
30.01.2019 01:53:25.567 GMT+0100,144.931,144.875,0,0
30.01.2019 01:53:25.677 GMT+0100,144.93200000000002,144.868,0,0
30.01.2019 01:53:25.873 GMT+0100,144.935,144.875,0,0
30.01.2019 01:53:48.024 GMT+0100,144.934,144.901,0,0
30.01.2019 01:53:48.116 GMT+0100,144.944,144.865,0,0
30.01.2019 01:53:48.251 GMT+0100,144.937,144.91,0,0
30.01.2019 01:53:48.335 GMT+0100,144.935,144.903,0,0
30.01.2019 01:53:48.524 GMT+0100,144.928,144.879,0,0
30.01.2019 01:53:48.580 GMT+0100,144.929,144.88,0,0
30.01.2019 01:53:48.760 GMT+0100,144.934,144.871,0,0
30.01.2019 01:53:48.852 GMT+0100,144.939,144.906,0,0
30.01.2019 01:53:48.990 GMT+0100,144.94,144.904,0,0
30.01.2019 01:53:56.035 GMT+0100,144.941,144.909,0,0
30.01.2019 01:53:56.373 GMT+0100,144.975,144.904,0,0
30.01.2019 01:53:56.540 GMT+0100,144.974,144.91,0,0
30.01.2019 01:53:56.879 GMT+0100,144.939,144.907,0,0
30.01.2019 01:54:03.402 GMT+0100,144.96200000000002,144.914,0,0
30.01.2019 01:54:09.194 GMT+0100,144.961,144.91,0,0
30.01.2019 01:54:09.480 GMT+0100,144.94,144.909,0,0
30.01.2019 01:54:09.508 GMT+0100,144.94,144.901,0,0
30.01.2019 01:54:09.811 GMT+0100,144.941,144.905,0,0
30.01.2019 01:54:10.565 GMT+0100,144.964,144.904,0,0
30.01.2019 01:54:27.044 GMT+0100,144.942,144.907,0,0
30.01.2019 01:54:27.435 GMT+0100,144.935,144.904,0,0
30.01.2019 01:54:27.945 GMT+0100,144.935,144.909,0,0
30.01.2019 01:54:28.258 GMT+0100,144.937,144.903,0,0
30.01.2019 01:54:28.841 GMT+0100,144.937,144.908,0,0
30.01.2019 01:54:45.238 GMT+0100,144.934,144.907,0,0
30.01.2019 01:54:45.340 GMT+0100,144.938,144.865,0,0
30.01.2019 01:54:45.622 GMT+0100,144.947,144.871,0,0
30.01.2019 01:54:45.839 GMT+0100,144.944,144.871,0,0
30.01.2019 01:54:58.483 GMT+0100,144.941,144.87,0,0
30.01.2019 01:54:58.525 GMT+0100,144.947,144.878,0,0
30.01.2019 01:55:27.240 GMT+0100,144.937,144.884,0,0
30.01.2019 01:55:27.921 GMT+0100,144.937,144.869,0,0
30.01.2019 01:56:13.268 GMT+0100,144.931,144.881,0,0
30.01.2019 01:56:13.618 GMT+0100,144.947,144.875,0,0
30.01.2019 01:56:26.018 GMT+0100,144.934,144.885,0,0
30.01.2019 01:56:27.952 GMT+0100,144.935,144.873,0,0
30.01.2019 01:57:17.375 GMT+0100,144.944,144.865,0,0
30.01.2019 01:57:17.507 GMT+0100,144.92700000000002,144.869,0,0
30.01.2019 01:57:21.497 GMT+0100,144.938,144.87,0,0
30.01.2019 01:57:21.994 GMT+0100,144.94,144.874,0,0
30.01.2019 01:58:44.050 GMT+0100,144.944,144.879,0,0
30.01.2019 01:58:44.782 GMT+0100,144.936,144.865,0,0
30.01.2019 01:58:52.196 GMT+0100,144.942,144.87,0,0
30.01.2019 01:58:52.860 GMT+0100,144.942,144.872,0,0
30.01.2019 01:58:58.436 GMT+0100,144.935,144.879,0,0
30.01.2019 01:58:58.787 GMT+0100,144.935,144.879,0,0
30.01.2019 01:59:15.105 GMT+0100,144.942,144.88,0,0
30.01.2019 01:59:15.516 GMT+0100,144.929,144.865,0,0
30.01.2019 01:59:32.431 GMT+0100,144.937,144.882,0,0
30.01.2019 01:59:32.924 GMT+0100,144.929,144.884,0,0
30.01.2019 01:59:43.319 GMT+0100,144.936,144.872,0,0
30.01.2019 01:59:43.557 GMT+0100,144.931,144.871,0,0
30.01.2019 01:59:47.072 GMT+0100,144.931,144.868,0,0
30.01.2019 01:59:47.805 GMT+0100,144.933,144.87,0,0
30.01.2019 01:59:58.212 GMT+0100,144.941,144.881,0,0
30.01.2019 01:59:58.507 GMT+0100,144.94299999999998,144.86700000000002,0,0
30.01.2019 02:01:14.474 GMT+0100,144.933,144.87,0,0
30.01.2019 02:01:14.812 GMT+0100,144.935,144.883,0,0
30.01.2019 02:01:23.383 GMT+0100,144.93200000000002,144.872,0,0
30.01.2019 02:01:23.919 GMT+0100,144.938,144.868,0,0
30.01.2019 02:01:31.073 GMT+0100,144.933,144.872,0,0
30.01.2019 02:01:31.194 GMT+0100,144.931,144.873,0,0
30.01.2019 02:01:31.350 GMT+0100,144.946,144.88,0,0
30.01.2019 02:01:31.452 GMT+0100,144.934,144.865,0,0
30.01.2019 02:01:31.602 GMT+0100,144.944,144.866,0,0
30.01.2019 02:01:31.786 GMT+0100,144.942,144.901,0,0
30.01.2019 02:01:31.960 GMT+0100,144.937,144.86700000000002,0,0
30.01.2019 02:05:55.433 GMT+0100,144.936,144.88,0,0
30.01.2019 02:05:56.953 GMT+0100,144.937,144.869,0,0
30.01.2019 02:06:13.284 GMT+0100,144.931,144.873,0,0
30.01.2019 02:06:13.620 GMT+0100,144.947,144.877,0,0
30.01.2019 02:06:33.382 GMT+0100,144.944,144.86700000000002,0,0
30.01.2019 02:06:34.418 GMT+0100,144.94,144.872,0,0
30.01.2019 02:06:47.065 GMT+0100,144.928,144.874,0,0
30.01.2019 02:06:47.707 GMT+0100,144.941,144.879,0,0
30.01.2019 02:07:00.106 GMT+0100,144.934,144.881,0,0
30.01.2019 02:07:00.899 GMT+0100,144.946,144.879,0,0
30.01.2019 02:07:09.128 GMT+0100,144.939,144.883,0,0
30.01.2019 02:07:09.550 GMT+0100,144.939,144.878,0,0
30.01.2019 02:07:13.006 GMT+0100,144.93200000000002,144.874,0,0
30.01.2019 02:07:13.730 GMT+0100,144.945,144.885,0,0
30.01.2019 02:09:31.116 GMT+0100,144.928,144.879,0,0
30.01.2019 02:09:31.269 GMT+0100,144.934,144.885,0,0
30.01.2019 02:09:31.372 GMT+0100,144.904,144.88,0,0
30.01.2019 02:09:31.476 GMT+0100,144.937,144.877,0,0
30.01.2019 02:09:31.665 GMT+0100,144.94,144.884,0,0
30.01.2019 02:09:31.792 GMT+0100,144.909,144.874,0,0
30.01.2019 02:09:31.969 GMT+0100,144.906,144.83100000000002,0,0
30.01.2019 02:14:26.791 GMT+0100,144.934,144.879,0,0
30.01.2019 02:14:27.080 GMT+0100,144.945,144.884,0,0
30.01.2019 02:14:27.596 GMT+0100,144.911,144.875,0,0
30.01.2019 02:14:27.703 GMT+0100,144.934,144.872,0,0
30.01.2019 02:14:29.279 GMT+0100,144.937,144.875,0,0
30.01.2019 02:14:29.513 GMT+0100,144.907,144.875,0,0
30.01.2019 02:14:31.010 GMT+0100,144.907,144.876,0,0
30.01.2019 02:14:31.143 GMT+0100,144.905,144.85,0,0
30.01.2019 02:14:31.155 GMT+0100,144.89700000000002,144.846,0,0
30.01.2019 02:14:31.238 GMT+0100,144.914,144.834,0,0
30.01.2019 02:14:31.355 GMT+0100,144.903,144.841,0,0
30.01.2019 02:14:31.413 GMT+0100,144.903,144.875,0,0
30.01.2019 02:14:31.472 GMT+0100,144.942,144.86700000000002,0,0
30.01.2019 02:14:31.579 GMT+0100,144.901,144.877,0,0
30.01.2019 02:14:31.682 GMT+0100,144.92700000000002,144.875,0,0
30.01.2019 02:14:31.743 GMT+0100,144.948,144.883,0,0
30.01.2019 02:14:31.780 GMT+0100,144.907,144.853,0,0
30.01.2019 02:14:31.908 GMT+0100,144.899,144.83700000000002,0,0
30.01.2019 02:14:31.916 GMT+0100,144.905,144.875,0,0
30.01.2019 02:14:34.618 GMT+0100,144.905,144.873,0,0
30.01.2019 02:14:36.433 GMT+0100,144.908,144.873,0,0
30.01.2019 02:14:36.555 GMT+0100,144.903,144.875,0,0
30.01.2019 02:14:38.685 GMT+0100,144.94,144.865,0,0
30.01.2019 02:14:40.036 GMT+0100,144.945,144.873,0,0
30.01.2019 02:14:40.278 GMT+0100,144.936,144.871,0,0
30.01.2019 02:14:40.510 GMT+0100,144.906,144.876,0,0
30.01.2019 02:14:40.679 GMT+0100,144.938,144.865,0,0
30.01.2019 02:14:40.876 GMT+0100,144.937,144.87,0,0
30.01.2019 02:14:41.170 GMT+0100,144.947,144.866,0,0
30.01.2019 02:16:49.012 GMT+0100,144.93,144.87,0,0
30.01.2019 02:16:49.954 GMT+0100,144.941,144.88,0,0
30.01.2019 02:17:23.448 GMT+0100,144.938,144.882,0,0
30.01.2019 02:17:23.861 GMT+0100,144.934,144.881,0,0
30.01.2019 02:18:00.351 GMT+0100,144.931,144.869,0,0
30.01.2019 02:18:00.609 GMT+0100,144.929,144.877,0,0
30.01.2019 02:18:12.307 GMT+0100,144.94,144.877,0,0
30.01.2019 02:18:13.200 GMT+0100,144.936,144.874,0,0
30.01.2019 02:18:14.420 GMT+0100,144.947,144.88,0,0
30.01.2019 02:18:14.647 GMT+0100,144.92700000000002,144.873,0,0
30.01.2019 02:18:23.849 GMT+0100,144.93200000000002,144.882,0,0
30.01.2019 02:20:00.405 GMT+0100,144.929,144.873,0,0
30.01.2019 02:20:00.744 GMT+0100,144.942,144.876,0,0
30.01.2019 02:20:09.165 GMT+0100,144.946,144.878,0,0
30.01.2019 02:20:09.580 GMT+0100,144.94299999999998,144.879,0,0
30.01.2019 02:20:55.295 GMT+0100,144.935,144.87,0,0
30.01.2019 02:20:56.358 GMT+0100,144.935,144.875,0,0
30.01.2019 02:21:02.187 GMT+0100,144.972,144.89700000000002,0,0
30.01.2019 02:21:02.455 GMT+0100,144.942,144.90200000000002,0,0
30.01.2019 02:21:02.726 GMT+0100,144.948,144.878,0,0
30.01.2019 02:21:02.797 GMT+0100,144.929,144.882,0,0
30.01.2019 02:21:15.072 GMT+0100,144.96,144.915,0,0
30.01.2019 02:21:15.709 GMT+0100,144.969,144.90200000000002,0,0
30.01.2019 02:21:55.276 GMT+0100,144.967,144.907,0,0
30.01.2019 02:21:55.698 GMT+0100,144.96,144.912,0,0
30.01.2019 02:22:05.537 GMT+0100,144.966,144.917,0,0
30.01.2019 02:22:06.336 GMT+0100,144.965,144.904,0,0
30.01.2019 02:22:06.993 GMT+0100,144.964,144.908,0,0
30.01.2019 02:22:38.050 GMT+0100,144.976,144.914,0,0
30.01.2019 02:22:38.764 GMT+0100,144.964,144.898,0,0
30.01.2019 02:22:43.450 GMT+0100,144.97,144.903,0,0
30.01.2019 02:22:43.770 GMT+0100,144.958,144.909,0,0
30.01.2019 02:22:55.187 GMT+0100,144.972,144.935,0,0
30.01.2019 02:22:55.545 GMT+0100,144.961,144.916,0,0
30.01.2019 02:23:00.068 GMT+0100,144.966,144.94299999999998,0,0
30.01.2019 02:23:00.132 GMT+0100,145.002,144.935,0,0
30.01.2019 02:23:00.222 GMT+0100,144.996,144.946,0,0
30.01.2019 02:23:00.398 GMT+0100,144.969,144.94299999999998,0,0
30.01.2019 02:23:00.485 GMT+0100,144.969,144.942,0,0
30.01.2019 02:23:00.594 GMT+0100,144.964,144.938,0,0
30.01.2019 02:23:00.707 GMT+0100,144.972,144.94,0,0
30.01.2019 02:23:00.817 GMT+0100,144.969,144.935,0,0
30.01.2019 02:23:00.911 GMT+0100,144.972,144.936,0,0
30.01.2019 02:23:01.951 GMT+0100,144.964,144.93200000000002,0,0
30.01.2019 02:23:02.357 GMT+0100,144.969,144.93200000000002,0,0
30.01.2019 02:23:02.578 GMT+0100,144.968,144.939,0,0
30.01.2019 02:23:04.108 GMT+0100,144.974,144.935,0,0
30.01.2019 02:23:04.326 GMT+0100,144.995,144.93,0,0
30.01.2019 02:23:04.416 GMT+0100,145.006,144.936,0,0
30.01.2019 02:23:04.668 GMT+0100,144.964,144.938,0,0
30.01.2019 02:23:04.925 GMT+0100,144.972,144.936,0,0
30.01.2019 02:23:05.324 GMT+0100,144.996,144.938,0,0
30.01.2019 02:23:08.032 GMT+0100,144.967,144.934,0,0
30.01.2019 02:23:08.416 GMT+0100,144.974,144.936,0,0
30.01.2019 02:23:08.638 GMT+0100,144.971,144.937,0,0
30.01.2019 02:23:08.947 GMT+0100,144.971,144.933,0,0
30.01.2019 02:23:17.180 GMT+0100,144.969,144.914,0,0
30.01.2019 02:23:17.284 GMT+0100,144.96,144.909,0,0
30.01.2019 02:23:17.573 GMT+0100,144.954,144.89200000000002,0,0
30.01.2019 02:23:17.748 GMT+0100,144.722,144.66,0,0
30.01.2019 02:23:17.826 GMT+0100,144.971,144.941,0,0
30.01.2019 02:24:22.123 GMT+0100,145,144.92700000000002,0,0
30.01.2019 02:24:22.314 GMT+0100,144.971,144.93200000000002,0,0
30.01.2019 02:24:22.525 GMT+0100,145.008,144.935,0,0
30.01.2019 02:24:22.633 GMT+0100,144.995,144.931,0,0
30.01.2019 02:24:22.947 GMT+0100,144.975,144.899,0,0
30.01.2019 02:24:50.100 GMT+0100,145.009,144.928,0,0
30.01.2019 02:24:50.553 GMT+0100,145.005,144.938,0,0
30.01.2019 02:25:00.109 GMT+0100,144.991,144.93,0,0
30.01.2019 02:25:00.334 GMT+0100,145.004,144.947,0,0
30.01.2019 02:25:00.482 GMT+0100,145.007,144.93,0,0
30.01.2019 02:25:00.782 GMT+0100,145.006,144.933,0,0
30.01.2019 02:25:00.834 GMT+0100,145.009,144.929,0,0
30.01.2019 02:25:28.119 GMT+0100,144.995,144.934,0,0
30.01.2019 02:25:29.511 GMT+0100,145.004,144.93200000000002,0,0
30.01.2019 02:25:32.076 GMT+0100,144.995,144.934,0,0
30.01.2019 02:25:32.192 GMT+0100,144.976,144.907,0,0
30.01.2019 02:25:32.237 GMT+0100,144.961,144.899,0,0
30.01.2019 02:25:32.375 GMT+0100,144.979,144.90200000000002,0,0
30.01.2019 02:25:32.475 GMT+0100,144.975,144.912,0,0
30.01.2019 02:25:32.531 GMT+0100,144.96200000000002,144.901,0,0
30.01.2019 02:25:32.619 GMT+0100,144.978,144.91299999999998,0,0
30.01.2019 02:25:32.709 GMT+0100,144.971,144.909,0,0
30.01.2019 02:25:32.841 GMT+0100,144.964,144.934,0,0
30.01.2019 02:25:32.950 GMT+0100,144.968,144.94299999999998,0,0
30.01.2019 02:26:19.276 GMT+0100,144.995,144.94,0,0
30.01.2019 02:26:19.708 GMT+0100,144.998,144.94,0,0
30.01.2019 02:26:33.009 GMT+0100,145.005,144.93200000000002,0,0
30.01.2019 02:26:33.963 GMT+0100,144.997,144.93200000000002,0,0
30.01.2019 02:28:24.052 GMT+0100,144.971,144.939,0,0
30.01.2019 02:28:24.200 GMT+0100,145.004,144.931,0,0
30.01.2019 02:28:24.305 GMT+0100,144.97,144.909,0,0
30.01.2019 02:28:24.377 GMT+0100,144.968,144.936,0,0
30.01.2019 02:28:24.532 GMT+0100,144.966,144.904,0,0
30.01.2019 02:28:24.748 GMT+0100,144.965,144.914,0,0
30.01.2019 02:28:24.849 GMT+0100,144.97299999999998,144.916,0,0
30.01.2019 02:28:24.972 GMT+0100,144.964,144.933,0,0
30.01.2019 02:28:34.776 GMT+0100,145.008,144.929,0,0
30.01.2019 02:30:25.029 GMT+0100,144.965,144.904,0,0
30.01.2019 02:30:25.258 GMT+0100,144.969,144.906,0,0
30.01.2019 02:30:25.401 GMT+0100,144.971,144.941,0,0
30.01.2019 02:30:25.534 GMT+0100,144.96200000000002,144.911,0,0
30.01.2019 02:30:25.600 GMT+0100,144.964,144.898,0,0
30.01.2019 02:30:25.819 GMT+0100,144.968,144.91,0,0
30.01.2019 02:30:25.943 GMT+0100,144.97299999999998,144.935,0,0
30.01.2019 02:30:26.270 GMT+0100,144.964,144.938,0,0
30.01.2019 02:30:27.182 GMT+0100,144.968,144.938,0,0
30.01.2019 02:30:27.354 GMT+0100,144.966,144.936,0,0
30.01.2019 02:30:27.815 GMT+0100,144.964,144.938,0,0
30.01.2019 02:30:28.106 GMT+0100,144.968,144.934,0,0
30.01.2019 02:30:28.622 GMT+0100,144.969,144.939,0,0
30.01.2019 02:30:30.871 GMT+0100,145.009,144.941,0,0
30.01.2019 02:30:36.071 GMT+0100,144.965,144.941,0,0
30.01.2019 02:30:36.253 GMT+0100,144.972,144.936,0,0
30.01.2019 02:30:36.476 GMT+0100,144.971,144.939,0,0
30.01.2019 02:30:36.676 GMT+0100,144.972,144.939,0,0
30.01.2019 02:30:36.974 GMT+0100,144.966,144.939,0,0
30.01.2019 02:31:12.419 GMT+0100,145.006,144.93200000000002,0,0
30.01.2019 02:32:37.118 GMT+0100,144.965,144.936,0,0
30.01.2019 02:32:37.225 GMT+0100,144.971,144.938,0,0
30.01.2019 02:32:37.564 GMT+0100,144.976,144.91299999999998,0,0
30.01.2019 02:32:37.622 GMT+0100,144.975,144.904,0,0
30.01.2019 02:32:37.901 GMT+0100,144.965,144.942,0,0
30.01.2019 02:32:42.025 GMT+0100,144.969,144.9,0,0
30.01.2019 02:32:47.081 GMT+0100,144.967,144.94299999999998,0,0
30.01.2019 02:32:47.461 GMT+0100,144.999,144.935,0,0
30.01.2019 02:32:47.655 GMT+0100,144.99,144.929,0,0
30.01.2019 02:32:47.847 GMT+0100,144.968,144.939,0,0
30.01.2019 02:32:48.135 GMT+0100,144.965,144.934,0,0
30.01.2019 02:32:48.507 GMT+0100,144.977,144.909,0,0
30.01.2019 02:32:48.877 GMT+0100,144.968,144.912,0,0
30.01.2019 02:32:49.408 GMT+0100,144.97299999999998,144.942,0,0
30.01.2019 02:32:49.851 GMT+0100,144.964,144.942,0,0
30.01.2019 02:32:50.543 GMT+0100,144.972,144.934,0,0
30.01.2019 02:33:08.190 GMT+0100,144.972,144.908,0,0
30.01.2019 02:33:08.660 GMT+0100,144.966,144.909,0,0
30.01.2019 02:33:08.833 GMT+0100,144.965,144.916,0,0
30.01.2019 02:34:00.119 GMT+0100,144.97,144.936,0,0
30.01.2019 02:34:00.325 GMT+0100,144.995,144.939,0,0
30.01.2019 02:34:00.368 GMT+0100,145.002,144.93200000000002,0,0
30.01.2019 02:34:00.591 GMT+0100,144.964,144.901,0,0
30.01.2019 02:34:00.718 GMT+0100,144.97299999999998,144.937,0,0
30.01.2019 02:34:00.915 GMT+0100,144.967,144.89700000000002,0,0
30.01.2019 02:34:01.801 GMT+0100,144.97299999999998,144.938,0,0
30.01.2019 02:34:03.042 GMT+0100,144.963,144.89700000000002,0,0
30.01.2019 02:34:09.193 GMT+0100,144.971,144.93200000000002,0,0
30.01.2019 02:34:09.303 GMT+0100,144.961,144.911,0,0
30.01.2019 02:34:09.654 GMT+0100,144.967,144.938,0,0
30.01.2019 02:34:09.820 GMT+0100,144.979,144.908,0,0
30.01.2019 02:34:10.758 GMT+0100,144.978,144.916,0,0
30.01.2019 02:34:34.408 GMT+0100,144.974,144.89600000000002,0,0
30.01.2019 02:34:34.985 GMT+0100,144.97,144.912,0,0
30.01.2019 02:34:38.432 GMT+0100,144.979,144.907,0,0
30.01.2019 02:34:38.724 GMT+0100,144.978,144.91,0,0
30.01.2019 02:34:52.154 GMT+0100,144.964,144.916,0,0
30.01.2019 02:34:52.701 GMT+0100,144.979,144.90200000000002,0,0
30.01.2019 02:35:07.416 GMT+0100,144.967,144.916,0,0
30.01.2019 02:35:07.759 GMT+0100,144.971,144.9,0,0
30.01.2019 02:35:08.473 GMT+0100,144.971,144.904,0,0
30.01.2019 02:35:08.570 GMT+0100,144.965,144.911,0,0
30.01.2019 02:35:13.093 GMT+0100,144.967,144.912,0,0
30.01.2019 02:35:13.793 GMT+0100,144.96,144.9,0,0
30.01.2019 02:35:28.632 GMT+0100,144.97299999999998,144.936,0,0
30.01.2019 02:35:29.073 GMT+0100,144.971,144.941,0,0
30.01.2019 02:35:29.229 GMT+0100,144.971,144.89600000000002,0,0
30.01.2019 02:35:29.309 GMT+0100,144.967,144.903,0,0
30.01.2019 02:35:29.463 GMT+0100,144.97,144.938,0,0
30.01.2019 02:35:29.652 GMT+0100,145.009,144.929,0,0
30.01.2019 02:35:29.741 GMT+0100,145.004,144.937,0,0
30.01.2019 02:35:29.880 GMT+0100,144.966,144.939,0,0
30.01.2019 02:35:32.064 GMT+0100,144.97299999999998,144.941,0,0
30.01.2019 02:35:32.380 GMT+0100,144.994,144.93,0,0
30.01.2019 02:35:32.549 GMT+0100,145.01,144.942,0,0
30.01.2019 02:35:32.905 GMT+0100,144.966,144.937,0,0
30.01.2019 02:35:33.022 GMT+0100,144.969,144.936,0,0
30.01.2019 02:35:33.273 GMT+0100,144.965,144.89600000000002,0,0
30.01.2019 02:35:33.693 GMT+0100,144.96200000000002,144.912,0,0
30.01.2019 02:35:33.908 GMT+0100,144.978,144.904,0,0
30.01.2019 02:35:37.223 GMT+0100,144.97299999999998,144.938,0,0
30.01.2019 02:35:37.436 GMT+0100,144.979,144.9,0,0
30.01.2019 02:35:37.962 GMT+0100,144.979,144.906,0,0
30.01.2019 02:35:58.193 GMT+0100,145.002,144.93,0,0
30.01.2019 02:36:15.091 GMT+0100,144.97,144.937,0,0
30.01.2019 02:36:15.135 GMT+0100,145.009,144.931,0,0
30.01.2019 02:36:15.253 GMT+0100,144.99,144.941,0,0
30.01.2019 02:36:15.307 GMT+0100,144.97299999999998,144.916,0,0
30.01.2019 02:36:15.483 GMT+0100,144.965,144.915,0,0
30.01.2019 02:36:15.592 GMT+0100,144.96,144.912,0,0
30.01.2019 02:36:15.665 GMT+0100,144.959,144.904,0,0
30.01.2019 02:36:15.765 GMT+0100,144.967,144.94,0,0
30.01.2019 02:36:15.814 GMT+0100,144.966,144.942,0,0
30.01.2019 02:36:15.908 GMT+0100,144.972,144.937,0,0
30.01.2019 02:36:18.106 GMT+0100,144.968,144.937,0,0
30.01.2019 02:36:25.824 GMT+0100,144.964,144.906,0,0
30.01.2019 02:36:33.371 GMT+0100,144.961,144.901,0,0
30.01.2019 02:36:33.755 GMT+0100,144.971,144.898,0,0
30.01.2019 02:36:59.218 GMT+0100,144.97299999999998,144.904,0,0
30.01.2019 02:36:59.969 GMT+0100,144.978,144.912,0,0
30.01.2019 02:37:06.688 GMT+0100,144.971,144.898,0,0
30.01.2019 02:37:07.436 GMT+0100,144.963,144.9,0,0
30.01.2019 02:38:21.290 GMT+0100,144.965,144.907,0,0
30.01.2019 02:38:21.913 GMT+0100,144.96200000000002,144.911,0,0
30.01.2019 02:39:28.329 GMT+0100,144.979,144.903,0,0
30.01.2019 02:39:28.743 GMT+0100,144.979,144.909,0,0
30.01.2019 02:40:36.327 GMT+0100,144.97,144.916,0,0
30.01.2019 02:40:36.922 GMT+0100,144.97,144.91,0,0
30.01.2019 02:42:00.037 GMT+0100,144.969,144.898,0,0
30.01.2019 02:42:00.568 GMT+0100,144.963,144.908,0,0
30.01.2019 02:42:22.056 GMT+0100,144.968,144.908,0,0
30.01.2019 02:42:22.995 GMT+0100,144.978,144.916,0,0
30.01.2019 02:42:38.292 GMT+0100,144.977,144.899,0,0
30.01.2019 02:42:38.751 GMT+0100,144.968,144.906,0,0
30.01.2019 02:42:55.329 GMT+0100,144.963,144.901,0,0
30.01.2019 02:42:56.968 GMT+0100,144.979,144.89600000000002,0,0
30.01.2019 02:43:05.049 GMT+0100,144.967,144.911,0,0
30.01.2019 02:43:05.746 GMT+0100,144.965,144.904,0,0
30.01.2019 02:43:32.336 GMT+0100,144.969,144.899,0,0
30.01.2019 02:43:32.746 GMT+0100,144.96,144.89600000000002,0,0
30.01.2019 02:44:33.150 GMT+0100,144.968,144.908,0,0
30.01.2019 02:44:33.898 GMT+0100,144.972,144.905,0,0
30.01.2019 02:44:52.365 GMT+0100,144.971,144.904,0,0
30.01.2019 02:44:52.869 GMT+0100,144.976,144.899,0,0
30.01.2019 02:46:19.009 GMT+0100,144.966,144.904,0,0
30.01.2019 02:46:19.097 GMT+0100,144.97,144.899,0,0
30.01.2019 02:46:19.198 GMT+0100,144.947,144.882,0,0
30.01.2019 02:46:19.268 GMT+0100,144.928,144.873,0,0
30.01.2019 02:46:19.386 GMT+0100,144.94,144.87,0,0
30.01.2019 02:46:19.480 GMT+0100,144.935,144.91,0,0
30.01.2019 02:46:19.542 GMT+0100,144.936,144.909,0,0
30.01.2019 02:46:19.586 GMT+0100,144.936,144.909,0,0
30.01.2019 02:46:19.708 GMT+0100,144.941,144.905,0,0
30.01.2019 02:46:19.751 GMT+0100,144.976,144.904,0,0
30.01.2019 02:46:19.837 GMT+0100,144.961,144.915,0,0
30.01.2019 02:46:19.951 GMT+0100,144.938,144.909,0,0
30.01.2019 02:46:48.137 GMT+0100,144.94,144.909,0,0
30.01.2019 02:46:48.621 GMT+0100,144.928,144.875,0,0
30.01.2019 02:46:48.936 GMT+0100,144.934,144.90200000000002,0,0
30.01.2019 02:46:50.935 GMT+0100,144.964,144.898,0,0
30.01.2019 02:47:16.284 GMT+0100,144.935,144.91,0,0
30.01.2019 02:47:19.279 GMT+0100,144.964,144.912,0,0
30.01.2019 02:49:44.027 GMT+0100,144.978,144.903,0,0
30.01.2019 02:49:44.632 GMT+0100,144.963,144.91,0,0
30.01.2019 02:49:46.468 GMT+0100,144.963,144.909,0,0
30.01.2019 02:49:46.729 GMT+0100,144.978,144.912,0,0
30.01.2019 02:51:39.053 GMT+0100,144.929,144.86700000000002,0,0
30.01.2019 02:51:39.586 GMT+0100,144.93,144.875,0,0
30.01.2019 02:51:39.987 GMT+0100,144.934,144.911,0,0
30.01.2019 02:51:41.027 GMT+0100,144.977,144.91,0,0
30.01.2019 02:51:41.274 GMT+0100,144.975,144.915,0,0
30.01.2019 02:51:41.421 GMT+0100,144.967,144.903,0,0
30.01.2019 02:51:41.588 GMT+0100,144.96200000000002,144.912,0,0
30.01.2019 02:51:41.758 GMT+0100,144.929,144.86700000000002,0,0
30.01.2019 02:51:41.951 GMT+0100,144.938,144.882,0,0
30.01.2019 02:51:45.317 GMT+0100,144.97299999999998,144.906,0,0
30.01.2019 02:51:45.624 GMT+0100,144.94,144.90200000000002,0,0
30.01.2019 02:52:22.511 GMT+0100,144.942,144.907,0,0
30.01.2019 02:52:23.306 GMT+0100,144.941,144.905,0,0
30.01.2019 02:52:23.408 GMT+0100,144.947,144.868,0,0
30.01.2019 02:52:23.694 GMT+0100,144.937,144.885,0,0
30.01.2019 02:52:24.951 GMT+0100,144.944,144.877,0,0
30.01.2019 02:52:46.195 GMT+0100,144.931,144.885,0,0
30.01.2019 02:52:46.307 GMT+0100,144.928,144.873,0,0
30.01.2019 02:52:46.718 GMT+0100,144.939,144.873,0,0
30.01.2019 02:52:46.859 GMT+0100,144.94,144.866,0,0
30.01.2019 02:54:19.086 GMT+0100,144.928,144.86700000000002,0,0
30.01.2019 02:54:19.957 GMT+0100,144.93200000000002,144.885,0,0
30.01.2019 02:55:00.189 GMT+0100,144.942,144.879,0,0
30.01.2019 02:55:00.828 GMT+0100,144.94299999999998,144.86700000000002,0,0
30.01.2019 02:56:11.192 GMT+0100,144.944,144.885,0,0
30.01.2019 02:56:11.875 GMT+0100,144.946,144.879,0,0
30.01.2019 02:56:12.229 GMT+0100,144.942,144.87,0,0
30.01.2019 02:56:13.024 GMT+0100,144.935,144.883,0,0
30.01.2019 02:56:13.343 GMT+0100,144.933,144.874,0,0
30.01.2019 02:56:13.970 GMT+0100,144.946,144.87,0,0
30.01.2019 02:56:35.286 GMT+0100,144.939,144.881,0,0
30.01.2019 02:56:35.799 GMT+0100,144.928,144.874,0,0
30.01.2019 02:57:08.015 GMT+0100,144.938,144.877,0,0
30.01.2019 02:57:08.207 GMT+0100,144.929,144.881,0,0
30.01.2019 02:57:08.328 GMT+0100,144.947,144.883,0,0
30.01.2019 02:57:08.362 GMT+0100,144.929,144.86700000000002,0,0
30.01.2019 02:57:08.540 GMT+0100,144.901,144.872,0,0
30.01.2019 02:57:08.663 GMT+0100,144.906,144.876,0,0
30.01.2019 02:57:08.725 GMT+0100,144.903,144.872,0,0
30.01.2019 02:57:08.866 GMT+0100,144.931,144.875,0,0
30.01.2019 02:57:08.907 GMT+0100,144.939,144.883,0,0
30.01.2019 02:57:20.367 GMT+0100,144.947,144.875,0,0
30.01.2019 02:57:20.566 GMT+0100,144.93200000000002,144.873,0,0
30.01.2019 02:57:29.442 GMT+0100,144.948,144.874,0,0
30.01.2019 02:57:29.759 GMT+0100,144.934,144.866,0,0
30.01.2019 02:57:31.077 GMT+0100,144.944,144.875,0,0
30.01.2019 02:57:31.690 GMT+0100,144.937,144.873,0,0
30.01.2019 02:57:38.103 GMT+0100,144.936,144.871,0,0
30.01.2019 02:57:38.671 GMT+0100,144.92700000000002,144.872,0,0
30.01.2019 02:57:44.488 GMT+0100,144.945,144.871,0,0
30.01.2019 02:57:44.848 GMT+0100,144.938,144.873,0,0
30.01.2019 02:57:47.494 GMT+0100,144.931,144.87,0,0
30.01.2019 02:57:47.680 GMT+0100,144.941,144.876,0,0
30.01.2019 02:57:48.046 GMT+0100,144.93200000000002,144.868,0,0
30.01.2019 02:57:48.860 GMT+0100,144.93200000000002,144.868,0,0
30.01.2019 02:57:59.487 GMT+0100,144.93200000000002,144.881,0,0
30.01.2019 02:57:59.848 GMT+0100,144.941,144.884,0,0
30.01.2019 02:58:00.283 GMT+0100,144.938,144.872,0,0
30.01.2019 02:58:00.534 GMT+0100,144.94299999999998,144.872,0,0
30.01.2019 02:58:59.328 GMT+0100,144.93200000000002,144.877,0,0
30.01.2019 02:58:59.695 GMT+0100,144.934,144.874,0,0
30.01.2019 02:59:08.124 GMT+0100,144.94,144.87,0,0
30.01.2019 02:59:08.987 GMT+0100,144.948,144.87,0,0
30.01.2019 02:59:25.047 GMT+0100,144.906,144.874,0,0
30.01.2019 02:59:25.261 GMT+0100,144.911,144.836,0,0
30.01.2019 02:59:25.425 GMT+0100,144.909,144.83700000000002,0,0
30.01.2019 02:59:25.521 GMT+0100,144.89700000000002,144.84799999999998,0,0
30.01.2019 02:59:25.649 GMT+0100,144.903,144.847,0,0
30.01.2019 02:59:25.795 GMT+0100,144.907,144.874,0,0
30.01.2019 02:59:25.972 GMT+0100,144.91,144.874,0,0
30.01.2019 02:59:27.494 GMT+0100,144.911,144.835,0,0
30.01.2019 02:59:28.064 GMT+0100,144.91,144.871,0,0
30.01.2019 02:59:28.259 GMT+0100,144.90200000000002,144.876,0,0
30.01.2019 02:59:28.384 GMT+0100,144.935,144.877,0,0
30.01.2019 02:59:28.598 GMT+0100,144.908,144.872,0,0
30.01.2019 02:59:28.740 GMT+0100,144.899,144.834,0,0
30.01.2019 02:59:28.858 GMT+0100,144.909,144.853,0,0
30.01.2019 02:59:30.963 GMT+0100,144.901,144.845,0,0
30.01.2019 02:59:31.110 GMT+0100,144.911,144.874,0,0
30.01.2019 02:59:31.214 GMT+0100,144.91,144.88,0,0
30.01.2019 02:59:31.275 GMT+0100,144.934,144.865,0,0
30.01.2019 02:59:31.404 GMT+0100,144.944,144.885,0,0
30.01.2019 02:59:31.576 GMT+0100,144.904,144.854,0,0
30.01.2019 02:59:31.632 GMT+0100,144.899,144.835,0,0
30.01.2019 02:59:31.763 GMT+0100,144.911,144.873,0,0
30.01.2019 02:59:31.953 GMT+0100,144.915,144.83700000000002,0,0
30.01.2019 02:59:35.708 GMT+0100,144.909,144.838,0,0
30.01.2019 02:59:46.354 GMT+0100,144.901,144.835,0,0
30.01.2019 02:59:46.859 GMT+0100,144.917,144.85,0,0
30.01.2019 02:59:50.045 GMT+0100,144.916,144.845,0,0
30.01.2019 02:59:50.989 GMT+0100,144.911,144.843,0,0
30.01.2019 02:59:58.177 GMT+0100,144.899,144.852,0,0
30.01.2019 02:59:58.695 GMT+0100,144.916,144.849,0,0
30.01.2019 03:00:00.085 GMT+0100,144.901,144.85,0,0
30.01.2019 03:00:00.851 GMT+0100,144.907,144.852,0,0
30.01.2019 03:00:20.051 GMT+0100,144.911,144.844,0,0
30.01.2019 03:00:20.533 GMT+0100,144.898,144.842,0,0
30.01.2019 03:00:46.141 GMT+0100,144.93,144.878,0,0
30.01.2019 03:00:46.900 GMT+0100,144.906,144.843,0,0
30.01.2019 03:00:50.247 GMT+0100,144.905,144.871,0,0
30.01.2019 03:00:50.306 GMT+0100,144.912,144.844,0,0
30.01.2019 03:00:50.524 GMT+0100,144.911,144.841,0,0
30.01.2019 03:00:50.841 GMT+0100,144.911,144.878,0,0
30.01.2019 03:01:08.057 GMT+0100,144.909,144.875,0,0
30.01.2019 03:01:08.291 GMT+0100,144.944,144.878,0,0
30.01.2019 03:01:08.682 GMT+0100,144.93200000000002,144.871,0,0
30.01.2019 03:01:08.928 GMT+0100,144.907,144.875,0,0
30.01.2019 03:01:16.967 GMT+0100,144.948,144.872,0,0
30.01.2019 03:01:18.038 GMT+0100,144.908,144.876,0,0
30.01.2019 03:01:18.121 GMT+0100,144.915,144.851,0,0
30.01.2019 03:01:18.254 GMT+0100,144.89600000000002,144.851,0,0
30.01.2019 03:01:18.350 GMT+0100,144.915,144.845,0,0
30.01.2019 03:01:18.473 GMT+0100,144.904,144.838,0,0
30.01.2019 03:01:18.639 GMT+0100,144.909,144.872,0,0
30.01.2019 03:01:18.683 GMT+0100,144.94,144.871,0,0
30.01.2019 03:01:18.843 GMT+0100,144.94299999999998,144.879,0,0
30.01.2019 03:01:18.995 GMT+0100,144.907,144.872,0,0
30.01.2019 03:01:29.622 GMT+0100,144.90200000000002,144.872,0,0
30.01.2019 03:01:30.085 GMT+0100,144.90200000000002,144.843,0,0
30.01.2019 03:01:30.808 GMT+0100,144.89700000000002,144.847,0,0
30.01.2019 03:01:31.001 GMT+0100,144.907,144.875,0,0
30.01.2019 03:01:34.240 GMT+0100,144.909,144.88,0,0
30.01.2019 03:01:59.265 GMT+0100,144.929,144.865,0,0
30.01.2019 03:03:03.080 GMT+0100,144.928,144.881,0,0
30.01.2019 03:03:03.992 GMT+0100,144.946,144.871,0,0
30.01.2019 03:03:22.029 GMT+0100,144.945,144.879,0,0
30.01.2019 03:03:22.521 GMT+0100,144.942,144.868,0,0
30.01.2019 03:05:32.179 GMT+0100,144.904,144.841,0,0
30.01.2019 03:05:32.336 GMT+0100,144.915,144.85,0,0
30.01.2019 03:05:32.404 GMT+0100,144.909,144.842,0,0
30.01.2019 03:05:32.777 GMT+0100,144.912,144.841,0,0
30.01.2019 03:05:32.987 GMT+0100,144.907,144.872,0,0
30.01.2019 03:05:39.244 GMT+0100,144.929,144.875,0,0
30.01.2019 03:05:39.634 GMT+0100,144.93200000000002,144.865,0,0
30.01.2019 03:05:39.778 GMT+0100,144.906,144.876,0,0
30.01.2019 03:05:40.806 GMT+0100,144.904,144.87,0,0
30.01.2019 03:05:53.430 GMT+0100,144.906,144.874,0,0
30.01.2019 03:05:55.252 GMT+0100,144.909,144.877,0,0
30.01.2019 03:05:55.513 GMT+0100,144.90200000000002,144.875,0,0
30.01.2019 03:06:03.021 GMT+0100,144.909,144.88,0,0
30.01.2019 03:06:03.803 GMT+0100,144.909,144.877,0,0
30.01.2019 03:06:11.031 GMT+0100,144.908,144.872,0,0
30.01.2019 03:06:11.140 GMT+0100,144.903,144.871,0,0
30.01.2019 03:06:11.250 GMT+0100,144.90200000000002,144.871,0,0
30.01.2019 03:06:11.421 GMT+0100,144.937,144.866,0,0
30.01.2019 03:06:11.473 GMT+0100,144.931,144.87,0,0
30.01.2019 03:06:11.620 GMT+0100,144.90200000000002,144.876,0,0
30.01.2019 03:06:11.666 GMT+0100,144.945,144.868,0,0
30.01.2019 03:06:11.807 GMT+0100,144.935,144.872,0,0
30.01.2019 03:06:11.981 GMT+0100,144.905,144.876,0,0
30.01.2019 03:06:14.133 GMT+0100,144.905,144.874,0,0
30.01.2019 03:06:19.238 GMT+0100,144.908,144.876,0,0
30.01.2019 03:06:19.567 GMT+0100,144.909,144.873,0,0
30.01.2019 03:06:35.245 GMT+0100,144.903,144.877,0,0
30.01.2019 03:06:35.494 GMT+0100,144.94299999999998,144.86700000000002,0,0
30.01.2019 03:06:35.722 GMT+0100,144.937,144.883,0,0
30.01.2019 03:06:35.900 GMT+0100,144.909,144.87,0,0
30.01.2019 03:06:37.514 GMT+0100,144.908,144.879,0,0
30.01.2019 03:06:38.087 GMT+0100,144.906,144.879,0,0
30.01.2019 03:06:38.451 GMT+0100,144.904,144.878,0,0
30.01.2019 03:06:38.615 GMT+0100,144.911,144.873,0,0
30.01.2019 03:06:38.954 GMT+0100,144.90200000000002,144.873,0,0
30.01.2019 03:06:42.467 GMT+0100,144.908,144.871,0,0
30.01.2019 03:06:44.311 GMT+0100,144.905,144.873,0,0
30.01.2019 03:07:00.017 GMT+0100,144.935,144.874,0,0
30.01.2019 03:07:00.562 GMT+0100,144.928,144.873,0,0
30.01.2019 03:07:00.944 GMT+0100,144.907,144.875,0,0
30.01.2019 03:07:27.077 GMT+0100,144.935,144.878,0,0
30.01.2019 03:07:27.381 GMT+0100,144.944,144.882,0,0
30.01.2019 03:07:27.528 GMT+0100,144.911,144.87,0,0
30.01.2019 03:07:27.665 GMT+0100,144.915,144.834,0,0
30.01.2019 03:07:27.837 GMT+0100,144.908,144.876,0,0
30.01.2019 03:08:27.001 GMT+0100,144.909,144.874,0,0
30.01.2019 03:08:27.452 GMT+0100,144.9,144.838,0,0
30.01.2019 03:08:27.735 GMT+0100,144.91,144.851,0,0
30.01.2019 03:08:27.992 GMT+0100,144.905,144.874,0,0
30.01.2019 03:08:44.422 GMT+0100,144.901,144.87,0,0
30.01.2019 03:08:44.758 GMT+0100,144.909,144.843,0,0
30.01.2019 03:08:51.741 GMT+0100,144.914,144.834,0,0
30.01.2019 03:09:07.184 GMT+0100,144.906,144.871,0,0
30.01.2019 03:09:07.437 GMT+0100,144.911,144.877,0,0
30.01.2019 03:09:07.622 GMT+0100,144.911,144.877,0,0
30.01.2019 03:09:07.894 GMT+0100,144.909,144.844,0,0
30.01.2019 03:09:08.455 GMT+0100,144.901,144.878,0,0
30.01.2019 03:09:08.879 GMT+0100,144.905,144.871,0,0
30.01.2019 03:09:09.281 GMT+0100,144.911,144.87,0,0
30.01.2019 03:09:09.905 GMT+0100,144.903,144.872,0,0
30.01.2019 03:09:20.432 GMT+0100,144.911,144.851,0,0
30.01.2019 03:10:25.251 GMT+0100,144.903,144.836,0,0
30.01.2019 03:10:25.881 GMT+0100,144.909,144.84799999999998,0,0
30.01.2019 03:10:33.400 GMT+0100,144.907,144.852,0,0
30.01.2019 03:10:33.737 GMT+0100,144.908,144.846,0,0
30.01.2019 03:12:00.046 GMT+0100,144.91,144.839,0,0
30.01.2019 03:12:00.913 GMT+0100,144.91,144.836,0,0
30.01.2019 03:12:16.262 GMT+0100,144.911,144.844,0,0
30.01.2019 03:12:16.961 GMT+0100,144.91,144.851,0,0
30.01.2019 03:13:45.109 GMT+0100,144.917,144.854,0,0
30.01.2019 03:13:45.750 GMT+0100,144.909,144.83700000000002,0,0
30.01.2019 03:13:48.057 GMT+0100,144.905,144.841,0,0
30.01.2019 03:13:48.284 GMT+0100,144.898,144.846,0,0
30.01.2019 03:13:48.692 GMT+0100,144.906,144.873,0,0
30.01.2019 03:13:48.889 GMT+0100,144.9,144.85,0,0
30.01.2019 03:14:33.104 GMT+0100,144.904,144.834,0,0
30.01.2019 03:14:33.946 GMT+0100,144.915,144.842,0,0
30.01.2019 03:14:56.698 GMT+0100,144.914,144.836,0,0
30.01.2019 03:14:57.203 GMT+0100,144.9,144.844,0,0
30.01.2019 03:17:29.918 GMT+0100,144.908,144.834,0,0
30.01.2019 03:17:30.058 GMT+0100,144.905,144.85,0,0
30.01.2019 03:17:30.732 GMT+0100,144.909,144.84,0,0
30.01.2019 03:18:22.021 GMT+0100,144.911,144.84,0,0
30.01.2019 03:18:22.243 GMT+0100,144.907,144.836,0,0
30.01.2019 03:18:22.341 GMT+0100,144.904,144.876,0,0
30.01.2019 03:18:22.627 GMT+0100,144.93,144.833,0,0
30.01.2019 03:18:22.752 GMT+0100,144.947,144.869,0,0
30.01.2019 03:18:22.830 GMT+0100,144.905,144.845,0,0
30.01.2019 03:18:23.330 GMT+0100,144.905,144.84,0,0
30.01.2019 03:18:27.416 GMT+0100,144.916,144.83700000000002,0,0
30.01.2019 03:18:27.851 GMT+0100,144.906,144.853,0,0
30.01.2019 03:18:37.472 GMT+0100,144.904,144.851,0,0
30.01.2019 03:18:37.833 GMT+0100,144.901,144.839,0,0
30.01.2019 03:18:44.429 GMT+0100,144.908,144.84,0,0
30.01.2019 03:18:44.640 GMT+0100,144.9,144.852,0,0
30.01.2019 03:19:55.053 GMT+0100,144.941,144.866,0,0
30.01.2019 03:19:55.316 GMT+0100,144.90200000000002,144.874,0,0
30.01.2019 03:19:55.576 GMT+0100,144.93,144.866,0,0
30.01.2019 03:19:55.717 GMT+0100,144.928,144.879,0,0
30.01.2019 03:19:55.842 GMT+0100,144.904,144.877,0,0
30.01.2019 03:20:35.316 GMT+0100,144.935,144.883,0,0
30.01.2019 03:20:35.696 GMT+0100,144.941,144.86700000000002,0,0
30.01.2019 03:20:42.082 GMT+0100,144.901,144.874,0,0
30.01.2019 03:20:42.374 GMT+0100,144.9,144.836,0,0
30.01.2019 03:20:42.746 GMT+0100,144.907,144.872,0,0
30.01.2019 03:21:02.130 GMT+0100,144.903,144.871,0,0
30.01.2019 03:21:02.575 GMT+0100,144.904,144.835,0,0
30.01.2019 03:21:02.932 GMT+0100,144.89700000000002,144.847,0,0
30.01.2019 03:21:06.370 GMT+0100,144.937,144.873,0,0
30.01.2019 03:21:06.597 GMT+0100,144.908,144.871,0,0
30.01.2019 03:21:07.476 GMT+0100,144.937,144.877,0,0
30.01.2019 03:21:07.534 GMT+0100,144.944,144.883,0,0
30.01.2019 03:22:02.486 GMT+0100,144.908,144.872,0,0
30.01.2019 03:22:02.719 GMT+0100,144.905,144.875,0,0
30.01.2019 03:22:24.234 GMT+0100,144.908,144.872,0,0
30.01.2019 03:22:24.633 GMT+0100,144.90200000000002,144.874,0,0
30.01.2019 03:22:51.152 GMT+0100,144.90200000000002,144.877,0,0
30.01.2019 03:22:51.180 GMT+0100,144.929,144.881,0,0
30.01.2019 03:22:51.436 GMT+0100,144.911,144.877,0,0
30.01.2019 03:22:51.651 GMT+0100,144.93200000000002,144.881,0,0
30.01.2019 03:22:51.730 GMT+0100,144.936,144.868,0,0
30.01.2019 03:22:51.912 GMT+0100,144.90200000000002,144.871,0,0
30.01.2019 03:24:58.064 GMT+0100,144.907,144.874,0,0
30.01.2019 03:24:58.194 GMT+0100,144.89700000000002,144.838,0,0
30.01.2019 03:24:58.312 GMT+0100,144.905,144.845,0,0
30.01.2019 03:24:58.492 GMT+0100,144.908,144.879,0,0
30.01.2019 03:24:58.592 GMT+0100,144.909,144.84799999999998,0,0
30.01.2019 03:24:58.712 GMT+0100,144.89600000000002,144.836,0,0
30.01.2019 03:24:58.918 GMT+0100,144.915,144.836,0,0
30.01.2019 03:25:04.911 GMT+0100,144.947,144.874,0,0
30.01.2019 03:27:09.073 GMT+0100,144.908,144.871,0,0
30.01.2019 03:27:09.383 GMT+0100,144.899,144.836,0,0
30.01.2019 03:27:09.636 GMT+0100,144.915,144.835,0,0
30.01.2019 03:27:09.910 GMT+0100,144.90200000000002,144.872,0,0
30.01.2019 03:27:11.975 GMT+0100,144.91,144.845,0,0
30.01.2019 03:27:17.127 GMT+0100,144.916,144.834,0,0
30.01.2019 03:27:17.549 GMT+0100,144.89600000000002,144.846,0,0
30.01.2019 03:28:55.004 GMT+0100,144.911,144.878,0,0
30.01.2019 03:28:55.327 GMT+0100,144.903,144.871,0,0
30.01.2019 03:28:55.432 GMT+0100,144.946,144.875,0,0
30.01.2019 03:28:55.623 GMT+0100,144.938,144.869,0,0
30.01.2019 03:28:55.934 GMT+0100,144.90200000000002,144.87,0,0
30.01.2019 03:29:03.933 GMT+0100,144.914,144.847,0,0
30.01.2019 03:29:35.085 GMT+0100,144.91,144.872,0,0
30.01.2019 03:29:35.643 GMT+0100,144.915,144.84799999999998,0,0
30.01.2019 03:29:41.814 GMT+0100,144.904,144.853,0,0
30.01.2019 03:29:45.598 GMT+0100,144.906,144.878,0,0
30.01.2019 03:29:52.916 GMT+0100,144.906,144.843,0,0
30.01.2019 03:30:47.182 GMT+0100,144.91299999999998,144.849,0,0
30.01.2019 03:30:47.570 GMT+0100,144.906,144.844,0,0
30.01.2019 03:31:11.373 GMT+0100,144.911,144.853,0,0
30.01.2019 03:31:49.149 GMT+0100,144.912,144.853,0,0
30.01.2019 03:31:49.282 GMT+0100,144.911,144.836,0,0
30.01.2019 03:31:49.517 GMT+0100,145.014,144.952,0,0
30.01.2019 03:31:49.652 GMT+0100,144.94299999999998,144.864,0,0
30.01.2019 03:31:49.873 GMT+0100,144.864,144.836,0,0
30.01.2019 03:31:58.039 GMT+0100,144.915,144.844,0,0
30.01.2019 03:31:58.677 GMT+0100,144.908,144.847,0,0
30.01.2019 03:34:46.277 GMT+0100,144.947,144.873,0,0
30.01.2019 03:34:46.652 GMT+0100,144.93200000000002,144.866,0,0
30.01.2019 03:34:46.849 GMT+0100,144.904,144.844,0,0
30.01.2019 03:38:11.441 GMT+0100,144.945,144.874,0,0
30.01.2019 03:38:11.741 GMT+0100,144.937,144.874,0,0
30.01.2019 03:40:00.206 GMT+0100,144.933,144.86700000000002,0,0
30.01.2019 03:40:00.984 GMT+0100,144.929,144.86700000000002,0,0
30.01.2019 03:40:29.602 GMT+0100,144.931,144.866,0,0
30.01.2019 03:40:30.624 GMT+0100,144.931,144.868,0,0
30.01.2019 03:43:00.257 GMT+0100,144.935,144.877,0,0
30.01.2019 03:43:00.976 GMT+0100,144.947,144.883,0,0
30.01.2019 03:43:16.134 GMT+0100,144.929,144.875,0,0
30.01.2019 03:43:16.524 GMT+0100,144.937,144.872,0,0
30.01.2019 03:46:00.012 GMT+0100,144.931,144.884,0,0
30.01.2019 03:46:00.914 GMT+0100,144.944,144.869,0,0
30.01.2019 03:48:00.456 GMT+0100,144.928,144.87,0,0
30.01.2019 03:48:00.699 GMT+0100,144.946,144.878,0,0
30.01.2019 03:48:59.456 GMT+0100,144.928,144.868,0,0
30.01.2019 03:48:59.790 GMT+0100,144.938,144.877,0,0
30.01.2019 03:51:41.185 GMT+0100,144.905,144.876,0,0
30.01.2019 03:51:41.453 GMT+0100,144.901,144.84799999999998,0,0
30.01.2019 03:51:41.725 GMT+0100,144.908,144.838,0,0
30.01.2019 03:51:41.841 GMT+0100,144.9,144.836,0,0
30.01.2019 03:51:43.363 GMT+0100,144.904,144.87,0,0
30.01.2019 03:51:43.516 GMT+0100,144.908,144.872,0,0
30.01.2019 03:51:48.006 GMT+0100,144.904,144.87,0,0
30.01.2019 03:51:48.427 GMT+0100,144.904,144.876,0,0
30.01.2019 03:51:48.716 GMT+0100,144.935,144.874,0,0
30.01.2019 03:51:48.972 GMT+0100,144.908,144.879,0,0
30.01.2019 03:52:09.386 GMT+0100,144.93,144.885,0,0
30.01.2019 03:52:09.881 GMT+0100,144.91,144.87,0,0
30.01.2019 03:56:11.273 GMT+0100,144.939,144.878,0,0
30.01.2019 03:56:11.892 GMT+0100,144.929,144.868,0,0
30.01.2019 03:56:23.049 GMT+0100,144.939,144.866,0,0
30.01.2019 03:56:23.665 GMT+0100,144.94,144.872,0,0
30.01.2019 03:57:16.341 GMT+0100,144.944,144.88,0,0
30.01.2019 03:57:16.536 GMT+0100,144.935,144.865,0,0
30.01.2019 03:57:26.151 GMT+0100,144.948,144.874,0,0
30.01.2019 03:57:26.345 GMT+0100,144.935,144.86700000000002,0,0
30.01.2019 03:57:26.595 GMT+0100,144.947,144.871,0,0
30.01.2019 03:57:26.982 GMT+0100,144.92700000000002,144.868,0,0
30.01.2019 03:58:12.349 GMT+0100,144.941,144.877,0,0
30.01.2019 03:58:12.894 GMT+0100,144.936,144.884,0,0
30.01.2019 03:59:21.205 GMT+0100,144.967,144.899,0,0
30.01.2019 03:59:21.443 GMT+0100,144.941,144.911,0,0
30.01.2019 03:59:21.542 GMT+0100,144.93200000000002,144.903,0,0
30.01.2019 03:59:21.852 GMT+0100,144.934,144.866,0,0
30.01.2019 03:59:22.130 GMT+0100,144.937,144.865,0,0
30.01.2019 03:59:22.209 GMT+0100,144.938,144.907,0,0
30.01.2019 03:59:22.397 GMT+0100,144.961,144.905,0,0
30.01.2019 03:59:22.555 GMT+0100,144.979,144.915,0,0
30.01.2019 03:59:22.766 GMT+0100,144.937,144.903,0,0
30.01.2019 03:59:22.890 GMT+0100,144.96,144.909,0,0
30.01.2019 03:59:29.175 GMT+0100,144.941,144.908,0,0
30.01.2019 03:59:29.551 GMT+0100,144.945,144.881,0,0
30.01.2019 03:59:31.277 GMT+0100,144.941,144.91,0,0
30.01.2019 03:59:31.812 GMT+0100,144.942,144.903,0,0
30.01.2019 03:59:33.652 GMT+0100,144.933,144.873,0,0
30.01.2019 03:59:41.493 GMT+0100,144.934,144.908,0,0
30.01.2019 03:59:41.578 GMT+0100,144.94,144.879,0,0
30.01.2019 03:59:47.355 GMT+0100,144.935,144.904,0,0
30.01.2019 03:59:47.974 GMT+0100,144.939,144.909,0,0
30.01.2019 03:59:51.068 GMT+0100,144.936,144.908,0,0
30.01.2019 03:59:51.164 GMT+0100,144.94,144.86700000000002,0,0
30.01.2019 03:59:51.275 GMT+0100,144.93,144.866,0,0
30.01.2019 03:59:51.303 GMT+0100,144.96,144.91,0,0
30.01.2019 03:59:51.480 GMT+0100,144.96200000000002,144.909,0,0
30.01.2019 03:59:51.511 GMT+0100,144.959,144.911,0,0
30.01.2019 03:59:51.619 GMT+0100,144.964,144.903,0,0
30.01.2019 03:59:51.733 GMT+0100,144.941,144.901,0,0
30.01.2019 03:59:51.846 GMT+0100,144.938,144.903,0,0
30.01.2019 03:59:51.926 GMT+0100,144.937,144.90200000000002,0,0
30.01.2019 04:00:00.090 GMT+0100,144.938,144.905,0,0
30.01.2019 04:00:00.245 GMT+0100,144.938,144.876,0,0
30.01.2019 04:00:00.289 GMT+0100,144.942,144.869,0,0
30.01.2019 04:00:00.524 GMT+0100,144.942,144.873,0,0
30.01.2019 04:00:00.579 GMT+0100,144.934,144.903,0,0
30.01.2019 04:00:00.837 GMT+0100,144.934,144.877,0,0
30.01.2019 04:00:00.970 GMT+0100,144.931,144.884,0,0
30.01.2019 04:00:01.802 GMT+0100,144.974,144.898,0,0
30.01.2019 04:00:06.113 GMT+0100,144.959,144.91299999999998,0,0
30.01.2019 04:00:06.259 GMT+0100,144.968,144.906,0,0
30.01.2019 04:00:06.430 GMT+0100,144.959,144.904,0,0
30.01.2019 04:00:06.641 GMT+0100,144.94,144.904,0,0
30.01.2019 04:00:06.688 GMT+0100,144.935,144.905,0,0
30.01.2019 04:00:06.963 GMT+0100,144.939,144.905,0,0
30.01.2019 04:00:11.254 GMT+0100,144.974,144.909,0,0
30.01.2019 04:00:11.888 GMT+0100,144.975,144.911,0,0
30.01.2019 04:00:12.093 GMT+0100,144.965,144.89700000000002,0,0
30.01.2019 04:00:12.884 GMT+0100,144.972,144.915,0,0
30.01.2019 04:00:44.280 GMT+0100,144.933,144.908,0,0
30.01.2019 04:00:47.185 GMT+0100,144.97299999999998,144.911,0,0
30.01.2019 04:00:48.728 GMT+0100,144.937,144.907,0,0
30.01.2019 04:01:33.133 GMT+0100,144.937,144.909,0,0
30.01.2019 04:01:33.315 GMT+0100,144.941,144.911,0,0
30.01.2019 04:01:33.658 GMT+0100,144.934,144.868,0,0
30.01.2019 04:01:33.778 GMT+0100,144.936,144.885,0,0
30.01.2019 04:02:09.922 GMT+0100,144.976,144.898,0,0
30.01.2019 04:03:23.032 GMT+0100,144.939,144.868,0,0
30.01.2019 04:03:23.451 GMT+0100,144.929,144.865,0,0
30.01.2019 04:03:23.736 GMT+0100,144.942,144.88,0,0
30.01.2019 04:03:23.889 GMT+0100,144.935,144.905,0,0
30.01.2019 04:04:50.113 GMT+0100,144.94299999999998,144.875,0,0
30.01.2019 04:04:50.343 GMT+0100,144.93,144.877,0,0
30.01.2019 04:04:50.659 GMT+0100,144.944,144.883,0,0
30.01.2019 04:04:50.878 GMT+0100,144.906,144.872,0,0
30.01.2019 04:05:00.074 GMT+0100,144.911,144.871,0,0
30.01.2019 04:05:00.315 GMT+0100,144.91299999999998,144.845,0,0
30.01.2019 04:05:00.367 GMT+0100,144.914,144.847,0,0
30.01.2019 04:05:00.579 GMT+0100,144.908,144.85,0,0
30.01.2019 04:05:00.795 GMT+0100,144.909,144.878,0,0
30.01.2019 04:05:00.893 GMT+0100,144.91,144.871,0,0
30.01.2019 04:05:37.224 GMT+0100,144.914,144.847,0,0
30.01.2019 04:05:37.389 GMT+0100,144.909,144.872,0,0
30.01.2019 04:05:37.561 GMT+0100,144.903,144.84799999999998,0,0
30.01.2019 04:05:37.785 GMT+0100,144.916,144.854,0,0
30.01.2019 04:05:46.309 GMT+0100,144.944,144.878,0,0
30.01.2019 04:05:46.475 GMT+0100,144.94299999999998,144.875,0,0
30.01.2019 04:05:46.978 GMT+0100,144.907,144.847,0,0
30.01.2019 04:05:55.006 GMT+0100,144.906,144.872,0,0
30.01.2019 04:05:55.451 GMT+0100,144.903,144.84,0,0
30.01.2019 04:05:55.530 GMT+0100,144.899,144.84799999999998,0,0
30.01.2019 04:05:55.885 GMT+0100,144.909,144.871,0,0
30.01.2019 04:06:00.751 GMT+0100,144.903,144.877,0,0
30.01.2019 04:06:09.779 GMT+0100,144.9,144.849,0,0
30.01.2019 04:06:24.209 GMT+0100,144.909,144.875,0,0
30.01.2019 04:06:24.984 GMT+0100,144.91299999999998,144.839,0,0
30.01.2019 04:06:28.214 GMT+0100,144.904,144.877,0,0
30.01.2019 04:06:28.941 GMT+0100,144.911,144.879,0,0
30.01.2019 04:06:29.767 GMT+0100,144.909,144.878,0,0
30.01.2019 04:06:30.227 GMT+0100,144.906,144.873,0,0
30.01.2019 04:06:32.279 GMT+0100,144.905,144.878,0,0
30.01.2019 04:06:32.552 GMT+0100,144.909,144.87,0,0
30.01.2019 04:06:33.270 GMT+0100,144.91,144.879,0,0
30.01.2019 04:06:33.979 GMT+0100,144.911,144.879,0,0
30.01.2019 04:06:36.742 GMT+0100,144.911,144.875,0,0
30.01.2019 04:06:37.457 GMT+0100,144.908,144.873,0,0
30.01.2019 04:06:47.074 GMT+0100,144.912,144.83700000000002,0,0
30.01.2019 04:06:48.059 GMT+0100,144.912,144.838,0,0
30.01.2019 04:06:48.564 GMT+0100,144.911,144.84799999999998,0,0
30.01.2019 04:07:49.038 GMT+0100,144.90200000000002,144.852,0,0
30.01.2019 04:07:49.592 GMT+0100,144.905,144.844,0,0
30.01.2019 04:07:53.465 GMT+0100,144.898,144.844,0,0
30.01.2019 04:07:53.962 GMT+0100,144.908,144.835,0,0
30.01.2019 04:08:17.366 GMT+0100,144.89700000000002,144.844,0,0
30.01.2019 04:08:17.516 GMT+0100,144.905,144.838,0,0
30.01.2019 04:08:26.192 GMT+0100,144.94,144.86700000000002,0,0
30.01.2019 04:08:26.268 GMT+0100,144.944,144.838,0,0
30.01.2019 04:08:26.514 GMT+0100,144.949,144.839,0,0
30.01.2019 04:08:26.702 GMT+0100,144.905,144.88,0,0
30.01.2019 04:08:26.861 GMT+0100,144.903,144.846,0,0
30.01.2019 04:08:44.064 GMT+0100,144.90200000000002,144.88,0,0
30.01.2019 04:08:44.291 GMT+0100,144.903,144.85,0,0
30.01.2019 04:08:44.629 GMT+0100,144.908,144.834,0,0
30.01.2019 04:08:44.791 GMT+0100,144.91,144.872,0,0
30.01.2019 04:09:01.449 GMT+0100,144.904,144.84,0,0
30.01.2019 04:10:29.068 GMT+0100,144.906,144.872,0,0
30.01.2019 04:10:29.174 GMT+0100,144.906,144.878,0,0
30.01.2019 04:10:29.364 GMT+0100,144.92700000000002,144.872,0,0
30.01.2019 04:10:29.426 GMT+0100,144.934,144.885,0,0
30.01.2019 04:10:29.559 GMT+0100,144.91299999999998,144.83700000000002,0,0
30.01.2019 04:10:29.629 GMT+0100,144.89700000000002,144.84799999999998,0,0
30.01.2019 04:10:29.832 GMT+0100,144.903,144.878,0,0
30.01.2019 04:10:29.993 GMT+0100,144.901,144.845,0,0
30.01.2019 04:10:48.138 GMT+0100,144.898,144.841,0,0
30.01.2019 04:10:58.301 GMT+0100,144.912,144.852,0,0
30.01.2019 04:10:58.537 GMT+0100,144.90200000000002,144.845,0,0
30.01.2019 04:12:38.087 GMT+0100,144.907,144.835,0,0
30.01.2019 04:12:38.561 GMT+0100,144.91299999999998,144.845,0,0
30.01.2019 04:12:41.475 GMT+0100,144.911,144.85,0,0
30.01.2019 04:12:41.759 GMT+0100,144.89700000000002,144.849,0,0
30.01.2019 04:12:49.121 GMT+0100,144.898,144.845,0,0
30.01.2019 04:12:49.916 GMT+0100,144.901,144.852,0,0
30.01.2019 04:15:13.101 GMT+0100,144.90200000000002,144.853,0,0
30.01.2019 04:15:13.603 GMT+0100,144.912,144.842,0,0
30.01.2019 04:15:42.211 GMT+0100,144.901,144.844,0,0
30.01.2019 04:15:42.525 GMT+0100,144.901,144.846,0,0
30.01.2019 04:16:12.263 GMT+0100,144.911,144.842,0,0
30.01.2019 04:16:12.920 GMT+0100,144.909,144.83700000000002,0,0
30.01.2019 04:16:15.232 GMT+0100,144.903,144.835,0,0
30.01.2019 04:16:15.994 GMT+0100,144.903,144.83700000000002,0,0
30.01.2019 04:17:34.229 GMT+0100,144.915,144.847,0,0
30.01.2019 04:17:34.917 GMT+0100,144.9,144.852,0,0
30.01.2019 04:18:32.118 GMT+0100,144.898,144.839,0,0
30.01.2019 04:18:32.939 GMT+0100,144.89700000000002,144.853,0,0
30.01.2019 04:18:38.205 GMT+0100,144.903,144.83700000000002,0,0
30.01.2019 04:18:38.817 GMT+0100,144.89700000000002,144.84,0,0
30.01.2019 04:28:45.028 GMT+0100,144.91,144.87,0,0
30.01.2019 04:28:45.266 GMT+0100,144.90200000000002,144.874,0,0
30.01.2019 04:28:45.419 GMT+0100,144.933,144.865,0,0
30.01.2019 04:28:45.508 GMT+0100,144.947,144.884,0,0
30.01.2019 04:28:45.575 GMT+0100,144.90200000000002,144.839,0,0
30.01.2019 04:28:45.798 GMT+0100,144.90200000000002,144.871,0,0
30.01.2019 04:28:45.881 GMT+0100,144.914,144.854,0,0
30.01.2019 04:28:48.310 GMT+0100,144.912,144.853,0,0
30.01.2019 04:31:46.039 GMT+0100,144.906,144.871,0,0
30.01.2019 04:31:46.191 GMT+0100,144.907,144.872,0,0
30.01.2019 04:31:46.383 GMT+0100,144.947,144.879,0,0
30.01.2019 04:31:46.580 GMT+0100,144.936,144.869,0,0
30.01.2019 04:31:46.742 GMT+0100,144.942,144.865,0,0
30.01.2019 04:31:46.973 GMT+0100,144.90200000000002,144.852,0,0
30.01.2019 04:31:56.486 GMT+0100,144.903,144.873,0,0
30.01.2019 04:31:56.528 GMT+0100,144.908,144.877,0,0
30.01.2019 04:32:09.152 GMT+0100,144.929,144.86700000000002,0,0
30.01.2019 04:32:09.728 GMT+0100,144.901,144.874,0,0
30.01.2019 04:32:10.317 GMT+0100,144.93,144.865,0,0
30.01.2019 04:32:10.900 GMT+0100,144.945,144.876,0,0
30.01.2019 04:32:11.108 GMT+0100,144.90200000000002,144.875,0,0
30.01.2019 04:32:11.213 GMT+0100,144.89700000000002,144.85,0,0
30.01.2019 04:32:11.307 GMT+0100,144.916,144.85,0,0
30.01.2019 04:32:11.515 GMT+0100,144.905,144.879,0,0
30.01.2019 04:32:11.660 GMT+0100,144.944,144.878,0,0
30.01.2019 04:32:11.825 GMT+0100,144.944,144.883,0,0
30.01.2019 04:32:11.929 GMT+0100,144.903,144.871,0,0
30.01.2019 04:32:12.117 GMT+0100,144.907,144.87,0,0
30.01.2019 04:32:12.595 GMT+0100,144.903,144.877,0,0
30.01.2019 04:32:24.479 GMT+0100,144.904,144.876,0,0
30.01.2019 04:32:24.648 GMT+0100,144.90200000000002,144.876,0,0
30.01.2019 04:32:27.309 GMT+0100,144.928,144.869,0,0
30.01.2019 04:32:27.876 GMT+0100,144.905,144.88,0,0
30.01.2019 04:32:32.017 GMT+0100,144.94,144.87,0,0
30.01.2019 04:32:32.264 GMT+0100,144.906,144.876,0,0
30.01.2019 04:32:32.467 GMT+0100,144.939,144.86700000000002,0,0
30.01.2019 04:32:32.626 GMT+0100,144.928,144.86700000000002,0,0
30.01.2019 04:32:32.784 GMT+0100,144.938,144.87,0,0
30.01.2019 04:32:32.967 GMT+0100,144.908,144.872,0,0
30.01.2019 04:32:33.504 GMT+0100,144.929,144.869,0,0
30.01.2019 04:33:02.068 GMT+0100,144.907,144.873,0,0
30.01.2019 04:33:02.149 GMT+0100,144.909,144.876,0,0
30.01.2019 04:33:02.186 GMT+0100,144.91,144.875,0,0
30.01.2019 04:33:02.286 GMT+0100,144.909,144.843,0,0
30.01.2019 04:33:02.409 GMT+0100,144.911,144.838,0,0
30.01.2019 04:33:02.462 GMT+0100,144.91,144.875,0,0
30.01.2019 04:33:02.555 GMT+0100,144.907,144.84,0,0
30.01.2019 04:33:02.712 GMT+0100,144.905,144.853,0,0
30.01.2019 04:33:02.784 GMT+0100,144.915,144.845,0,0
30.01.2019 04:33:02.838 GMT+0100,144.898,144.85,0,0
30.01.2019 04:33:02.959 GMT+0100,144.91,144.872,0,0
30.01.2019 04:33:24.228 GMT+0100,144.904,144.879,0,0
30.01.2019 04:33:24.777 GMT+0100,144.907,144.874,0,0
30.01.2019 04:34:01.383 GMT+0100,144.905,144.836,0,0
30.01.2019 04:34:02.447 GMT+0100,144.901,144.833,0,0
30.01.2019 04:34:02.531 GMT+0100,144.901,144.85,0,0
30.01.2019 04:34:15.083 GMT+0100,144.905,144.84799999999998,0,0
30.01.2019 04:34:15.556 GMT+0100,144.911,144.836,0,0
30.01.2019 04:34:48.150 GMT+0100,144.903,144.842,0,0
30.01.2019 04:34:48.536 GMT+0100,144.9,144.835,0,0
30.01.2019 04:35:13.383 GMT+0100,144.903,144.854,0,0
30.01.2019 04:35:13.572 GMT+0100,144.903,144.836,0,0
30.01.2019 04:35:30.147 GMT+0100,144.908,144.877,0,0
30.01.2019 04:35:38.116 GMT+0100,144.907,144.846,0,0
30.01.2019 04:35:38.270 GMT+0100,144.905,144.873,0,0
30.01.2019 04:35:38.402 GMT+0100,144.941,144.875,0,0
30.01.2019 04:35:38.624 GMT+0100,144.938,144.872,0,0
30.01.2019 04:35:38.754 GMT+0100,144.94,144.88,0,0
30.01.2019 04:35:38.844 GMT+0100,144.911,144.874,0,0
30.01.2019 04:38:32.842 GMT+0100,144.91,144.846,0,0
30.01.2019 04:38:33.360 GMT+0100,144.908,144.838,0,0
30.01.2019 04:42:16.041 GMT+0100,144.908,144.844,0,0
30.01.2019 04:42:16.712 GMT+0100,144.915,144.839,0,0
30.01.2019 04:44:58.326 GMT+0100,144.91299999999998,144.842,0,0
30.01.2019 04:44:58.555 GMT+0100,144.898,144.835,0,0
30.01.2019 04:45:07.154 GMT+0100,144.903,144.844,0,0
30.01.2019 04:45:07.760 GMT+0100,144.90200000000002,144.84,0,0
30.01.2019 04:45:53.439 GMT+0100,144.906,144.878,0,0
30.01.2019 04:46:00.066 GMT+0100,144.912,144.844,0,0
30.01.2019 04:48:14.164 GMT+0100,144.905,144.835,0,0
30.01.2019 04:48:14.721 GMT+0100,144.904,144.85,0,0
30.01.2019 04:52:40.657 GMT+0100,144.91,144.871,0,0
30.01.2019 04:53:22.126 GMT+0100,144.874,144.84799999999998,0,0
30.01.2019 04:53:22.185 GMT+0100,144.909,144.873,0,0
30.01.2019 04:53:22.645 GMT+0100,144.873,144.841,0,0
30.01.2019 04:53:22.694 GMT+0100,145.026,144.95600000000002,0,0
30.01.2019 04:53:23.075 GMT+0100,144.873,144.842,0,0
30.01.2019 04:53:23.138 GMT+0100,144.871,144.804,0,0
30.01.2019 04:53:23.222 GMT+0100,144.851,144.824,0,0
30.01.2019 04:53:23.325 GMT+0100,144.879,144.814,0,0
30.01.2019 04:53:23.363 GMT+0100,144.92100000000002,144.811,0,0
30.01.2019 04:53:23.378 GMT+0100,144.881,144.821,0,0
30.01.2019 04:53:23.599 GMT+0100,144.878,144.814,0,0
30.01.2019 04:53:23.693 GMT+0100,144.869,144.816,0,0
30.01.2019 04:53:23.817 GMT+0100,144.92000000000002,144.884,0,0
30.01.2019 04:53:23.840 GMT+0100,144.876,144.842,0,0
30.01.2019 04:53:23.974 GMT+0100,144.873,144.842,0,0
30.01.2019 04:53:26.032 GMT+0100,144.9,144.854,0,0
30.01.2019 04:53:26.218 GMT+0100,144.907,144.849,0,0
30.01.2019 04:53:26.507 GMT+0100,144.9,144.834,0,0
30.01.2019 04:53:26.651 GMT+0100,144.911,144.83700000000002,0,0
30.01.2019 04:53:26.967 GMT+0100,144.876,144.844,0,0
30.01.2019 04:54:05.025 GMT+0100,144.876,144.839,0,0
30.01.2019 04:54:05.342 GMT+0100,144.868,144.804,0,0
30.01.2019 04:54:05.519 GMT+0100,144.865,144.811,0,0
30.01.2019 04:54:05.761 GMT+0100,144.874,144.804,0,0
30.01.2019 04:54:05.848 GMT+0100,144.878,144.849,0,0
30.01.2019 04:54:08.066 GMT+0100,144.90200000000002,144.849,0,0
30.01.2019 04:54:08.844 GMT+0100,144.898,144.849,0,0
30.01.2019 04:54:09.459 GMT+0100,144.88,144.84,0,0
30.01.2019 04:54:39.005 GMT+0100,144.912,144.854,0,0
30.01.2019 04:54:39.832 GMT+0100,144.91,144.851,0,0
30.01.2019 04:54:40.035 GMT+0100,144.871,144.841,0,0
30.01.2019 04:54:40.188 GMT+0100,144.875,144.81799999999998,0,0
30.01.2019 04:54:40.423 GMT+0100,144.871,144.822,0,0
30.01.2019 04:54:40.544 GMT+0100,144.881,144.822,0,0
30.01.2019 04:54:40.745 GMT+0100,144.884,144.823,0,0
30.01.2019 04:54:40.896 GMT+0100,144.871,144.84799999999998,0,0
30.01.2019 04:55:01.496 GMT+0100,144.90200000000002,144.839,0,0
30.01.2019 04:55:01.902 GMT+0100,144.911,144.851,0,0
30.01.2019 04:56:55.259 GMT+0100,144.876,144.843,0,0
30.01.2019 04:56:55.965 GMT+0100,144.88,144.846,0,0
30.01.2019 04:56:56.192 GMT+0100,144.89700000000002,144.854,0,0
30.01.2019 04:56:56.486 GMT+0100,144.912,144.839,0,0
30.01.2019 04:56:56.871 GMT+0100,144.878,144.84799999999998,0,0
30.01.2019 04:57:02.266 GMT+0100,144.898,144.834,0,0
30.01.2019 04:57:02.543 GMT+0100,144.914,144.84,0,0
30.01.2019 04:57:22.111 GMT+0100,144.874,144.803,0,0
30.01.2019 04:57:22.522 GMT+0100,144.868,144.812,0,0
30.01.2019 04:57:22.817 GMT+0100,144.904,144.814,0,0
30.01.2019 04:57:41.367 GMT+0100,144.868,144.806,0,0
30.01.2019 04:57:41.613 GMT+0100,144.866,144.811,0,0
30.01.2019 04:57:48.355 GMT+0100,144.875,144.81799999999998,0,0
30.01.2019 04:57:48.876 GMT+0100,144.866,144.821,0,0
30.01.2019 04:59:05.247 GMT+0100,144.91,144.846,0,0
30.01.2019 04:59:05.463 GMT+0100,144.907,144.842,0,0
30.01.2019 04:59:05.589 GMT+0100,144.908,144.836,0,0
30.01.2019 04:59:05.952 GMT+0100,144.86700000000002,144.817,0,0
30.01.2019 04:59:21.131 GMT+0100,144.914,144.845,0,0
30.01.2019 04:59:21.807 GMT+0100,144.879,144.84,0,0
30.01.2019 04:59:22.253 GMT+0100,144.916,144.836,0,0
30.01.2019 04:59:24.008 GMT+0100,144.899,144.841,0,0
30.01.2019 04:59:24.128 GMT+0100,144.879,144.839,0,0
30.01.2019 04:59:24.170 GMT+0100,144.872,144.843,0,0
30.01.2019 04:59:24.287 GMT+0100,144.878,144.84799999999998,0,0
30.01.2019 04:59:24.389 GMT+0100,144.911,144.85,0,0
30.01.2019 04:59:24.435 GMT+0100,144.879,144.846,0,0
30.01.2019 04:59:24.538 GMT+0100,144.907,144.852,0,0
30.01.2019 04:59:24.626 GMT+0100,144.87,144.843,0,0
30.01.2019 04:59:24.686 GMT+0100,144.907,144.85,0,0
30.01.2019 04:59:24.771 GMT+0100,144.875,144.847,0,0
30.01.2019 04:59:24.896 GMT+0100,144.905,144.83700000000002,0,0
30.01.2019 04:59:24.938 GMT+0100,144.87,144.841,0,0
30.01.2019 04:59:28.083 GMT+0100,144.915,144.839,0,0
30.01.2019 04:59:28.619 GMT+0100,144.872,144.844,0,0
30.01.2019 04:59:28.801 GMT+0100,144.903,144.849,0,0
30.01.2019 04:59:29.694 GMT+0100,144.898,144.846,0,0
30.01.2019 04:59:42.075 GMT+0100,144.916,144.835,0,0
30.01.2019 04:59:42.176 GMT+0100,144.91,144.851,0,0
30.01.2019 04:59:42.312 GMT+0100,144.901,144.846,0,0
30.01.2019 04:59:42.362 GMT+0100,144.901,144.878,0,0
30.01.2019 04:59:42.510 GMT+0100,144.905,144.842,0,0
30.01.2019 04:59:42.629 GMT+0100,144.91,144.875,0,0
30.01.2019 04:59:42.735 GMT+0100,144.905,144.851,0,0
30.01.2019 04:59:42.783 GMT+0100,144.906,144.876,0,0
30.01.2019 04:59:42.907 GMT+0100,144.905,144.851,0,0
30.01.2019 04:59:46.387 GMT+0100,144.899,144.836,0,0
30.01.2019 04:59:46.984 GMT+0100,144.911,144.852,0,0
30.01.2019 04:59:58.459 GMT+0100,144.906,144.879,0,0
30.01.2019 04:59:58.932 GMT+0100,144.907,144.851,0,0
30.01.2019 05:00:26.010 GMT+0100,144.909,144.844,0,0
30.01.2019 05:00:26.693 GMT+0100,144.898,144.84,0,0
30.01.2019 05:00:37.137 GMT+0100,144.905,144.873,0,0
30.01.2019 05:00:37.299 GMT+0100,144.906,144.836,0,0
30.01.2019 05:00:37.428 GMT+0100,144.91,144.847,0,0
30.01.2019 05:00:37.745 GMT+0100,144.911,144.873,0,0
30.01.2019 05:00:37.865 GMT+0100,144.89600000000002,144.843,0,0
30.01.2019 05:00:49.310 GMT+0100,144.904,144.873,0,0
30.01.2019 05:00:49.407 GMT+0100,144.906,144.844,0,0
30.01.2019 05:00:49.945 GMT+0100,144.91,144.846,0,0
30.01.2019 05:01:00.194 GMT+0100,144.911,144.872,0,0
30.01.2019 05:01:00.536 GMT+0100,144.901,144.849,0,0
30.01.2019 05:01:00.729 GMT+0100,144.908,144.847,0,0
30.01.2019 05:01:11.365 GMT+0100,144.90200000000002,144.873,0,0
30.01.2019 05:01:11.859 GMT+0100,144.907,144.88,0,0
30.01.2019 05:01:31.322 GMT+0100,144.939,144.874,0,0
30.01.2019 05:01:31.694 GMT+0100,144.931,144.877,0,0
30.01.2019 05:02:38.182 GMT+0100,144.94,144.881,0,0
30.01.2019 05:02:38.347 GMT+0100,144.928,144.878,0,0
30.01.2019 05:02:38.513 GMT+0100,144.946,144.86700000000002,0,0
30.01.2019 05:02:38.626 GMT+0100,144.939,144.911,0,0
30.01.2019 05:02:38.802 GMT+0100,144.938,144.873,0,0
30.01.2019 05:08:31.028 GMT+0100,144.941,144.903,0,0
30.01.2019 05:08:31.100 GMT+0100,144.945,144.871,0,0
30.01.2019 05:08:31.265 GMT+0100,144.928,144.86700000000002,0,0
30.01.2019 05:08:31.306 GMT+0100,144.934,144.882,0,0
30.01.2019 05:08:31.386 GMT+0100,144.937,144.90200000000002,0,0
30.01.2019 05:08:31.451 GMT+0100,144.933,144.866,0,0
30.01.2019 05:08:31.604 GMT+0100,144.972,144.871,0,0
30.01.2019 05:08:31.631 GMT+0100,144.96,144.885,0,0
30.01.2019 05:08:31.795 GMT+0100,144.97299999999998,144.907,0,0
30.01.2019 05:08:31.839 GMT+0100,144.939,144.908,0,0
30.01.2019 05:08:31.984 GMT+0100,144.944,144.865,0,0
30.01.2019 05:08:46.807 GMT+0100,144.96200000000002,144.905,0,0
30.01.2019 05:09:00.303 GMT+0100,144.939,144.871,0,0
30.01.2019 05:09:00.349 GMT+0100,144.93,144.883,0,0
30.01.2019 05:09:00.726 GMT+0100,144.933,144.905,0,0
30.01.2019 05:09:01.406 GMT+0100,144.934,144.903,0,0
30.01.2019 05:09:04.823 GMT+0100,144.939,144.908,0,0
30.01.2019 05:09:08.058 GMT+0100,144.936,144.908,0,0
30.01.2019 05:09:08.137 GMT+0100,144.93200000000002,144.907,0,0
30.01.2019 05:09:08.317 GMT+0100,144.942,144.904,0,0
30.01.2019 05:09:08.406 GMT+0100,144.941,144.904,0,0
30.01.2019 05:09:08.537 GMT+0100,144.937,144.905,0,0
30.01.2019 05:09:08.665 GMT+0100,144.959,144.899,0,0
30.01.2019 05:09:08.690 GMT+0100,144.976,144.905,0,0
30.01.2019 05:09:08.831 GMT+0100,144.941,144.882,0,0
30.01.2019 05:09:08.901 GMT+0100,144.946,144.884,0,0
30.01.2019 05:09:10.691 GMT+0100,144.942,144.905,0,0
30.01.2019 05:09:47.402 GMT+0100,144.94299999999998,144.884,0,0
30.01.2019 05:16:15.848 GMT+0100,144.938,144.907,0,0
30.01.2019 05:17:53.624 GMT+0100,144.94,144.86700000000002,0,0
30.01.2019 05:23:55.043 GMT+0100,144.937,144.883,0,0
30.01.2019 05:23:55.947 GMT+0100,144.94,144.883,0,0
30.01.2019 05:28:47.122 GMT+0100,144.944,144.883,0,0
30.01.2019 05:28:47.458 GMT+0100,144.945,144.868,0,0
30.01.2019 05:28:47.853 GMT+0100,144.936,144.903,0,0
30.01.2019 05:29:11.125 GMT+0100,144.94299999999998,144.866,0,0
30.01.2019 05:29:11.168 GMT+0100,144.942,144.904,0,0
30.01.2019 05:29:11.323 GMT+0100,144.93,144.88,0,0
30.01.2019 05:29:11.469 GMT+0100,144.947,144.87,0,0
30.01.2019 05:29:11.611 GMT+0100,144.963,144.905,0,0
30.01.2019 05:29:11.741 GMT+0100,144.976,144.89700000000002,0,0
30.01.2019 05:29:11.942 GMT+0100,144.939,144.882,0,0
30.01.2019 05:29:12.970 GMT+0100,144.936,144.903,0,0
30.01.2019 05:29:14.004 GMT+0100,144.933,144.909,0,0
30.01.2019 05:29:14.181 GMT+0100,144.939,144.877,0,0
30.01.2019 05:29:14.259 GMT+0100,144.938,144.884,0,0
30.01.2019 05:29:14.400 GMT+0100,144.942,144.904,0,0
30.01.2019 05:29:14.589 GMT+0100,144.933,144.88,0,0
30.01.2019 05:29:14.654 GMT+0100,144.972,144.864,0,0
30.01.2019 05:29:14.798 GMT+0100,144.97,144.903,0,0
30.01.2019 05:29:14.890 GMT+0100,144.937,144.908,0,0
30.01.2019 05:29:19.403 GMT+0100,144.946,144.87,0,0
30.01.2019 05:29:27.077 GMT+0100,144.941,144.905,0,0
30.01.2019 05:29:27.873 GMT+0100,144.93200000000002,144.874,0,0
30.01.2019 05:29:39.482 GMT+0100,144.942,144.904,0,0
30.01.2019 05:29:39.611 GMT+0100,144.938,144.906,0,0
30.01.2019 05:29:40.262 GMT+0100,144.948,144.878,0,0
30.01.2019 05:29:40.895 GMT+0100,144.935,144.868,0,0
30.01.2019 05:32:28.026 GMT+0100,144.94,144.909,0,0
30.01.2019 05:32:28.252 GMT+0100,144.977,144.901,0,0
30.01.2019 05:32:28.510 GMT+0100,144.972,144.905,0,0
30.01.2019 05:32:28.721 GMT+0100,144.974,144.903,0,0
30.01.2019 05:32:28.872 GMT+0100,144.936,144.865,0,0
30.01.2019 05:32:50.104 GMT+0100,144.942,144.908,0,0
30.01.2019 05:32:50.996 GMT+0100,144.935,144.91,0,0
30.01.2019 05:33:00.012 GMT+0100,144.935,144.906,0,0
30.01.2019 05:33:00.244 GMT+0100,144.946,144.879,0,0
30.01.2019 05:33:00.506 GMT+0100,144.928,144.866,0,0
30.01.2019 05:33:00.724 GMT+0100,144.937,144.904,0,0
30.01.2019 05:33:00.815 GMT+0100,144.939,144.908,0,0
30.01.2019 05:33:01.478 GMT+0100,144.94299999999998,144.904,0,0
30.01.2019 05:33:01.607 GMT+0100,144.94,144.904,0,0
30.01.2019 05:33:33.065 GMT+0100,144.934,144.907,0,0
30.01.2019 05:33:33.875 GMT+0100,144.934,144.903,0,0
30.01.2019 05:33:59.164 GMT+0100,144.941,144.903,0,0
30.01.2019 05:33:59.578 GMT+0100,144.934,144.901,0,0
30.01.2019 05:34:14.152 GMT+0100,144.938,144.901,0,0
30.01.2019 05:35:02.049 GMT+0100,144.941,144.907,0,0
30.01.2019 05:35:02.464 GMT+0100,144.934,144.872,0,0
30.01.2019 05:35:02.738 GMT+0100,144.946,144.872,0,0
30.01.2019 05:36:04.335 GMT+0100,144.939,144.908,0,0
30.01.2019 05:36:04.616 GMT+0100,144.937,144.901,0,0
30.01.2019 05:36:48.859 GMT+0100,144.935,144.885,0,0
30.01.2019 05:36:59.465 GMT+0100,144.941,144.908,0,0
30.01.2019 05:36:59.519 GMT+0100,144.946,144.882,0,0
30.01.2019 05:37:02.250 GMT+0100,144.933,144.906,0,0
30.01.2019 05:37:02.531 GMT+0100,144.942,144.91,0,0
30.01.2019 05:37:30.679 GMT+0100,144.94,144.906,0,0
30.01.2019 05:38:44.239 GMT+0100,144.968,144.90200000000002,0,0
30.01.2019 05:41:25.051 GMT+0100,144.972,144.914,0,0
30.01.2019 05:41:25.495 GMT+0100,144.933,144.905,0,0
30.01.2019 05:41:25.636 GMT+0100,144.942,144.908,0,0
30.01.2019 05:41:25.890 GMT+0100,144.94,144.908,0,0
30.01.2019 05:41:27.430 GMT+0100,144.976,144.905,0,0
30.01.2019 05:41:27.849 GMT+0100,144.935,144.908,0,0
30.01.2019 05:41:39.202 GMT+0100,144.963,144.908,0,0
30.01.2019 05:41:59.044 GMT+0100,144.933,144.909,0,0
30.01.2019 05:41:59.304 GMT+0100,144.934,144.869,0,0
30.01.2019 05:41:59.369 GMT+0100,144.93200000000002,144.885,0,0
30.01.2019 05:41:59.561 GMT+0100,144.938,144.909,0,0
30.01.2019 05:41:59.702 GMT+0100,144.94,144.909,0,0
30.01.2019 05:41:59.866 GMT+0100,144.933,144.909,0,0
30.01.2019 05:42:49.229 GMT+0100,144.934,144.865,0,0
30.01.2019 05:42:49.440 GMT+0100,144.937,144.884,0,0
30.01.2019 05:42:49.714 GMT+0100,144.944,144.877,0,0
30.01.2019 05:42:49.830 GMT+0100,144.936,144.885,0,0
30.01.2019 05:42:59.112 GMT+0100,144.942,144.91,0,0
30.01.2019 05:42:59.190 GMT+0100,144.929,144.881,0,0
30.01.2019 05:42:59.319 GMT+0100,144.947,144.875,0,0
30.01.2019 05:42:59.442 GMT+0100,144.939,144.86700000000002,0,0
30.01.2019 05:42:59.684 GMT+0100,144.935,144.86700000000002,0,0
30.01.2019 05:42:59.745 GMT+0100,144.93200000000002,144.909,0,0
30.01.2019 05:42:59.974 GMT+0100,144.941,144.874,0,0
30.01.2019 05:43:04.773 GMT+0100,144.942,144.911,0,0
30.01.2019 05:43:31.741 GMT+0100,144.942,144.881,0,0
30.01.2019 05:43:35.428 GMT+0100,144.941,144.872,0,0
30.01.2019 05:43:35.661 GMT+0100,144.947,144.88,0,0
30.01.2019 05:46:07.198 GMT+0100,144.941,144.908,0,0
30.01.2019 05:46:07.834 GMT+0100,144.94299999999998,144.877,0,0
30.01.2019 05:46:59.082 GMT+0100,144.941,144.905,0,0
30.01.2019 05:46:59.991 GMT+0100,144.934,144.908,0,0
30.01.2019 05:47:17.157 GMT+0100,144.958,144.903,0,0
30.01.2019 05:47:17.530 GMT+0100,144.97,144.9,0,0
30.01.2019 05:47:21.196 GMT+0100,144.934,144.908,0,0
30.01.2019 05:47:55.138 GMT+0100,144.934,144.90200000000002,0,0
30.01.2019 05:47:55.350 GMT+0100,144.942,144.872,0,0
30.01.2019 05:47:55.436 GMT+0100,144.94,144.901,0,0
30.01.2019 05:47:55.734 GMT+0100,144.946,144.875,0,0
30.01.2019 05:47:55.820 GMT+0100,144.937,144.879,0,0
30.01.2019 05:47:56.142 GMT+0100,144.941,144.907,0,0
30.01.2019 05:47:57.381 GMT+0100,144.937,144.91,0,0
30.01.2019 05:48:52.201 GMT+0100,144.937,144.911,0,0
30.01.2019 05:48:52.476 GMT+0100,144.971,144.915,0,0
30.01.2019 05:48:52.627 GMT+0100,144.976,144.91299999999998,0,0
30.01.2019 05:48:52.923 GMT+0100,144.937,144.907,0,0
30.01.2019 05:48:59.860 GMT+0100,144.967,144.89700000000002,0,0
30.01.2019 05:49:02.105 GMT+0100,144.967,144.899,0,0
30.01.2019 05:49:02.413 GMT+0100,144.966,144.908,0,0
30.01.2019 05:49:02.686 GMT+0100,144.933,144.91,0,0
30.01.2019 05:49:56.014 GMT+0100,144.945,144.871,0,0
30.01.2019 05:49:56.401 GMT+0100,144.93,144.885,0,0
30.01.2019 05:49:56.957 GMT+0100,144.94,144.91,0,0
30.01.2019 05:50:02.727 GMT+0100,144.94299999999998,144.905,0,0
30.01.2019 05:50:03.711 GMT+0100,144.933,144.901,0,0
30.01.2019 05:50:04.376 GMT+0100,144.942,144.905,0,0
30.01.2019 05:51:59.706 GMT+0100,144.939,144.909,0,0
30.01.2019 05:53:02.148 GMT+0100,144.934,144.905,0,0
30.01.2019 05:53:02.531 GMT+0100,144.928,144.874,0,0
30.01.2019 05:53:02.851 GMT+0100,144.947,144.875,0,0
30.01.2019 05:53:59.862 GMT+0100,144.971,144.905,0,0
30.01.2019 05:55:02.077 GMT+0100,144.976,144.901,0,0
30.01.2019 05:55:02.715 GMT+0100,144.94,144.908,0,0
30.01.2019 05:56:02.766 GMT+0100,144.941,144.903,0,0
30.01.2019 05:56:30.188 GMT+0100,144.939,144.90200000000002,0,0
30.01.2019 05:56:30.442 GMT+0100,144.937,144.904,0,0
30.01.2019 05:56:30.579 GMT+0100,144.94299999999998,144.866,0,0
30.01.2019 05:56:30.851 GMT+0100,144.938,144.873,0,0
30.01.2019 05:56:42.276 GMT+0100,144.96,144.905,0,0
30.01.2019 05:56:42.344 GMT+0100,144.965,144.898,0,0
30.01.2019 05:56:42.778 GMT+0100,144.971,144.904,0,0
30.01.2019 05:57:58.174 GMT+0100,144.97,144.90200000000002,0,0
30.01.2019 05:57:58.848 GMT+0100,144.97299999999998,144.91,0,0
30.01.2019 05:58:04.444 GMT+0100,144.959,144.90200000000002,0,0
30.01.2019 05:58:04.856 GMT+0100,144.959,144.917,0,0
30.01.2019 05:58:22.228 GMT+0100,144.96,144.91299999999998,0,0
30.01.2019 05:58:47.185 GMT+0100,144.97299999999998,144.908,0,0
30.01.2019 05:58:47.783 GMT+0100,144.937,144.91,0,0
30.01.2019 05:59:15.183 GMT+0100,144.976,144.911,0,0
30.01.2019 05:59:15.436 GMT+0100,144.966,144.908,0,0
30.01.2019 05:59:15.556 GMT+0100,144.964,144.909,0,0
30.01.2019 05:59:15.906 GMT+0100,144.967,144.914,0,0
30.01.2019 05:59:18.268 GMT+0100,144.979,144.903,0,0
30.01.2019 05:59:18.998 GMT+0100,144.938,144.906,0,0
30.01.2019 05:59:29.343 GMT+0100,144.929,144.86700000000002,0,0
30.01.2019 05:59:29.538 GMT+0100,144.93,144.881,0,0
30.01.2019 05:59:44.017 GMT+0100,144.938,144.904,0,0
30.01.2019 05:59:44.266 GMT+0100,144.965,144.914,0,0
30.01.2019 05:59:44.631 GMT+0100,144.971,144.911,0,0
30.01.2019 05:59:44.826 GMT+0100,144.93200000000002,144.875,0,0
30.01.2019 06:00:45.145 GMT+0100,144.947,144.869,0,0
30.01.2019 06:01:15.084 GMT+0100,144.937,144.91,0,0
30.01.2019 06:01:15.324 GMT+0100,144.937,144.90200000000002,0,0
30.01.2019 06:01:15.339 GMT+0100,144.971,144.901,0,0
30.01.2019 06:01:15.589 GMT+0100,144.967,144.881,0,0
30.01.2019 06:01:15.747 GMT+0100,144.94299999999998,144.909,0,0
30.01.2019 06:01:15.849 GMT+0100,144.946,144.869,0,0
30.01.2019 06:01:48.057 GMT+0100,144.94,144.901,0,0
30.01.2019 06:01:48.482 GMT+0100,144.972,144.9,0,0
30.01.2019 06:01:48.516 GMT+0100,144.975,144.907,0,0
30.01.2019 06:01:48.965 GMT+0100,144.935,144.911,0,0
30.01.2019 06:02:02.077 GMT+0100,144.942,144.909,0,0
30.01.2019 06:02:02.752 GMT+0100,144.928,144.866,0,0
30.01.2019 06:02:16.117 GMT+0100,144.97,144.914,0,0
30.01.2019 06:02:33.560 GMT+0100,144.938,144.911,0,0
30.01.2019 06:02:49.013 GMT+0100,144.929,144.873,0,0
30.01.2019 06:02:49.287 GMT+0100,144.942,144.90200000000002,0,0
30.01.2019 06:02:49.530 GMT+0100,144.92700000000002,144.865,0,0
30.01.2019 06:02:49.759 GMT+0100,144.944,144.874,0,0
30.01.2019 06:02:49.971 GMT+0100,144.933,144.877,0,0
30.01.2019 06:02:53.111 GMT+0100,144.966,144.863,0,0
30.01.2019 06:02:58.983 GMT+0100,144.974,144.905,0,0
30.01.2019 06:05:10.110 GMT+0100,144.946,144.876,0,0
30.01.2019 06:05:10.299 GMT+0100,144.933,144.871,0,0
30.01.2019 06:05:10.547 GMT+0100,144.942,144.908,0,0
30.01.2019 06:05:10.938 GMT+0100,144.941,144.904,0,0
30.01.2019 06:05:13.124 GMT+0100,144.935,144.911,0,0
30.01.2019 06:05:13.143 GMT+0100,144.939,144.906,0,0
30.01.2019 06:05:13.375 GMT+0100,144.933,144.911,0,0
30.01.2019 06:05:13.487 GMT+0100,144.941,144.876,0,0
30.01.2019 06:05:13.675 GMT+0100,144.942,144.909,0,0
30.01.2019 06:05:13.764 GMT+0100,144.934,144.87,0,0
30.01.2019 06:05:13.906 GMT+0100,144.94,144.907,0,0
30.01.2019 06:05:15.830 GMT+0100,144.94,144.907,0,0
30.01.2019 06:05:38.054 GMT+0100,144.942,144.911,0,0
30.01.2019 06:06:01.984 GMT+0100,144.97299999999998,144.898,0,0
30.01.2019 06:07:05.045 GMT+0100,144.942,144.901,0,0
30.01.2019 06:07:05.275 GMT+0100,144.933,144.904,0,0
30.01.2019 06:07:05.341 GMT+0100,144.938,144.90200000000002,0,0
30.01.2019 06:07:05.440 GMT+0100,144.94,144.901,0,0
30.01.2019 06:07:05.646 GMT+0100,144.941,144.911,0,0
30.01.2019 06:07:05.774 GMT+0100,144.936,144.901,0,0
