Local time,Ask,Bid,AskVolume,BidVolume
17.06.2015 07:00:00.433 GMT+0100,2100.8160000000003,2100.488,0.0003,0.0002
17.06.2015 07:00:00.483 GMT+0100,2100.819,2100.147,0.0003,0.0002
17.06.2015 07:00:00.756 GMT+0100,2100.802,2100.4970000000003,0.0003,0.0002
17.06.2015 07:00:05.574 GMT+0100,2100.837,2100.1710000000003,0.0003,0.0002
17.06.2015 07:00:05.684 GMT+0100,2100.518,2100.133,0.0003,0.0002
17.06.2015 07:00:06.057 GMT+0100,2100.504,2100.112,0.001,0.0002
17.06.2015 07:00:06.504 GMT+0100,2100.5260000000003,2100.183,0.0003,0.0002
17.06.2015 07:00:08.845 GMT+0100,2100.5420000000004,2099.871,0.0003,0.0009
17.06.2015 07:00:09.092 GMT+0100,2100.5389999999998,2099.972,0.0003,0.0002
17.06.2015 07:00:09.505 GMT+0100,2100.306,2099.982,0.0003,0.0002
17.06.2015 07:00:11.513 GMT+0100,2100.511,2099.9900000000002,0.0003,0.0002
17.06.2015 07:00:18.418 GMT+0100,2100.302,2099.984,0.0003,0.0002
17.06.2015 07:00:22.735 GMT+0100,2100.51,2099.994,0.0003,0.0002
17.06.2015 07:00:22.928 GMT+0100,2100.3120000000004,2099.982,0.0003,0.0002
17.06.2015 07:00:23.330 GMT+0100,2100.508,2099.952,0.0003,0.0002
17.06.2015 07:00:24.622 GMT+0100,2100.545,2099.959,0.001,0.0002
17.06.2015 07:00:25.172 GMT+0100,2100.5460000000003,2099.985,0.0003,0.0002
17.06.2015 07:00:26.425 GMT+0100,2100.513,2099.701,0.0003,0.0005
17.06.2015 07:00:26.602 GMT+0100,2100.505,2099.677,0.001,0.0005
17.06.2015 07:00:28.043 GMT+0100,2100.5170000000003,2100.176,0.0003,0.0002
17.06.2015 07:00:31.045 GMT+0100,2100.5060000000003,2099.8810000000003,0.0003,0.0009
17.06.2015 07:00:32.970 GMT+0100,2100.516,2099.846,0.001,0.0007
17.06.2015 07:00:36.768 GMT+0100,2100.859,2100.196,0.0003,0.0002
17.06.2015 07:00:37.062 GMT+0100,2100.824,2100.144,0.001,0.0002
17.06.2015 07:00:37.392 GMT+0100,2100.829,2100.475,0.0003,0.0002
17.06.2015 07:00:39.977 GMT+0100,2101.0389999999998,2100.473,0.0003,0.0002
17.06.2015 07:00:40.478 GMT+0100,2101.022,2100.6820000000002,0.0003,0.0002
17.06.2015 07:00:45.795 GMT+0100,2101.0260000000003,2100.4629999999997,0.0003,0.0002
17.06.2015 07:00:47.400 GMT+0100,2100.822,2100.4829999999997,0.0003,0.0002
17.06.2015 07:00:48.304 GMT+0100,2101.007,2100.6910000000003,0.0003,0.0002
17.06.2015 07:00:48.627 GMT+0100,2101.3360000000002,2100.69,0.0003,0.0002
17.06.2015 07:00:50.362 GMT+0100,2101.3070000000002,2100.6870000000004,0.001,0.0002
17.06.2015 07:00:54.652 GMT+0100,2101.315,2100.987,0.0003,0.0002
17.06.2015 07:00:55.936 GMT+0100,2101.507,2100.973,0.0003,0.0002
17.06.2015 07:00:57.139 GMT+0100,2101.308,2100.988,0.0003,0.0002
17.06.2015 07:01:03.353 GMT+0100,2101.533,2100.972,0.0003,0.0002
17.06.2015 07:01:03.855 GMT+0100,2101.528,2101.175,0.0003,0.0002
17.06.2015 07:01:08.374 GMT+0100,2101.511,2100.979,0.0003,0.0002
17.06.2015 07:01:11.884 GMT+0100,2101.523,2101.179,0.0003,0.0002
17.06.2015 07:01:46.561 GMT+0100,2101.857,2101.195,0.0003,0.0002
17.06.2015 07:01:47.171 GMT+0100,2101.814,2101.472,0.0003,0.0002
17.06.2015 07:01:51.283 GMT+0100,2101.826,2101.181,0.0003,0.0002
17.06.2015 07:02:00.790 GMT+0100,2101.528,2101.174,0.0003,0.0002
17.06.2015 07:02:16.019 GMT+0100,2101.308,2100.989,0.0003,0.0002
17.06.2015 07:02:19.826 GMT+0100,2101.521,2100.976,0.0003,0.0002
17.06.2015 07:02:20.010 GMT+0100,2101.541,2100.976,0.001,0.0002
17.06.2015 07:02:20.340 GMT+0100,2101.516,2100.959,0.0003,0.0002
17.06.2015 07:02:25.785 GMT+0100,2101.5170000000003,2100.9629999999997,0.001,0.0002
17.06.2015 07:02:26.146 GMT+0100,2101.325,2100.65,0.001,0.0002
17.06.2015 07:02:26.500 GMT+0100,2101.341,2100.643,0.001,0.0002
17.06.2015 07:02:26.632 GMT+0100,2101.34,2100.656,0.001,0.0002
17.06.2015 07:02:27.149 GMT+0100,2101.306,2101,0.0003,0.0002
17.06.2015 07:02:27.292 GMT+0100,2101.31,2100.66,0.0003,0.0002
17.06.2015 07:02:27.622 GMT+0100,2101.355,2100.6929999999998,0.001,0.0002
17.06.2015 07:02:27.953 GMT+0100,2101.3520000000003,2100.695,0.001,0.0002
17.06.2015 07:02:29.698 GMT+0100,2101.334,2100.6710000000003,0.001,0.0002
17.06.2015 07:02:30.592 GMT+0100,2101.3179999999998,2100.9900000000002,0.0003,0.0002
17.06.2015 07:02:52.106 GMT+0100,2101.545,2100.996,0.0003,0.0002
17.06.2015 07:02:52.570 GMT+0100,2101.505,2100.984,0.001,0.0002
17.06.2015 07:02:58.510 GMT+0100,2101.573,2100.7200000000003,0.001,0.0005
17.06.2015 07:02:58.949 GMT+0100,2101.57,2100.731,0.001,0.0005
17.06.2015 07:02:59.108 GMT+0100,2101.532,2100.714,0.001,0.0005
17.06.2015 07:03:07.309 GMT+0100,2101.5660000000003,2100.694,0.001,0.0005
17.06.2015 07:03:09.485 GMT+0100,2101.5060000000003,2100.731,0.001,0.0005
17.06.2015 07:03:09.634 GMT+0100,2101.3,2100.978,0.0003,0.0002
17.06.2015 07:03:12.729 GMT+0100,2101.333,2100.834,0.0003,0.0005
17.06.2015 07:03:13.689 GMT+0100,2101.343,2100.815,0.001,0.0005
17.06.2015 07:03:14.019 GMT+0100,2101.331,2100.827,0.001,0.0005
17.06.2015 07:03:15.009 GMT+0100,2101.339,2100.813,0.001,0.0005
17.06.2015 07:03:24.469 GMT+0100,2101.3379999999997,2100.67,0.001,0.0007
17.06.2015 07:03:24.772 GMT+0100,2101.544,2100.9970000000003,0.0003,0.0002
17.06.2015 07:03:27.922 GMT+0100,2101.569,2100.678,0.0003,0.0005
17.06.2015 07:03:27.989 GMT+0100,2101.512,2100.6820000000002,0.001,0.0005
17.06.2015 07:03:28.581 GMT+0100,2101.552,2100.735,0.001,0.0005
17.06.2015 07:03:30.079 GMT+0100,2101.563,2100.695,0.001,0.0005
17.06.2015 07:03:32.389 GMT+0100,2101.556,2100.7070000000003,0.001,0.0005
17.06.2015 07:03:32.720 GMT+0100,2101.538,2100.743,0.001,0.0005
17.06.2015 07:03:37.598 GMT+0100,2101.311,2100.972,0.0003,0.0002
17.06.2015 07:03:40.683 GMT+0100,2101.308,2100.663,0.0003,0.0009
17.06.2015 07:03:43.829 GMT+0100,2101.346,2100.6420000000003,0.001,0.0007
17.06.2015 07:03:47.128 GMT+0100,2101.321,2100.643,0.001,0.0007
17.06.2015 07:04:01.108 GMT+0100,2101.313,2100.695,0.001,0.0007
17.06.2015 07:04:02.198 GMT+0100,2101.321,2100.658,0.001,0.0007
17.06.2015 07:04:04.408 GMT+0100,2101.339,2100.644,0.001,0.0007
17.06.2015 07:04:08.698 GMT+0100,2101.359,2100.694,0.001,0.0007
17.06.2015 07:04:10.118 GMT+0100,2101.337,2100.673,0.001,0.0007
17.06.2015 07:04:10.448 GMT+0100,2101.302,2100.646,0.001,0.0007
17.06.2015 07:04:11.658 GMT+0100,2101.311,2100.644,0.001,0.0007
17.06.2015 07:04:11.878 GMT+0100,2101.305,2100.646,0.001,0.0007
17.06.2015 07:04:13.308 GMT+0100,2101.327,2100.646,0.001,0.0007
17.06.2015 07:04:13.968 GMT+0100,2100.688,2100.019,0.0007,0.0008
17.06.2015 07:04:14.187 GMT+0100,2100.8160000000003,2100.101,0.0007,0.0008
17.06.2015 07:04:14.958 GMT+0100,2100.819,2100.146,0.0007,0.0008
17.06.2015 07:04:16.608 GMT+0100,2100.794,2100.121,0.0007,0.0008
17.06.2015 07:04:17.598 GMT+0100,2100.801,2100.159,0.0007,0.0008
17.06.2015 07:04:18.028 GMT+0100,2101.536,2100.962,0.0003,0.0002
17.06.2015 07:04:20.864 GMT+0100,2101.565,2100.685,0.0003,0.0005
17.06.2015 07:04:21.211 GMT+0100,2101.8579999999997,2101.153,0.0003,0.0002
17.06.2015 07:04:21.352 GMT+0100,2101.813,2101.1420000000003,0.0003,0.0002
17.06.2015 07:04:21.613 GMT+0100,2101.5460000000003,2100.953,0.0003,0.0002
17.06.2015 07:04:44.547 GMT+0100,2101.545,2100.962,0.001,0.0002
17.06.2015 07:04:44.767 GMT+0100,2101.51,2100.7200000000003,0.001,0.0005
17.06.2015 07:04:45.273 GMT+0100,2101.54,2101.0370000000003,0.0003,0.0002
17.06.2015 07:04:46.276 GMT+0100,2101.822,2101.154,0.0003,0.0002
17.06.2015 07:05:00.308 GMT+0100,2101.81,2101.481,0.0003,0.0002
17.06.2015 07:05:01.116 GMT+0100,2101.91,2101.699,0.0003,0.0002
17.06.2015 07:05:01.260 GMT+0100,2102.048,2101.458,0.0003,0.0002
17.06.2015 07:05:01.487 GMT+0100,2102.0170000000003,2101.481,0.001,0.0002
17.06.2015 07:05:01.707 GMT+0100,2102.027,2101.4970000000003,0.0003,0.0002
17.06.2015 07:05:03.122 GMT+0100,2102.325,2101.657,0.0003,0.0002
17.06.2015 07:05:03.907 GMT+0100,2102.344,2101.65,0.001,0.0002
17.06.2015 07:05:04.127 GMT+0100,2102.315,2101.661,0.001,0.0002
17.06.2015 07:05:04.324 GMT+0100,2102.304,2101.978,0.0003,0.0002
17.06.2015 07:05:07.481 GMT+0100,2102.321,2101.688,0.0003,0.0009
17.06.2015 07:05:09.040 GMT+0100,2102.3070000000002,2101.9970000000003,0.0003,0.0002
17.06.2015 07:05:09.636 GMT+0100,2102.004,2101.668,0.0003,0.0002
17.06.2015 07:05:12.241 GMT+0100,2102.322,2101.648,0.0003,0.0002
17.06.2015 07:05:13.257 GMT+0100,2102.3379999999997,2101.6639999999998,0.001,0.0002
17.06.2015 07:05:14.577 GMT+0100,2102.01,2101.624,0.001,0.0002
17.06.2015 07:05:14.797 GMT+0100,2102.004,2101.69,0.0003,0.0002
17.06.2015 07:05:15.146 GMT+0100,2102.02,2101.487,0.0003,0.0002
17.06.2015 07:05:26.600 GMT+0100,2102.024,2101.6710000000003,0.0003,0.0002
17.06.2015 07:05:38.392 GMT+0100,2102.354,2101.659,0.0003,0.0002
17.06.2015 07:05:38.668 GMT+0100,2102.333,2101.643,0.001,0.0002
17.06.2015 07:05:38.996 GMT+0100,2102.326,2101.6929999999998,0.001,0.0002
17.06.2015 07:05:39.766 GMT+0100,2102.327,2101.679,0.0003,0.0002
17.06.2015 07:05:41.422 GMT+0100,2102.3779999999997,2101.393,0.0003,0.0005
17.06.2015 07:05:44.386 GMT+0100,2102.375,2101.346,0.001,0.0005
17.06.2015 07:05:44.606 GMT+0100,2102.35,2101.357,0.001,0.0005
17.06.2015 07:05:45.376 GMT+0100,2102.317,2101.3920000000003,0.001,0.0005
17.06.2015 07:05:49.446 GMT+0100,2102.3070000000002,2101.355,0.001,0.0005
17.06.2015 07:05:49.776 GMT+0100,2102.3120000000004,2101.344,0.001,0.0005
17.06.2015 07:05:49.996 GMT+0100,2102.376,2101.364,0.001,0.0005
17.06.2015 07:05:51.445 GMT+0100,2102.32,2101.367,0.001,0.0005
17.06.2015 07:05:52.104 GMT+0100,2102.347,2101.398,0.001,0.0005
17.06.2015 07:05:52.847 GMT+0100,2102.36,2101.396,0.001,0.0005
17.06.2015 07:05:52.966 GMT+0100,2102.331,2101.313,0.001,0.0005
17.06.2015 07:05:53.288 GMT+0100,2102.382,2101.357,0.001,0.0005
17.06.2015 07:05:53.754 GMT+0100,2102.382,2101.376,0.001,0.0005
17.06.2015 07:05:54.176 GMT+0100,2102.384,2101.3579999999997,0.001,0.0005
17.06.2015 07:05:54.414 GMT+0100,2102.3160000000003,2101.393,0.001,0.0005
17.06.2015 07:05:54.616 GMT+0100,2102.386,2101.39,0.001,0.0005
17.06.2015 07:05:55.026 GMT+0100,2102.38,2101.337,0.001,0.0005
17.06.2015 07:05:55.433 GMT+0100,2102.024,2101.6929999999998,0.0003,0.0002
17.06.2015 07:05:57.840 GMT+0100,2102.355,2101.686,0.0003,0.0002
17.06.2015 07:05:58.544 GMT+0100,2102.019,2101.675,0.0003,0.0002
17.06.2015 07:05:58.879 GMT+0100,2102.004,2101.649,0.001,0.0002
17.06.2015 07:05:59.016 GMT+0100,2102.016,2101.6820000000002,0.0003,0.0002
17.06.2015 07:05:59.545 GMT+0100,2102.327,2101.7,0.0003,0.0002
17.06.2015 07:06:01.436 GMT+0100,2102.355,2101.669,0.001,0.0002
17.06.2015 07:06:01.876 GMT+0100,2102.302,2101.673,0.001,0.0002
17.06.2015 07:06:01.952 GMT+0100,2102.327,2101.989,0.0003,0.0002
17.06.2015 07:06:04.960 GMT+0100,2102.355,2101.6870000000004,0.0003,0.0009
17.06.2015 07:06:09.356 GMT+0100,2102.3160000000003,2101.6929999999998,0.001,0.0007
17.06.2015 07:06:09.795 GMT+0100,2102.33,2101.684,0.001,0.0007
17.06.2015 07:06:13.865 GMT+0100,2102.301,2101.646,0.001,0.0007
17.06.2015 07:06:14.158 GMT+0100,2102.35,2101.685,0.001,0.0007
17.06.2015 07:06:16.320 GMT+0100,2102.311,2101.658,0.001,0.0007
17.06.2015 07:06:16.650 GMT+0100,2102.354,2101.64,0.001,0.0007
17.06.2015 07:06:20.026 GMT+0100,2102.357,2101.647,0.001,0.0007
17.06.2015 07:06:20.489 GMT+0100,2102.521,2101.981,0.0003,0.0002
17.06.2015 07:06:21.019 GMT+0100,2102.549,2101.946,0.001,0.0002
17.06.2015 07:06:21.191 GMT+0100,2102.514,2102.1820000000002,0.0003,0.0002
17.06.2015 07:06:24.205 GMT+0100,2102.509,2101.857,0.001,0.0007
17.06.2015 07:06:24.758 GMT+0100,2102.509,2101.8579999999997,0.001,0.0007
17.06.2015 07:06:26.955 GMT+0100,2102.556,2101.8650000000002,0.001,0.0007
17.06.2015 07:06:32.455 GMT+0100,2102.56,2101.846,0.001,0.0007
17.06.2015 07:06:34.435 GMT+0100,2102.544,2101.876,0.001,0.0007
17.06.2015 07:06:35.205 GMT+0100,2102.514,2101.857,0.001,0.0007
17.06.2015 07:06:35.425 GMT+0100,2102.516,2101.87,0.001,0.0007
17.06.2015 07:06:36.403 GMT+0100,2102.509,2101.855,0.001,0.0007
17.06.2015 07:06:38.112 GMT+0100,2102.525,2101.899,0.001,0.0007
17.06.2015 07:06:43.930 GMT+0100,2102.511,2101.877,0.001,0.0007
17.06.2015 07:06:44.115 GMT+0100,2102.56,2101.899,0.001,0.0007
17.06.2015 07:06:53.574 GMT+0100,2102.808,2102.163,0.0003,0.0002
17.06.2015 07:06:54.564 GMT+0100,2102.829,2102.485,0.0003,0.0002
17.06.2015 07:06:56.353 GMT+0100,2102.821,2102.185,0.0003,0.0002
17.06.2015 07:06:58.558 GMT+0100,2102.81,2102.488,0.0003,0.0002
17.06.2015 07:06:59.259 GMT+0100,2103.0260000000003,2102.488,0.0003,0.0002
17.06.2015 07:06:59.369 GMT+0100,2102.823,2102.472,0.0003,0.0002
17.06.2015 07:06:59.962 GMT+0100,2103.035,2102.4570000000003,0.0003,0.0002
17.06.2015 07:07:00.263 GMT+0100,2102.805,2102.485,0.0003,0.0002
17.06.2015 07:07:01.266 GMT+0100,2102.814,2102.145,0.0003,0.0002
17.06.2015 07:07:01.498 GMT+0100,2102.86,2102.157,0.001,0.0002
17.06.2015 07:07:01.669 GMT+0100,2103.027,2102.499,0.0003,0.0002
17.06.2015 07:07:13.605 GMT+0100,2102.809,2102.491,0.0003,0.0002
17.06.2015 07:07:13.932 GMT+0100,2102.802,2102.498,0.001,0.0002
17.06.2015 07:07:14.145 GMT+0100,2102.808,2102.472,0.0003,0.0002
17.06.2015 07:07:16.755 GMT+0100,2102.803,2102.181,0.0003,0.0009
17.06.2015 07:07:22.944 GMT+0100,2102.828,2102.16,0.001,0.0007
17.06.2015 07:07:28.774 GMT+0100,2102.8070000000002,2102.194,0.001,0.0007
17.06.2015 07:07:30.424 GMT+0100,2102.843,2102.144,0.001,0.0007
17.06.2015 07:07:31.084 GMT+0100,2102.804,2102.158,0.001,0.0007
17.06.2015 07:07:32.184 GMT+0100,2102.853,2102.19,0.001,0.0007
17.06.2015 07:07:32.514 GMT+0100,2102.8520000000003,2102.1639999999998,0.001,0.0007
17.06.2015 07:07:32.845 GMT+0100,2102.8520000000003,2102.152,0.001,0.0007
17.06.2015 07:07:33.046 GMT+0100,2103.014,2102.4570000000003,0.0003,0.0002
17.06.2015 07:07:47.387 GMT+0100,2102.8,2102.4700000000003,0.0003,0.0002
17.06.2015 07:07:48.804 GMT+0100,2102.824,2102.174,0.0003,0.0002
17.06.2015 07:07:49.834 GMT+0100,2102.81,2102.189,0.001,0.0002
17.06.2015 07:07:50.164 GMT+0100,2102.831,2102.152,0.0003,0.0002
17.06.2015 07:07:51.555 GMT+0100,2102.502,2102.199,0.0003,0.0002
17.06.2015 07:07:53.297 GMT+0100,2102.519,2101.993,0.0003,0.0002
17.06.2015 07:07:54.198 GMT+0100,2102.521,2102.1910000000003,0.0003,0.0002
17.06.2015 07:08:06.831 GMT+0100,2102.839,2102.147,0.0003,0.0002
17.06.2015 07:08:07.454 GMT+0100,2102.841,2102.188,0.001,0.0002
17.06.2015 07:08:07.653 GMT+0100,2102.829,2102.184,0.001,0.0002
17.06.2015 07:08:08.029 GMT+0100,2102.52,2102.174,0.0003,0.0002
17.06.2015 07:08:08.536 GMT+0100,2102.847,2102.155,0.0003,0.0002
17.06.2015 07:08:08.863 GMT+0100,2102.829,2102.141,0.001,0.0002
17.06.2015 07:08:10.953 GMT+0100,2102.826,2102.188,0.0003,0.0002
17.06.2015 07:08:11.283 GMT+0100,2102.831,2102.194,0.001,0.0002
17.06.2015 07:08:11.503 GMT+0100,2102.857,2102.158,0.001,0.0002
17.06.2015 07:08:13.813 GMT+0100,2102.824,2101.814,0.001,0.0005
17.06.2015 07:08:14.033 GMT+0100,2102.8120000000004,2101.85,0.001,0.0005
17.06.2015 07:08:15.254 GMT+0100,2102.808,2101.8920000000003,0.001,0.0005
17.06.2015 07:08:15.463 GMT+0100,2102.854,2101.825,0.001,0.0005
17.06.2015 07:08:18.873 GMT+0100,2102.884,2101.849,0.001,0.0005
17.06.2015 07:08:19.203 GMT+0100,2102.848,2101.876,0.001,0.0005
17.06.2015 07:08:19.510 GMT+0100,2102.821,2101.844,0.001,0.0005
17.06.2015 07:08:19.753 GMT+0100,2102.821,2101.841,0.001,0.0005
17.06.2015 07:08:19.973 GMT+0100,2102.871,2101.813,0.001,0.0005
17.06.2015 07:08:26.793 GMT+0100,2102.83,2101.877,0.001,0.0005
17.06.2015 07:08:28.264 GMT+0100,2102.886,2101.869,0.001,0.0005
17.06.2015 07:08:28.883 GMT+0100,2102.882,2101.8450000000003,0.001,0.0005
17.06.2015 07:08:37.903 GMT+0100,2102.859,2101.862,0.001,0.0005
17.06.2015 07:08:41.022 GMT+0100,2102.857,2101.8450000000003,0.001,0.0005
17.06.2015 07:08:41.353 GMT+0100,2102.822,2101.875,0.001,0.0005
17.06.2015 07:08:43.663 GMT+0100,2102.849,2101.876,0.001,0.0005
17.06.2015 07:08:44.042 GMT+0100,2102.823,2101.895,0.001,0.0005
17.06.2015 07:08:52.972 GMT+0100,2102.867,2101.8160000000003,0.001,0.0005
17.06.2015 07:08:56.052 GMT+0100,2102.876,2101.849,0.001,0.0005
17.06.2015 07:08:58.235 GMT+0100,2102.813,2102.484,0.0003,0.0002
17.06.2015 07:09:01.267 GMT+0100,2102.83,2102.1910000000003,0.0003,0.0009
17.06.2015 07:09:13.671 GMT+0100,2102.853,2102.186,0.001,0.0007
17.06.2015 07:09:14.001 GMT+0100,2102.83,2102.1910000000003,0.001,0.0007
17.06.2015 07:09:20.133 GMT+0100,2103.012,2102.476,0.0003,0.0002
17.06.2015 07:09:23.239 GMT+0100,2103.074,2102.201,0.0003,0.0005
17.06.2015 07:09:23.443 GMT+0100,2103.038,2102.223,0.001,0.0005
17.06.2015 07:09:26.089 GMT+0100,2102.806,2102.479,0.0003,0.0002
17.06.2015 07:09:29.399 GMT+0100,2102.808,2102.157,0.0003,0.0009
17.06.2015 07:09:29.897 GMT+0100,2103.029,2102.4970000000003,0.0003,0.0002
17.06.2015 07:09:33.506 GMT+0100,2102.828,2102.475,0.0003,0.0002
17.06.2015 07:09:44.072 GMT+0100,2103.023,2102.476,0.0003,0.0002
17.06.2015 07:09:44.832 GMT+0100,2102.803,2102.496,0.0003,0.0002
17.06.2015 07:10:00.070 GMT+0100,2103.027,2102.455,0.0003,0.0002
17.06.2015 07:10:00.400 GMT+0100,2102.803,2102.484,0.0003,0.0002
17.06.2015 07:10:12.495 GMT+0100,2102.514,2102.11,0.0003,0.0002
17.06.2015 07:10:14.500 GMT+0100,2102.84,2102.16,0.0003,0.0002
17.06.2015 07:10:24.972 GMT+0100,2102.86,2102.188,0.001,0.0002
17.06.2015 07:10:30.542 GMT+0100,2102.827,2101.811,0.001,0.0005
17.06.2015 07:10:31.862 GMT+0100,2102.86,2101.877,0.001,0.0005
17.06.2015 07:10:33.491 GMT+0100,2102.504,2102.192,0.0003,0.0002
17.06.2015 07:10:35.163 GMT+0100,2102.528,2101.962,0.0003,0.0002
17.06.2015 07:11:13.968 GMT+0100,2102.5,2102.19,0.0003,0.0002
17.06.2015 07:11:15.036 GMT+0100,2102.843,2102.152,0.0003,0.0002
17.06.2015 07:11:21.911 GMT+0100,2102.837,2102.1670000000004,0.001,0.0002
17.06.2015 07:11:32.361 GMT+0100,2102.827,2101.817,0.001,0.0005
17.06.2015 07:11:38.740 GMT+0100,2102.8360000000002,2101.885,0.001,0.0005
17.06.2015 07:11:39.070 GMT+0100,2102.879,2101.854,0.001,0.0005
17.06.2015 07:11:43.800 GMT+0100,2102.8160000000003,2101.868,0.001,0.0005
17.06.2015 07:11:44.351 GMT+0100,2102.8579999999997,2101.8160000000003,0.001,0.0005
17.06.2015 07:11:44.900 GMT+0100,2102.824,2101.856,0.001,0.0005
17.06.2015 07:11:46.694 GMT+0100,2102.802,2102.17,0.0003,0.0002
17.06.2015 07:11:47.343 GMT+0100,2102.831,2102.197,0.001,0.0002
17.06.2015 07:11:51.280 GMT+0100,2102.88,2101.8810000000003,0.001,0.0005
17.06.2015 07:11:56.121 GMT+0100,2102.502,2102.195,0.0003,0.0002
17.06.2015 07:11:59.372 GMT+0100,2102.541,2101.897,0.0003,0.0009
17.06.2015 07:12:00.427 GMT+0100,2102.827,2102.166,0.0003,0.0002
17.06.2015 07:12:06.441 GMT+0100,2102.513,2102.1710000000003,0.0003,0.0002
17.06.2015 07:12:08.953 GMT+0100,2102.851,2102.183,0.0003,0.0002
17.06.2015 07:12:16.687 GMT+0100,2102.515,2102.196,0.0003,0.0002
17.06.2015 07:12:31.639 GMT+0100,2102.823,2102.163,0.0003,0.0002
17.06.2015 07:12:44.023 GMT+0100,2102.513,2102.185,0.0003,0.0002
17.06.2015 07:12:45.972 GMT+0100,2102.841,2102.163,0.0003,0.0002
17.06.2015 07:12:46.629 GMT+0100,2102.808,2102.15,0.001,0.0002
17.06.2015 07:13:03.698 GMT+0100,2102.847,2102.158,0.001,0.0002
17.06.2015 07:13:03.899 GMT+0100,2102.857,2101.874,0.001,0.0005
17.06.2015 07:13:04.258 GMT+0100,2102.8179999999998,2102.491,0.0003,0.0002
17.06.2015 07:13:07.396 GMT+0100,2102.835,2102.183,0.0003,0.0009
17.06.2015 07:13:13.469 GMT+0100,2102.8179999999998,2102.157,0.001,0.0007
17.06.2015 07:13:13.799 GMT+0100,2102.824,2102.156,0.001,0.0007
17.06.2015 07:13:14.129 GMT+0100,2102.802,2102.192,0.001,0.0007
17.06.2015 07:13:14.679 GMT+0100,2102.803,2102.176,0.0003,0.0002
17.06.2015 07:13:17.523 GMT+0100,2102.843,2101.871,0.0003,0.0005
17.06.2015 07:13:17.573 GMT+0100,2102.8379999999997,2101.885,0.001,0.0005
17.06.2015 07:13:23.479 GMT+0100,2102.837,2101.869,0.001,0.0005
17.06.2015 07:13:24.138 GMT+0100,2102.814,2101.8450000000003,0.001,0.0005
17.06.2015 07:13:26.089 GMT+0100,2102.516,2102.179,0.0003,0.0002
17.06.2015 07:13:29.099 GMT+0100,2102.515,2101.863,0.0003,0.0009
17.06.2015 07:13:32.719 GMT+0100,2102.531,2101.855,0.001,0.0007
17.06.2015 07:13:33.019 GMT+0100,2102.84,2102.155,0.0003,0.0002
17.06.2015 07:13:35.029 GMT+0100,2102.848,2102.172,0.001,0.0002
17.06.2015 07:13:42.178 GMT+0100,2102.817,2102.186,0.001,0.0002
17.06.2015 07:13:42.638 GMT+0100,2102.849,2101.8320000000003,0.001,0.0005
17.06.2015 07:13:43.718 GMT+0100,2102.819,2101.848,0.001,0.0005
17.06.2015 07:13:43.977 GMT+0100,2102.822,2101.8450000000003,0.001,0.0005
17.06.2015 07:13:47.348 GMT+0100,2102.811,2101.826,0.001,0.0005
17.06.2015 07:13:54.554 GMT+0100,2102.511,2102.14,0.001,0.0002
17.06.2015 07:13:54.828 GMT+0100,2102.504,2102.196,0.0003,0.0002
17.06.2015 07:13:57.558 GMT+0100,2102.558,2101.887,0.0003,0.0009
17.06.2015 07:14:13.968 GMT+0100,2102.533,2101.854,0.001,0.0007
17.06.2015 07:14:27.412 GMT+0100,2102.508,2101.9570000000003,0.001,0.0002
17.06.2015 07:14:27.968 GMT+0100,2102.511,2101.973,0.0003,0.0002
17.06.2015 07:14:30.641 GMT+0100,2102.512,2101.708,0.0003,0.0005
17.06.2015 07:14:38.717 GMT+0100,2102.541,2101.688,0.001,0.0005
17.06.2015 07:14:39.047 GMT+0100,2102.524,2101.7270000000003,0.001,0.0005
17.06.2015 07:14:44.070 GMT+0100,2102.511,2101.7329999999997,0.001,0.0005
17.06.2015 07:14:44.217 GMT+0100,2102.56,2101.7070000000003,0.001,0.0005
17.06.2015 07:14:45.867 GMT+0100,2102.5570000000002,2101.68,0.001,0.0005
17.06.2015 07:14:48.541 GMT+0100,2102.529,2101.704,0.001,0.0005
17.06.2015 07:14:49.167 GMT+0100,2102.514,2101.68,0.001,0.0005
17.06.2015 07:14:51.697 GMT+0100,2102.5679999999998,2101.719,0.001,0.0005
17.06.2015 07:14:56.329 GMT+0100,2102.535,2101.743,0.001,0.0005
17.06.2015 07:14:56.659 GMT+0100,2102.541,2101.681,0.001,0.0005
17.06.2015 07:15:01.281 GMT+0100,2102.564,2101.741,0.001,0.0005
17.06.2015 07:15:01.707 GMT+0100,2102.548,2101.735,0.001,0.0005
17.06.2015 07:15:03.571 GMT+0100,2102.504,2102.177,0.0003,0.0002
17.06.2015 07:15:06.672 GMT+0100,2102.532,2102.034,0.0003,0.0005
17.06.2015 07:15:09.628 GMT+0100,2102.5170000000003,2102.0260000000003,0.001,0.0005
17.06.2015 07:15:09.958 GMT+0100,2102.512,2102.019,0.001,0.0005
17.06.2015 07:15:13.808 GMT+0100,2102.509,2102.027,0.001,0.0005
17.06.2015 07:15:14.138 GMT+0100,2102.521,2102.015,0.001,0.0005
17.06.2015 07:15:24.808 GMT+0100,2102.56,2101.88,0.001,0.0007
17.06.2015 07:15:25.009 GMT+0100,2102.5389999999998,2101.89,0.001,0.0007
17.06.2015 07:15:31.078 GMT+0100,2102.5370000000003,2101.848,0.001,0.0007
17.06.2015 07:15:36.138 GMT+0100,2102.532,2101.887,0.001,0.0007
17.06.2015 07:15:43.887 GMT+0100,2102.55,2101.84,0.001,0.0007
17.06.2015 07:15:44.277 GMT+0100,2102.553,2101.846,0.001,0.0007
17.06.2015 07:16:13.909 GMT+0100,2102.5420000000004,2101.87,0.001,0.0007
17.06.2015 07:16:14.197 GMT+0100,2102.53,2101.854,0.001,0.0007
17.06.2015 07:16:16.402 GMT+0100,2102.54,2101.8810000000003,0.001,0.0007
17.06.2015 07:16:17.392 GMT+0100,2102.559,2101.899,0.001,0.0007
17.06.2015 07:16:19.807 GMT+0100,2102.5029999999997,2101.873,0.001,0.0007
17.06.2015 07:16:29.745 GMT+0100,2102.558,2101.86,0.001,0.0007
17.06.2015 07:17:00.186 GMT+0100,2102.512,2101.8650000000002,0.001,0.0007
17.06.2015 07:17:13.979 GMT+0100,2102.521,2101.884,0.001,0.0007
17.06.2015 07:17:14.266 GMT+0100,2102.533,2101.898,0.001,0.0007
17.06.2015 07:17:26.035 GMT+0100,2102.84,2102.1620000000003,0.0003,0.0002
17.06.2015 07:17:29.865 GMT+0100,2102.814,2102.491,0.0003,0.0002
17.06.2015 07:17:29.943 GMT+0100,2102.841,2102.1710000000003,0.0003,0.0002
17.06.2015 07:17:30.325 GMT+0100,2102.835,2102.148,0.001,0.0002
17.06.2015 07:17:30.545 GMT+0100,2102.85,2102.158,0.0003,0.0002
17.06.2015 07:17:32.957 GMT+0100,2102.817,2101.824,0.0003,0.0005
17.06.2015 07:17:36.485 GMT+0100,2102.819,2101.8379999999997,0.001,0.0005
17.06.2015 07:17:42.535 GMT+0100,2102.889,2101.811,0.001,0.0005
17.06.2015 07:17:43.997 GMT+0100,2102.822,2101.834,0.001,0.0005
17.06.2015 07:17:44.185 GMT+0100,2102.854,2101.834,0.001,0.0005
17.06.2015 07:17:48.035 GMT+0100,2102.833,2101.861,0.001,0.0005
17.06.2015 07:17:48.488 GMT+0100,2102.805,2102.481,0.0003,0.0002
17.06.2015 07:17:51.495 GMT+0100,2102.826,2102.197,0.0003,0.0009
17.06.2015 07:17:59.505 GMT+0100,2102.516,2101.969,0.0003,0.0002
17.06.2015 07:17:59.822 GMT+0100,2102.502,2102.1710000000003,0.0003,0.0002
17.06.2015 07:18:23.542 GMT+0100,2102.5460000000003,2101.956,0.0003,0.0002
17.06.2015 07:18:23.980 GMT+0100,2102.315,2101.986,0.0003,0.0002
17.06.2015 07:19:31.028 GMT+0100,2102.514,2102.197,0.0003,0.0002
17.06.2015 07:19:39.025 GMT+0100,2102.516,2101.952,0.0003,0.0002
17.06.2015 07:20:01.506 GMT+0100,2102.3070000000002,2101.987,0.0003,0.0002
17.06.2015 07:20:14.504 GMT+0100,2102.349,2101.685,0.0003,0.0002
17.06.2015 07:20:16.708 GMT+0100,2102.322,2101.976,0.0003,0.0002
17.06.2015 07:20:43.154 GMT+0100,2102.502,2102.175,0.0003,0.0002
17.06.2015 07:20:43.254 GMT+0100,2102.523,2101.9970000000003,0.0003,0.0002
17.06.2015 07:21:30.675 GMT+0100,2102.513,2102.199,0.0003,0.0002
17.06.2015 07:21:35.151 GMT+0100,2102.502,2101.996,0.0003,0.0002
17.06.2015 07:21:43.512 GMT+0100,2102.531,2101.9829999999997,0.001,0.0002
17.06.2015 07:21:43.782 GMT+0100,2102.567,2101.748,0.001,0.0005
17.06.2015 07:22:13.371 GMT+0100,2102.5260000000003,2101.699,0.001,0.0005
17.06.2015 07:22:13.701 GMT+0100,2102.515,2101.694,0.001,0.0005
17.06.2015 07:22:14.607 GMT+0100,2102.508,2102.183,0.0003,0.0002
17.06.2015 07:27:18.957 GMT+0100,2101.9970000000003,2101.305,0.0007,0.0008
17.06.2015 07:27:28.197 GMT+0100,2101.985,2101.282,0.0007,0.0008
17.06.2015 07:27:48.436 GMT+0100,2101.978,2101.329,0.0007,0.0008
17.06.2015 07:27:48.766 GMT+0100,2101.95,2101.285,0.0007,0.0008
17.06.2015 07:28:16.596 GMT+0100,2101.988,2101.32,0.0007,0.0008
17.06.2015 07:28:37.936 GMT+0100,2102.001,2101.349,0.0007,0.0008
17.06.2015 07:28:41.598 GMT+0100,2101.974,2101.331,0.0007,0.0008
17.06.2015 07:28:43.435 GMT+0100,2101.984,2101.325,0.0007,0.0008
17.06.2015 07:28:43.908 GMT+0100,2101.982,2101.343,0.0007,0.0008
17.06.2015 07:29:00.385 GMT+0100,2102.065,2101.391,0.0007,0.0008
17.06.2015 07:29:05.445 GMT+0100,2101.994,2101.313,0.0007,0.0008
17.06.2015 07:29:09.405 GMT+0100,2102.011,2101.3379999999997,0.0007,0.0008
17.06.2015 07:29:09.788 GMT+0100,2102.018,2101.36,0.0007,0.0008
17.06.2015 07:29:13.500 GMT+0100,2102.07,2101.3810000000003,0.0007,0.0008
17.06.2015 07:29:13.829 GMT+0100,2102.016,2101.321,0.0007,0.0008
17.06.2015 07:29:15.236 GMT+0100,2101.968,2101.3160000000003,0.0007,0.0008
17.06.2015 07:29:15.566 GMT+0100,2102.04,2101.346,0.0007,0.0008
17.06.2015 07:29:15.896 GMT+0100,2101.965,2101.315,0.0007,0.0008
17.06.2015 07:29:19.976 GMT+0100,2101.968,2101.32,0.0007,0.0008
17.06.2015 07:29:43.509 GMT+0100,2101.922,2101.239,0.0007,0.0008
17.06.2015 07:29:43.980 GMT+0100,2101.999,2101.3160000000003,0.0007,0.0008
17.06.2015 07:29:52.414 GMT+0100,2101.988,2101.376,0.0007,0.0008
17.06.2015 07:29:52.875 GMT+0100,2101.972,2101.303,0.0007,0.0008
17.06.2015 07:30:01.104 GMT+0100,2102.019,2101.3320000000003,0.0007,0.0008
17.06.2015 07:30:01.664 GMT+0100,2101.984,2101.348,0.0007,0.0008
17.06.2015 07:30:21.685 GMT+0100,2102.032,2101.326,0.0007,0.0008
17.06.2015 07:30:22.147 GMT+0100,2101.95,2101.335,0.0007,0.0008
17.06.2015 07:30:48.524 GMT+0100,2102.016,2101.37,0.0007,0.0008
17.06.2015 07:30:48.984 GMT+0100,2101.974,2101.31,0.0007,0.0008
17.06.2015 07:30:52.924 GMT+0100,2102.04,2101.382,0.0007,0.0008
17.06.2015 07:30:53.254 GMT+0100,2101.973,2101.333,0.0007,0.0008
17.06.2015 07:30:59.194 GMT+0100,2102.036,2101.3320000000003,0.0007,0.0008
17.06.2015 07:30:59.524 GMT+0100,2102.009,2101.341,0.0007,0.0008
17.06.2015 07:31:00.844 GMT+0100,2101.989,2101.303,0.0007,0.0008
17.06.2015 07:31:12.397 GMT+0100,2101.996,2101.351,0.0007,0.0008
17.06.2015 07:31:13.007 GMT+0100,2101.976,2101.334,0.0007,0.0008
17.06.2015 07:31:13.719 GMT+0100,2102.019,2101.3650000000002,0.0007,0.0008
17.06.2015 07:31:14.264 GMT+0100,2101.985,2101.311,0.0007,0.0008
17.06.2015 07:31:46.703 GMT+0100,2102.031,2101.3379999999997,0.0007,0.0008
17.06.2015 07:31:47.035 GMT+0100,2101.989,2101.325,0.0007,0.0008
17.06.2015 07:31:48.803 GMT+0100,2102.0389999999998,2101.38,0.0007,0.0008
17.06.2015 07:31:49.243 GMT+0100,2101.976,2101.32,0.0007,0.0008
17.06.2015 07:31:51.553 GMT+0100,2102.0679999999998,2101.406,0.0007,0.0008
17.06.2015 07:31:51.883 GMT+0100,2101.987,2101.34,0.0007,0.0008
17.06.2015 07:31:54.435 GMT+0100,2101.992,2101.32,0.0007,0.0008
17.06.2015 07:32:13.663 GMT+0100,2101.978,2101.286,0.0007,0.0008
17.06.2015 07:32:13.991 GMT+0100,2101.96,2101.322,0.0007,0.0008
17.06.2015 07:32:14.380 GMT+0100,2101.904,2101.254,0.0007,0.0008
17.06.2015 07:32:14.763 GMT+0100,2101.955,2101.308,0.0007,0.0008
17.06.2015 07:32:20.483 GMT+0100,2101.936,2101.242,0.0007,0.0008
17.06.2015 07:32:43.504 GMT+0100,2102.532,2101.9900000000002,0.0003,0.0002
17.06.2015 07:32:46.579 GMT+0100,2102.561,2101.746,0.0003,0.0005
17.06.2015 07:33:22.422 GMT+0100,2102.527,2101.726,0.001,0.0005
17.06.2015 07:33:22.737 GMT+0100,2102.514,2101.73,0.001,0.0005
17.06.2015 07:33:23.081 GMT+0100,2102.547,2101.725,0.001,0.0005
17.06.2015 07:33:31.223 GMT+0100,2102.549,2101.684,0.001,0.0005
17.06.2015 07:33:34.853 GMT+0100,2102.5,2101.719,0.001,0.0005
17.06.2015 07:33:39.047 GMT+0100,2102.569,2101.694,0.001,0.0005
17.06.2015 07:33:40.571 GMT+0100,2102.5420000000004,2101.742,0.001,0.0005
17.06.2015 07:33:40.901 GMT+0100,2102.532,2101.68,0.001,0.0005
17.06.2015 07:33:43.553 GMT+0100,2102.3160000000003,2101.9900000000002,0.0003,0.0002
17.06.2015 07:33:57.279 GMT+0100,2102.532,2101.9770000000003,0.0003,0.0002
17.06.2015 07:33:59.804 GMT+0100,2102.304,2101.975,0.0003,0.0002
17.06.2015 07:34:08.006 GMT+0100,2102.339,2101.665,0.0003,0.0002
17.06.2015 07:34:09.500 GMT+0100,2102.3070000000002,2101.672,0.001,0.0002
17.06.2015 07:34:13.351 GMT+0100,2102.387,2101.335,0.001,0.0005
17.06.2015 07:34:13.570 GMT+0100,2102.329,2101.311,0.001,0.0005
17.06.2015 07:34:13.790 GMT+0100,2102.375,2101.396,0.001,0.0005
17.06.2015 07:34:14.120 GMT+0100,2102.36,2101.3810000000003,0.001,0.0005
17.06.2015 07:34:14.221 GMT+0100,2102.304,2101.9970000000003,0.0003,0.0002
17.06.2015 07:34:17.440 GMT+0100,2102.329,2101.69,0.0003,0.0009
17.06.2015 07:34:30.421 GMT+0100,2102.314,2101.647,0.001,0.0007
17.06.2015 07:34:30.860 GMT+0100,2102.355,2101.6820000000002,0.001,0.0007
17.06.2015 07:34:36.499 GMT+0100,2102.311,2101.673,0.001,0.0007
17.06.2015 07:34:36.600 GMT+0100,2102.328,2101.677,0.001,0.0007
17.06.2015 07:34:37.790 GMT+0100,2102.329,2101.655,0.001,0.0007
17.06.2015 07:34:40.760 GMT+0100,2102.3070000000002,2101.645,0.001,0.0007
17.06.2015 07:34:44.857 GMT+0100,2102.348,2101.7,0.001,0.0007
17.06.2015 07:34:46.044 GMT+0100,2102.3120000000004,2101.6870000000004,0.001,0.0007
17.06.2015 07:34:53.092 GMT+0100,2102.335,2101.672,0.001,0.0007
17.06.2015 07:34:55.830 GMT+0100,2102.324,2101.689,0.001,0.0007
17.06.2015 07:34:57.808 GMT+0100,2102.507,2101.998,0.0003,0.0002
17.06.2015 07:34:58.109 GMT+0100,2102.327,2101.986,0.0003,0.0002
17.06.2015 07:35:07.136 GMT+0100,2102.3360000000002,2101.6910000000003,0.0003,0.0002
17.06.2015 07:35:15.958 GMT+0100,2102.322,2101.985,0.0003,0.0002
17.06.2015 07:35:19.896 GMT+0100,2102.034,2101.621,0.0003,0.0002
17.06.2015 07:35:28.090 GMT+0100,2101.829,2101.4139999999998,0.0003,0.0002
17.06.2015 07:35:28.594 GMT+0100,2102.001,2101.488,0.0003,0.0002
17.06.2015 07:35:35.321 GMT+0100,2102.021,2101.491,0.001,0.0002
17.06.2015 07:35:38.400 GMT+0100,2102.01,2101.232,0.001,0.0005
17.06.2015 07:35:39.390 GMT+0100,2102.013,2101.212,0.001,0.0005
17.06.2015 07:35:43.906 GMT+0100,2102.078,2100.9610000000002,0.001,0.0007
17.06.2015 07:35:44.235 GMT+0100,2102.0029999999997,2100.9700000000003,0.001,0.0007
17.06.2015 07:35:49.730 GMT+0100,2102.064,2100.942,0.001,0.0007
17.06.2015 07:36:00.669 GMT+0100,2102.024,2100.918,0.001,0.0007
17.06.2015 07:36:01.060 GMT+0100,2102.033,2100.928,0.001,0.0007
17.06.2015 07:36:06.230 GMT+0100,2102.027,2100.995,0.001,0.0007
17.06.2015 07:36:09.640 GMT+0100,2102.094,2100.924,0.001,0.0007
17.06.2015 07:36:09.860 GMT+0100,2102.0660000000003,2100.9320000000002,0.001,0.0007
17.06.2015 07:36:10.504 GMT+0100,2101.826,2101.494,0.0003,0.0002
17.06.2015 07:36:11.153 GMT+0100,2102.011,2101.469,0.0003,0.0002
17.06.2015 07:36:11.840 GMT+0100,2102.02,2101.498,0.001,0.0002
17.06.2015 07:36:12.720 GMT+0100,2102.036,2101.478,0.0003,0.0002
17.06.2015 07:36:13.050 GMT+0100,2102.031,2101.4970000000003,0.001,0.0002
17.06.2015 07:36:13.270 GMT+0100,2102.009,2101.4770000000003,0.0003,0.0002
17.06.2015 07:36:14.149 GMT+0100,2102.044,2101.23,0.001,0.0005
17.06.2015 07:36:14.483 GMT+0100,2102.038,2101.185,0.001,0.0005
17.06.2015 07:36:28.255 GMT+0100,2101.804,2101.494,0.0003,0.0002
17.06.2015 07:36:31.523 GMT+0100,2101.829,2101.158,0.0003,0.0009
17.06.2015 07:36:33.399 GMT+0100,2101.846,2101.18,0.001,0.0007
17.06.2015 07:36:39.669 GMT+0100,2101.814,2101.148,0.001,0.0007
17.06.2015 07:36:39.999 GMT+0100,2101.815,2101.199,0.001,0.0002
17.06.2015 07:36:40.439 GMT+0100,2101.8320000000003,2101.1820000000002,0.001,0.0002
17.06.2015 07:36:44.069 GMT+0100,2101.8120000000004,2100.8179999999998,0.001,0.0005
17.06.2015 07:36:44.289 GMT+0100,2101.8450000000003,2100.862,0.001,0.0005
17.06.2015 07:36:47.699 GMT+0100,2101.8120000000004,2100.8179999999998,0.001,0.0005
17.06.2015 07:36:48.029 GMT+0100,2101.803,2100.899,0.001,0.0005
17.06.2015 07:36:52.516 GMT+0100,2102.029,2101.487,0.0003,0.0002
17.06.2015 07:36:53.012 GMT+0100,2102.016,2101.479,0.001,0.0002
17.06.2015 07:36:54.959 GMT+0100,2102.0370000000003,2101.493,0.0003,0.0002
17.06.2015 07:36:55.682 GMT+0100,2102.071,2101.232,0.0003,0.0005
17.06.2015 07:37:05.629 GMT+0100,2102.049,2101.177,0.001,0.0005
17.06.2015 07:37:07.956 GMT+0100,2102.3450000000003,2101.694,0.0003,0.0002
17.06.2015 07:37:10.664 GMT+0100,2102.309,2101.9770000000003,0.0003,0.0002
17.06.2015 07:37:22.201 GMT+0100,2102.018,2101.633,0.0003,0.0002
17.06.2015 07:37:34.526 GMT+0100,2102.303,2101.993,0.0003,0.0002
17.06.2015 07:38:25.124 GMT+0100,2102.55,2101.951,0.0003,0.0002
17.06.2015 07:38:27.965 GMT+0100,2102.326,2101.9829999999997,0.0003,0.0002
17.06.2015 07:38:35.045 GMT+0100,2102.3450000000003,2101.678,0.0003,0.0002
17.06.2015 07:38:35.652 GMT+0100,2102.321,2101.665,0.001,0.0002
17.06.2015 07:38:35.837 GMT+0100,2102.335,2101.6639999999998,0.0003,0.0002
17.06.2015 07:38:35.982 GMT+0100,2102.302,2101.9970000000003,0.0003,0.0002
17.06.2015 07:38:51.696 GMT+0100,2102.5260000000003,2101.996,0.0003,0.0002
17.06.2015 07:39:01.301 GMT+0100,2102.302,2101.987,0.0003,0.0002
17.06.2015 07:39:05.200 GMT+0100,2102.547,2101.994,0.0003,0.0002
17.06.2015 07:39:05.635 GMT+0100,2102.3070000000002,2101.995,0.0003,0.0002
17.06.2015 07:39:10.113 GMT+0100,2102.52,2101.985,0.0003,0.0002
17.06.2015 07:39:14.923 GMT+0100,2102.305,2101.982,0.0003,0.0002
17.06.2015 07:39:15.023 GMT+0100,2102.543,2101.962,0.0003,0.0002
17.06.2015 07:39:46.591 GMT+0100,2102.523,2102.186,0.0003,0.0002
17.06.2015 07:39:58.418 GMT+0100,2102.301,2101.9970000000003,0.0003,0.0002
17.06.2015 07:39:58.518 GMT+0100,2102.548,2101.953,0.0003,0.0002
17.06.2015 07:40:04.734 GMT+0100,2102.304,2101.978,0.0003,0.0002
17.06.2015 07:40:34.828 GMT+0100,2102.347,2101.641,0.0003,0.0002
17.06.2015 07:40:35.079 GMT+0100,2102.339,2101.66,0.001,0.0002
17.06.2015 07:40:35.409 GMT+0100,2102.341,2101.694,0.0003,0.0002
17.06.2015 07:40:37.998 GMT+0100,2102.3579999999997,2101.376,0.0003,0.0005
17.06.2015 07:40:39.369 GMT+0100,2102.326,2101.3520000000003,0.001,0.0005
17.06.2015 07:40:39.804 GMT+0100,2102.319,2101.387,0.001,0.0005
17.06.2015 07:40:41.459 GMT+0100,2102.341,2101.325,0.001,0.0005
17.06.2015 07:40:43.438 GMT+0100,2102.335,2101.399,0.001,0.0005
17.06.2015 07:40:43.768 GMT+0100,2102.304,2101.389,0.001,0.0005
17.06.2015 07:40:44.208 GMT+0100,2102.3520000000003,2101.382,0.001,0.0005
17.06.2015 07:40:51.578 GMT+0100,2102.319,2101.384,0.001,0.0005
17.06.2015 07:40:53.668 GMT+0100,2102.306,2101.333,0.001,0.0005
17.06.2015 07:40:53.888 GMT+0100,2102.385,2101.343,0.001,0.0005
17.06.2015 07:40:58.948 GMT+0100,2102.3810000000003,2101.315,0.001,0.0005
17.06.2015 07:41:03.017 GMT+0100,2102.377,2101.386,0.001,0.0005
17.06.2015 07:41:11.389 GMT+0100,2102.339,2101.364,0.001,0.0005
17.06.2015 07:41:14.127 GMT+0100,2102.375,2101.357,0.001,0.0005
17.06.2015 07:41:14.567 GMT+0100,2102.3810000000003,2101.311,0.001,0.0005
17.06.2015 07:41:16.536 GMT+0100,2102.313,2101.684,0.0003,0.0002
17.06.2015 07:41:23.869 GMT+0100,2102.333,2101.368,0.001,0.0005
17.06.2015 07:41:33.548 GMT+0100,2102.33,2101.3650000000002,0.001,0.0005
17.06.2015 07:41:41.097 GMT+0100,2102.39,2101.373,0.001,0.0005
17.06.2015 07:41:43.410 GMT+0100,2102.384,2101.382,0.001,0.0005
17.06.2015 07:41:43.740 GMT+0100,2102.371,2101.373,0.001,0.0005
17.06.2015 07:41:43.948 GMT+0100,2102.337,2101.395,0.001,0.0005
17.06.2015 07:41:52.297 GMT+0100,2102.313,2101.377,0.001,0.0005
17.06.2015 07:41:52.627 GMT+0100,2102.34,2101.348,0.001,0.0005
17.06.2015 07:41:53.177 GMT+0100,2102.342,2101.334,0.001,0.0005
17.06.2015 07:41:53.397 GMT+0100,2102.306,2101.396,0.001,0.0005
17.06.2015 07:41:54.167 GMT+0100,2102.367,2101.36,0.001,0.0005
17.06.2015 07:42:00.676 GMT+0100,2102.344,2101.363,0.001,0.0005
17.06.2015 07:42:02.665 GMT+0100,2102.013,2101.686,0.0003,0.0002
17.06.2015 07:42:05.824 GMT+0100,2102.024,2101.518,0.0003,0.0005
17.06.2015 07:42:09.483 GMT+0100,2102.319,2101.6929999999998,0.0003,0.0002
17.06.2015 07:42:12.579 GMT+0100,2102.346,2101.695,0.001,0.0002
17.06.2015 07:42:13.766 GMT+0100,2102.337,2101.6620000000003,0.001,0.0002
17.06.2015 07:42:14.234 GMT+0100,2102.3379999999997,2101.644,0.001,0.0002
17.06.2015 07:42:15.225 GMT+0100,2102.387,2101.348,0.001,0.0005
17.06.2015 07:42:15.416 GMT+0100,2102.3779999999997,2101.328,0.001,0.0005
17.06.2015 07:42:26.220 GMT+0100,2102.007,2101.67,0.001,0.0002
17.06.2015 07:42:26.526 GMT+0100,2102.029,2101.69,0.0003,0.0002
17.06.2015 07:42:29.472 GMT+0100,2102.03,2101.387,0.0003,0.0009
17.06.2015 07:42:39.085 GMT+0100,2102.0460000000003,2101.359,0.001,0.0007
17.06.2015 07:42:39.616 GMT+0100,2102.0570000000002,2101.369,0.001,0.0007
17.06.2015 07:42:45.046 GMT+0100,2102.014,2101.348,0.001,0.0007
17.06.2015 07:42:45.226 GMT+0100,2102.025,2101.342,0.001,0.0007
17.06.2015 07:42:58.535 GMT+0100,2102.019,2101.391,0.001,0.0007
17.06.2015 07:42:58.896 GMT+0100,2102.022,2101.35,0.001,0.0007
17.06.2015 07:42:59.085 GMT+0100,2102.0570000000002,2101.373,0.001,0.0007
17.06.2015 07:43:02.936 GMT+0100,2102.02,2101.36,0.001,0.0007
17.06.2015 07:43:06.611 GMT+0100,2101.8179999999998,2101.481,0.0003,0.0002
17.06.2015 07:43:06.836 GMT+0100,2101.805,2101.174,0.0003,0.0002
17.06.2015 07:43:13.415 GMT+0100,2101.513,2101.1910000000003,0.0003,0.0002
17.06.2015 07:43:13.545 GMT+0100,2101.837,2101.174,0.0003,0.0002
17.06.2015 07:43:14.036 GMT+0100,2101.8070000000002,2101.179,0.001,0.0002
17.06.2015 07:43:42.754 GMT+0100,2101.8520000000003,2101.181,0.001,0.0002
17.06.2015 07:43:44.405 GMT+0100,2101.833,2100.854,0.001,0.0005
17.06.2015 07:43:44.624 GMT+0100,2101.819,2100.893,0.001,0.0005
17.06.2015 07:43:58.989 GMT+0100,2101.89,2100.8779999999997,0.001,0.0005
17.06.2015 07:44:01.784 GMT+0100,2101.862,2100.827,0.001,0.0005
17.06.2015 07:44:04.123 GMT+0100,2101.806,2101.179,0.0003,0.0002
17.06.2015 07:44:05.150 GMT+0100,2101.83,2101.17,0.001,0.0002
17.06.2015 07:44:13.270 GMT+0100,2101.862,2100.882,0.001,0.0005
17.06.2015 07:44:13.444 GMT+0100,2101.802,2100.824,0.001,0.0005
17.06.2015 07:44:15.250 GMT+0100,2101.813,2101.157,0.001,0.0002
17.06.2015 07:44:20.704 GMT+0100,2101.853,2100.87,0.001,0.0005
17.06.2015 07:44:21.144 GMT+0100,2101.874,2100.895,0.001,0.0005
17.06.2015 07:44:24.334 GMT+0100,2101.83,2100.817,0.001,0.0005
17.06.2015 07:44:29.766 GMT+0100,2101.8070000000002,2100.874,0.001,0.0005
17.06.2015 07:44:44.024 GMT+0100,2101.82,2100.8720000000003,0.001,0.0005
17.06.2015 07:44:44.446 GMT+0100,2101.8810000000003,2100.824,0.001,0.0005
17.06.2015 07:45:05.362 GMT+0100,2101.83,2100.8450000000003,0.001,0.0005
17.06.2015 07:45:11.522 GMT+0100,2101.847,2100.811,0.001,0.0005
17.06.2015 07:45:11.863 GMT+0100,2101.885,2100.8650000000002,0.001,0.0005
17.06.2015 07:45:13.162 GMT+0100,2101.822,2100.883,0.001,0.0005
17.06.2015 07:45:14.933 GMT+0100,2101.82,2100.823,0.001,0.0005
17.06.2015 07:45:38.032 GMT+0100,2101.86,2100.885,0.001,0.0005
17.06.2015 07:45:41.251 GMT+0100,2101.822,2101.4970000000003,0.0003,0.0002
17.06.2015 07:45:44.454 GMT+0100,2101.853,2101.143,0.0003,0.0009
17.06.2015 07:46:07.071 GMT+0100,2101.811,2101.179,0.001,0.0007
17.06.2015 07:46:10.921 GMT+0100,2101.831,2101.1670000000004,0.001,0.0007
17.06.2015 07:46:11.471 GMT+0100,2101.855,2101.1510000000003,0.001,0.0007
17.06.2015 07:46:14.122 GMT+0100,2101.8379999999997,2101.179,0.001,0.0007
17.06.2015 07:46:14.240 GMT+0100,2101.8450000000003,2101.15,0.001,0.0007
17.06.2015 07:46:43.371 GMT+0100,2101.822,2101.192,0.001,0.0007
17.06.2015 07:46:43.605 GMT+0100,2101.843,2101.154,0.001,0.0007
17.06.2015 07:46:49.750 GMT+0100,2101.809,2101.1910000000003,0.001,0.0007
17.06.2015 07:47:02.290 GMT+0100,2101.854,2101.165,0.001,0.0007
17.06.2015 07:47:03.060 GMT+0100,2101.849,2101.18,0.001,0.0007
17.06.2015 07:47:03.280 GMT+0100,2101.843,2101.161,0.001,0.0007
17.06.2015 07:47:05.198 GMT+0100,2102.03,2101.46,0.0003,0.0002
17.06.2015 07:47:08.317 GMT+0100,2102.058,2101.1910000000003,0.0003,0.0005
17.06.2015 07:47:13.648 GMT+0100,2102.0679999999998,2101.189,0.001,0.0005
17.06.2015 07:47:13.979 GMT+0100,2102.048,2101.186,0.001,0.0005
17.06.2015 07:47:18.259 GMT+0100,2102.032,2101.237,0.001,0.0005
17.06.2015 07:47:19.927 GMT+0100,2102.001,2101.6929999999998,0.0003,0.0002
17.06.2015 07:47:20.026 GMT+0100,2102.357,2101.665,0.0003,0.0002
17.06.2015 07:47:20.440 GMT+0100,2102.3450000000003,2101.681,0.001,0.0002
17.06.2015 07:47:20.770 GMT+0100,2102.334,2101.645,0.001,0.0002
17.06.2015 07:47:25.531 GMT+0100,2102.311,2101.646,0.001,0.0002
17.06.2015 07:47:25.719 GMT+0100,2102.331,2101.678,0.001,0.0002
17.06.2015 07:47:29.239 GMT+0100,2102.341,2101.39,0.001,0.0005
17.06.2015 07:47:44.107 GMT+0100,2102.355,2101.3779999999997,0.001,0.0008
17.06.2015 07:47:44.419 GMT+0100,2102.3810000000003,2101.3320000000003,0.001,0.0005
17.06.2015 07:47:45.209 GMT+0100,2102.548,2101.955,0.0003,0.0002
17.06.2015 07:47:48.209 GMT+0100,2102.5660000000003,2101.746,0.0003,0.0005
17.06.2015 07:47:49.830 GMT+0100,2102.512,2101.722,0.001,0.0005
17.06.2015 07:47:52.339 GMT+0100,2102.556,2101.7400000000002,0.001,0.0005
17.06.2015 07:47:59.532 GMT+0100,2102.5660000000003,2101.721,0.001,0.0005
17.06.2015 07:47:59.709 GMT+0100,2102.502,2101.734,0.001,0.0005
17.06.2015 07:48:07.959 GMT+0100,2102.5389999999998,2101.676,0.001,0.0005
17.06.2015 07:48:09.130 GMT+0100,2102.351,2101.6639999999998,0.001,0.0002
17.06.2015 07:48:09.389 GMT+0100,2102.317,2101.681,0.0003,0.0002
17.06.2015 07:48:10.159 GMT+0100,2102.351,2101.6910000000003,0.001,0.0002
17.06.2015 07:48:10.728 GMT+0100,2102.335,2101.69,0.0003,0.0002
17.06.2015 07:48:12.170 GMT+0100,2102.388,2101.369,0.0003,0.0005
17.06.2015 07:48:14.999 GMT+0100,2102.337,2101.3320000000003,0.001,0.0005
17.06.2015 07:48:15.343 GMT+0100,2102.366,2101.395,0.001,0.0005
17.06.2015 07:48:27.428 GMT+0100,2102.351,2101.3450000000003,0.001,0.0005
17.06.2015 07:48:40.978 GMT+0100,2102.3450000000003,2101.396,0.001,0.0005
17.06.2015 07:48:43.490 GMT+0100,2102.324,2101.9770000000003,0.0003,0.0002
17.06.2015 07:48:47.692 GMT+0100,2102.522,2101.9900000000002,0.0003,0.0002
17.06.2015 07:49:02.618 GMT+0100,2102.3179999999998,2101.974,0.0003,0.0002
17.06.2015 07:49:04.521 GMT+0100,2102.327,2101.696,0.0003,0.0002
17.06.2015 07:49:10.804 GMT+0100,2102.301,2101.985,0.0003,0.0002
17.06.2015 07:49:11.575 GMT+0100,2102.32,2101.659,0.0003,0.0002
17.06.2015 07:49:13.247 GMT+0100,2102.011,2101.6910000000003,0.0003,0.0002
17.06.2015 07:49:28.863 GMT+0100,2102.309,2101.694,0.0003,0.0002
17.06.2015 07:49:29.157 GMT+0100,2102.335,2101.646,0.001,0.0002
17.06.2015 07:49:31.371 GMT+0100,2102.341,2101.641,0.0003,0.0002
17.06.2015 07:49:31.470 GMT+0100,2102.0029999999997,2101.697,0.0003,0.0002
17.06.2015 07:49:32.171 GMT+0100,2102.333,2101.645,0.0003,0.0002
17.06.2015 07:49:34.217 GMT+0100,2102.349,2101.655,0.001,0.0002
17.06.2015 07:49:43.832 GMT+0100,2102.325,2101.363,0.001,0.0005
17.06.2015 07:49:44.117 GMT+0100,2102.366,2101.396,0.001,0.0005
17.06.2015 07:49:44.777 GMT+0100,2102.328,2101.324,0.001,0.0005
17.06.2015 07:49:45.217 GMT+0100,2102.34,2101.382,0.001,0.0005
17.06.2015 07:49:50.710 GMT+0100,2102.314,2101.9770000000003,0.0003,0.0002
17.06.2015 07:49:53.759 GMT+0100,2102.334,2101.674,0.0003,0.0009
17.06.2015 07:49:57.537 GMT+0100,2102.3,2101.649,0.001,0.0007
17.06.2015 07:49:58.637 GMT+0100,2101.712,2101.053,0.0007,0.0008
17.06.2015 07:50:00.138 GMT+0100,2102.315,2101.68,0.0003,0.0002
17.06.2015 07:50:01.498 GMT+0100,2102.302,2101.663,0.001,0.0002
17.06.2015 07:50:01.731 GMT+0100,2102.343,2101.6910000000003,0.0003,0.0002
17.06.2015 07:50:03.331 GMT+0100,2102.3320000000003,2101.343,0.0003,0.0005
17.06.2015 07:50:05.458 GMT+0100,2102.3179999999998,2101.391,0.001,0.0005
17.06.2015 07:50:07.548 GMT+0100,2102.355,2101.317,0.001,0.0005
17.06.2015 07:50:08.098 GMT+0100,2102.339,2101.341,0.001,0.0005
17.06.2015 07:50:09.116 GMT+0100,2102.3379999999997,2101.399,0.001,0.0005
17.06.2015 07:50:10.066 GMT+0100,2102.022,2101.609,0.001,0.0002
17.06.2015 07:50:10.408 GMT+0100,2102.3520000000003,2101.694,0.0003,0.0002
17.06.2015 07:50:10.628 GMT+0100,2102.3450000000003,2101.646,0.001,0.0002
17.06.2015 07:50:14.148 GMT+0100,2102.38,2101.366,0.001,0.0005
17.06.2015 07:50:14.588 GMT+0100,2102.315,2101.356,0.001,0.0005
17.06.2015 07:50:24.073 GMT+0100,2102.347,2101.333,0.001,0.0005
17.06.2015 07:50:27.350 GMT+0100,2102.323,2101.994,0.0003,0.0002
17.06.2015 07:50:30.624 GMT+0100,2102.331,2101.692,0.0003,0.0009
17.06.2015 07:50:30.674 GMT+0100,2102.335,2101.698,0.001,0.0007
17.06.2015 07:50:33.507 GMT+0100,2102.3379999999997,2101.675,0.001,0.0007
17.06.2015 07:50:33.975 GMT+0100,2102.339,2101.6510000000003,0.0003,0.0002
17.06.2015 07:50:36.896 GMT+0100,2102.379,2101.377,0.0003,0.0005
17.06.2015 07:50:37.720 GMT+0100,2102.315,2101.992,0.0003,0.0002
17.06.2015 07:50:51.944 GMT+0100,2102.01,2101.624,0.0003,0.0002
17.06.2015 07:50:59.860 GMT+0100,2102.317,2101.656,0.0003,0.0002
17.06.2015 07:51:08.173 GMT+0100,2102.024,2101.697,0.0003,0.0002
17.06.2015 07:51:14.286 GMT+0100,2102.314,2101.698,0.0003,0.0002
17.06.2015 07:51:14.586 GMT+0100,2102.31,2101.987,0.0003,0.0002
17.06.2015 07:51:19.697 GMT+0100,2102.018,2101.69,0.0003,0.0002
17.06.2015 07:51:48.745 GMT+0100,2102.3579999999997,2101.68,0.0003,0.0002
17.06.2015 07:51:49.122 GMT+0100,2102.334,2101.677,0.001,0.0002
17.06.2015 07:52:01.526 GMT+0100,2102.321,2101.652,0.001,0.0002
17.06.2015 07:52:02.186 GMT+0100,2102.302,2101.672,0.001,0.0002
17.06.2015 07:52:07.796 GMT+0100,2102.354,2101.663,0.001,0.0002
17.06.2015 07:52:08.182 GMT+0100,2102.35,2101.641,0.001,0.0002
17.06.2015 07:52:08.566 GMT+0100,2102.328,2101.3360000000002,0.001,0.0005
17.06.2015 07:52:08.803 GMT+0100,2102.357,2101.382,0.001,0.0005
17.06.2015 07:52:12.196 GMT+0100,2102.321,2101.394,0.001,0.0005
17.06.2015 07:52:12.636 GMT+0100,2102.387,2101.396,0.001,0.0005
17.06.2015 07:52:14.835 GMT+0100,2102.347,2101.357,0.001,0.0005
17.06.2015 07:52:15.165 GMT+0100,2102.346,2101.375,0.001,0.0005
17.06.2015 07:52:17.519 GMT+0100,2102.004,2101.678,0.0003,0.0002
17.06.2015 07:52:20.760 GMT+0100,2102.016,2101.514,0.0003,0.0005
17.06.2015 07:52:24.440 GMT+0100,2102.007,2101.524,0.001,0.0005
17.06.2015 07:52:24.748 GMT+0100,2102.01,2101.516,0.001,0.0005
17.06.2015 07:52:25.431 GMT+0100,2102.0370000000003,2101.54,0.001,0.0005
17.06.2015 07:52:37.495 GMT+0100,2102.031,2101.516,0.001,0.0005
17.06.2015 07:52:37.935 GMT+0100,2102.031,2101.548,0.001,0.0005
17.06.2015 07:52:38.595 GMT+0100,2102.03,2101.532,0.001,0.0005
17.06.2015 07:52:43.985 GMT+0100,2102.033,2101.344,0.001,0.0007
17.06.2015 07:52:44.205 GMT+0100,2102.051,2101.38,0.001,0.0007
17.06.2015 07:53:02.245 GMT+0100,2102.0260000000003,2101.375,0.001,0.0007
17.06.2015 07:53:02.465 GMT+0100,2102.045,2101.344,0.001,0.0007
17.06.2015 07:53:04.359 GMT+0100,2102.021,2101.351,0.001,0.0007
17.06.2015 07:53:05.545 GMT+0100,2102.036,2101.373,0.001,0.0007
17.06.2015 07:53:05.604 GMT+0100,2102.029,2101.462,0.001,0.0002
17.06.2015 07:53:05.985 GMT+0100,2102.036,2101.454,0.0003,0.0002
17.06.2015 07:53:06.307 GMT+0100,2102.305,2101.654,0.0003,0.0002
17.06.2015 07:53:13.217 GMT+0100,2102.309,2101.987,0.0003,0.0002
17.06.2015 07:53:14.121 GMT+0100,2102.331,2101.661,0.0003,0.0002
17.06.2015 07:53:21.173 GMT+0100,2102.31,2101.697,0.001,0.0002
17.06.2015 07:53:21.494 GMT+0100,2102.324,2101.354,0.001,0.0005
17.06.2015 07:53:21.934 GMT+0100,2102.3579999999997,2101.331,0.001,0.0005
17.06.2015 07:53:22.489 GMT+0100,2102.309,2101.337,0.001,0.0005
17.06.2015 07:53:24.182 GMT+0100,2102.324,2101.3360000000002,0.001,0.0005
17.06.2015 07:53:26.346 GMT+0100,2102.002,2101.6870000000004,0.0003,0.0002
17.06.2015 07:53:29.412 GMT+0100,2102.0370000000003,2101.549,0.0003,0.0005
17.06.2015 07:53:29.463 GMT+0100,2102.001,2101.528,0.001,0.0005
17.06.2015 07:53:30.514 GMT+0100,2102.009,2101.516,0.001,0.0005
17.06.2015 07:53:31.504 GMT+0100,2102.013,2101.513,0.001,0.0005
17.06.2015 07:53:32.275 GMT+0100,2102.013,2101.547,0.001,0.0005
17.06.2015 07:53:36.894 GMT+0100,2102.0060000000003,2101.5170000000003,0.001,0.0005
17.06.2015 07:53:39.314 GMT+0100,2102.0029999999997,2101.513,0.001,0.0005
17.06.2015 07:53:39.534 GMT+0100,2102.008,2101.521,0.001,0.0005
17.06.2015 07:53:41.624 GMT+0100,2102.04,2101.524,0.001,0.0005
17.06.2015 07:53:43.494 GMT+0100,2102.041,2101.532,0.001,0.0005
17.06.2015 07:53:44.611 GMT+0100,2102.014,2101.547,0.001,0.0005
17.06.2015 07:53:45.271 GMT+0100,2102.047,2101.398,0.001,0.0007
17.06.2015 07:53:46.354 GMT+0100,2102.009,2101.34,0.001,0.0007
17.06.2015 07:53:46.592 GMT+0100,2102.0420000000004,2101.394,0.001,0.0007
17.06.2015 07:53:46.794 GMT+0100,2102.043,2101.341,0.001,0.0007
17.06.2015 07:53:50.424 GMT+0100,2102.055,2101.399,0.001,0.0007
17.06.2015 07:53:51.413 GMT+0100,2102.009,2101.375,0.001,0.0007
17.06.2015 07:53:51.744 GMT+0100,2102.032,2101.389,0.001,0.0007
17.06.2015 07:53:52.384 GMT+0100,2102.014,2101.674,0.0003,0.0002
17.06.2015 07:53:58.195 GMT+0100,2102.0460000000003,2101.489,0.0003,0.0002
17.06.2015 07:53:58.997 GMT+0100,2101.8070000000002,2101.482,0.0003,0.0002
17.06.2015 07:54:02.914 GMT+0100,2102.014,2101.46,0.0003,0.0002
17.06.2015 07:54:03.522 GMT+0100,2102,2101.447,0.001,0.0002
17.06.2015 07:54:04.393 GMT+0100,2101.803,2101.472,0.0003,0.0002
17.06.2015 07:54:07.242 GMT+0100,2101.811,2101.337,0.0003,0.0005
17.06.2015 07:54:08.942 GMT+0100,2102.014,2101.482,0.0003,0.0002
17.06.2015 07:54:11.628 GMT+0100,2101.825,2101.4900000000002,0.0003,0.0002
17.06.2015 07:54:50.221 GMT+0100,2102.049,2101.489,0.0003,0.0002
17.06.2015 07:55:21.011 GMT+0100,2102.015,2101.6710000000003,0.0003,0.0002
17.06.2015 07:55:44.257 GMT+0100,2102.301,2101.641,0.0003,0.0002
17.06.2015 07:55:44.613 GMT+0100,2102.301,2101.669,0.001,0.0002
17.06.2015 07:55:44.943 GMT+0100,2102.321,2101.6510000000003,0.001,0.0002
17.06.2015 07:55:45.163 GMT+0100,2102.337,2101.676,0.001,0.0002
17.06.2015 07:55:46.814 GMT+0100,2102.315,2101.659,0.0003,0.0002
17.06.2015 07:55:47.424 GMT+0100,2102.379,2101.388,0.0003,0.0005
17.06.2015 07:55:49.123 GMT+0100,2102.3810000000003,2101.343,0.001,0.0005
17.06.2015 07:56:00.563 GMT+0100,2102.302,2101.38,0.001,0.0005
17.06.2015 07:56:08.696 GMT+0100,2102.3320000000003,2101.663,0.001,0.0002
17.06.2015 07:56:08.922 GMT+0100,2102.313,2101.654,0.0003,0.0002
17.06.2015 07:56:11.710 GMT+0100,2102.342,2101.343,0.0003,0.0005
17.06.2015 07:56:15.082 GMT+0100,2102.325,2101.324,0.001,0.0005
17.06.2015 07:56:15.671 GMT+0100,2102.3579999999997,2101.384,0.001,0.0005
17.06.2015 07:56:22.242 GMT+0100,2102.3379999999997,2101.329,0.001,0.0005
17.06.2015 07:56:23.672 GMT+0100,2102.346,2101.377,0.001,0.0005
17.06.2015 07:56:25.542 GMT+0100,2102.3779999999997,2101.38,0.001,0.0005
17.06.2015 07:56:26.130 GMT+0100,2102.317,2101.397,0.001,0.0005
17.06.2015 07:56:33.242 GMT+0100,2102.39,2101.36,0.001,0.0005
17.06.2015 07:56:33.572 GMT+0100,2102.366,2101.3720000000003,0.001,0.0005
17.06.2015 07:56:38.868 GMT+0100,2102.3779999999997,2101.33,0.001,0.0005
17.06.2015 07:56:44.352 GMT+0100,2102.314,2101.361,0.001,0.0005
17.06.2015 07:56:44.927 GMT+0100,2102.317,2101.353,0.001,0.0005
17.06.2015 07:56:45.496 GMT+0100,2102.343,2101.367,0.001,0.0005
17.06.2015 07:56:57.551 GMT+0100,2102.3650000000002,2101.3360000000002,0.001,0.0005
17.06.2015 07:57:06.819 GMT+0100,2102.321,2101.673,0.001,0.0002
17.06.2015 07:57:07.122 GMT+0100,2102.3320000000003,2101.665,0.0003,0.0002
17.06.2015 07:57:07.892 GMT+0100,2102.346,2101.698,0.001,0.0002
17.06.2015 07:57:14.746 GMT+0100,2102.3379999999997,2101.7,0.001,0.0002
17.06.2015 07:57:15.041 GMT+0100,2102.328,2101.6420000000003,0.001,0.0002
17.06.2015 07:57:21.421 GMT+0100,2102.349,2101.696,0.001,0.0002
17.06.2015 07:57:29.142 GMT+0100,2102.324,2101.646,0.001,0.0002
17.06.2015 07:57:32.971 GMT+0100,2102.375,2101.396,0.001,0.0005
17.06.2015 07:57:33.966 GMT+0100,2102.383,2101.396,0.001,0.0005
17.06.2015 07:57:34.181 GMT+0100,2102.308,2101.327,0.001,0.0005
17.06.2015 07:57:45.290 GMT+0100,2102.324,2101.366,0.001,0.0005
17.06.2015 07:57:55.521 GMT+0100,2102.3160000000003,2101.357,0.001,0.0005
17.06.2015 07:58:14.550 GMT+0100,2102.361,2101.3920000000003,0.001,0.0005
17.06.2015 07:58:14.881 GMT+0100,2102.304,2101.363,0.001,0.0005
17.06.2015 07:58:35.890 GMT+0100,2102.357,2101.37,0.001,0.0005
17.06.2015 07:58:37.540 GMT+0100,2102.308,2101.335,0.001,0.0005
17.06.2015 07:58:42.390 GMT+0100,2102.3450000000003,2101.375,0.001,0.0005
17.06.2015 07:59:00.529 GMT+0100,2102.306,2101.359,0.001,0.0005
17.06.2015 07:59:09.755 GMT+0100,2101.822,2101.481,0.001,0.0002
17.06.2015 07:59:10.099 GMT+0100,2101.82,2101.498,0.0003,0.0002
17.06.2015 07:59:12.870 GMT+0100,2101.822,2101.325,0.0003,0.0005
17.06.2015 07:59:14.829 GMT+0100,2101.8160000000003,2101.3450000000003,0.001,0.0005
17.06.2015 07:59:15.489 GMT+0100,2101.822,2101.3320000000003,0.001,0.0005
17.06.2015 07:59:33.199 GMT+0100,2101.825,2101.34,0.001,0.0005
17.06.2015 07:59:43.539 GMT+0100,2101.839,2101.308,0.001,0.0005
17.06.2015 07:59:46.288 GMT+0100,2101.129,2100.438,0.0007,0.0008
17.06.2015 07:59:46.508 GMT+0100,2101.418,2100.715,0.0007,0.0008
17.06.2015 07:59:52.316 GMT+0100,2102.015,2101.679,0.0003,0.0002
17.06.2015 07:59:52.417 GMT+0100,2102.309,2101.7,0.0003,0.0002
17.06.2015 07:59:54.539 GMT+0100,2102.34,2101.689,0.001,0.0002
17.06.2015 07:59:58.292 GMT+0100,2102.309,2101.972,0.0003,0.0002
17.06.2015 07:59:59.073 GMT+0100,2102.329,2101.6910000000003,0.0003,0.0002
17.06.2015 07:59:59.130 GMT+0100,2102.315,2101.98,0.0003,0.0002
17.06.2015 08:00:00.440 GMT+0100,2102.009,2101.599,0.0003,0.0002
17.06.2015 08:00:00.808 GMT+0100,2102.348,2101.674,0.001,0.0002
17.06.2015 08:00:01.248 GMT+0100,2102.331,2101.643,0.0003,0.0002
17.06.2015 08:00:02.130 GMT+0100,2102.335,2101.646,0.001,0.0002
17.06.2015 08:00:02.755 GMT+0100,2102.021,2101.495,0.001,0.0002
17.06.2015 08:00:02.805 GMT+0100,2102.048,2101.4700000000003,0.001,0.0002
17.06.2015 08:00:03.120 GMT+0100,2102.0420000000004,2101.473,0.0003,0.0002
17.06.2015 08:00:05.072 GMT+0100,2101.825,2101.4700000000003,0.0003,0.0002
17.06.2015 08:00:05.168 GMT+0100,2101.856,2101.184,0.0003,0.0002
17.06.2015 08:00:05.430 GMT+0100,2101.849,2101.194,0.001,0.0002
17.06.2015 08:00:05.697 GMT+0100,2101.821,2101.1820000000002,0.0003,0.0002
17.06.2015 08:00:06.687 GMT+0100,2101.8379999999997,2101.175,0.001,0.0002
17.06.2015 08:00:06.912 GMT+0100,2101.519,2101.178,0.0003,0.0002
17.06.2015 08:00:09.839 GMT+0100,2101.553,2100.889,0.0003,0.0009
17.06.2015 08:00:09.903 GMT+0100,2101.524,2100.9970000000003,0.0003,0.0002
17.06.2015 08:00:10.268 GMT+0100,2101.325,2100.98,0.0003,0.0002
17.06.2015 08:00:13.523 GMT+0100,2101.013,2100.619,0.0003,0.0002
17.06.2015 08:00:17.440 GMT+0100,2101.322,2100.652,0.0003,0.0002
17.06.2015 08:00:18.470 GMT+0100,2101.029,2100.678,0.0003,0.0002
17.06.2015 08:00:21.311 GMT+0100,2101.333,2100.677,0.0003,0.0002
17.06.2015 08:00:21.829 GMT+0100,2101.317,2100.689,0.001,0.0002
17.06.2015 08:00:22.956 GMT+0100,2101.029,2100.675,0.0003,0.0002
17.06.2015 08:00:23.040 GMT+0100,2101.002,2100.646,0.001,0.0002
17.06.2015 08:00:23.622 GMT+0100,2101.019,2100.692,0.0003,0.0002
17.06.2015 08:00:24.613 GMT+0100,2100.806,2100.435,0.001,0.0002
17.06.2015 08:00:24.944 GMT+0100,2100.825,2100.397,0.001,0.0002
17.06.2015 08:00:25.129 GMT+0100,2100.8160000000003,2100.471,0.0003,0.0002
17.06.2015 08:00:25.499 GMT+0100,2101.029,2100.6910000000003,0.0003,0.0002
17.06.2015 08:00:32.717 GMT+0100,2101.319,2100.66,0.0003,0.0002
17.06.2015 08:00:33.649 GMT+0100,2101.315,2100.979,0.0003,0.0002
17.06.2015 08:00:41.840 GMT+0100,2101.3320000000003,2100.69,0.0003,0.0002
17.06.2015 08:00:42.042 GMT+0100,2101.322,2100.981,0.0003,0.0002
17.06.2015 08:00:42.188 GMT+0100,2101.52,2100.975,0.0003,0.0002
17.06.2015 08:00:42.448 GMT+0100,2101.53,2101.199,0.0003,0.0002
17.06.2015 08:00:44.877 GMT+0100,2101.8160000000003,2101.482,0.0003,0.0002
17.06.2015 08:00:48.720 GMT+0100,2101.513,2101.137,0.0003,0.0002
17.06.2015 08:00:49.110 GMT+0100,2101.505,2101.13,0.001,0.0002
17.06.2015 08:00:49.225 GMT+0100,2101.527,2101.189,0.0003,0.0002
17.06.2015 08:00:51.817 GMT+0100,2101.5170000000003,2100.894,0.0003,0.0009
17.06.2015 08:00:52.958 GMT+0100,2101.549,2100.861,0.001,0.0007
17.06.2015 08:00:54.213 GMT+0100,2101.5570000000002,2100.868,0.001,0.0007
17.06.2015 08:00:54.839 GMT+0100,2101.808,2101.479,0.0003,0.0002
17.06.2015 08:00:57.823 GMT+0100,2101.827,2101.148,0.0003,0.0009
17.06.2015 08:00:59.410 GMT+0100,2101.519,2101.111,0.0003,0.0002
17.06.2015 08:01:02.489 GMT+0100,2101.509,2101.025,0.0003,0.0005
17.06.2015 08:01:05.389 GMT+0100,2101.505,2101.007,0.001,0.0005
17.06.2015 08:01:06.488 GMT+0100,2101.5029999999997,2100.89,0.001,0.0007
17.06.2015 08:01:06.610 GMT+0100,2101.545,2100.897,0.001,0.0007
17.06.2015 08:01:08.149 GMT+0100,2101.535,2100.843,0.001,0.0007
17.06.2015 08:01:10.008 GMT+0100,2101.519,2100.8920000000003,0.001,0.0007
17.06.2015 08:01:11.438 GMT+0100,2101.529,2100.871,0.001,0.0007
17.06.2015 08:01:12.758 GMT+0100,2101.529,2100.898,0.001,0.0007
17.06.2015 08:01:13.090 GMT+0100,2101.515,2100.8779999999997,0.001,0.0007
17.06.2015 08:01:14.162 GMT+0100,2101.809,2101.166,0.0003,0.0002
17.06.2015 08:01:14.408 GMT+0100,2101.834,2101.174,0.001,0.0002
17.06.2015 08:01:14.813 GMT+0100,2101.8320000000003,2101.177,0.001,0.0002
17.06.2015 08:01:14.863 GMT+0100,2101.854,2101.145,0.0003,0.0002
17.06.2015 08:01:16.210 GMT+0100,2101.855,2101.178,0.001,0.0002
17.06.2015 08:01:18.699 GMT+0100,2101.81,2101.165,0.001,0.0002
17.06.2015 08:01:19.028 GMT+0100,2101.841,2101.19,0.0003,0.0002
17.06.2015 08:01:19.665 GMT+0100,2101.803,2101.481,0.0003,0.0002
17.06.2015 08:01:20.668 GMT+0100,2101.524,2101.123,0.0003,0.0002
17.06.2015 08:01:59.266 GMT+0100,2101.822,2101.4900000000002,0.0003,0.0002
17.06.2015 08:02:03.390 GMT+0100,2101.8379999999997,2101.15,0.0003,0.0002
17.06.2015 08:02:03.820 GMT+0100,2101.824,2101.1620000000003,0.001,0.0002
17.06.2015 08:02:03.921 GMT+0100,2101.8579999999997,2101.158,0.0003,0.0002
17.06.2015 08:02:05.225 GMT+0100,2101.806,2101.4770000000003,0.0003,0.0002
17.06.2015 08:02:08.489 GMT+0100,2101.843,2101.197,0.0003,0.0009
17.06.2015 08:02:08.729 GMT+0100,2101.813,2101.196,0.001,0.0007
17.06.2015 08:02:08.804 GMT+0100,2102.049,2101.473,0.0003,0.0002
17.06.2015 08:02:09.530 GMT+0100,2102.005,2101.458,0.001,0.0002
17.06.2015 08:02:10.614 GMT+0100,2101.81,2101.159,0.001,0.0002
17.06.2015 08:02:11.314 GMT+0100,2101.859,2101.166,0.0003,0.0002
17.06.2015 08:02:12.424 GMT+0100,2101.508,2101.178,0.0003,0.0002
17.06.2015 08:02:17.039 GMT+0100,2101.3120000000004,2100.989,0.0003,0.0002
17.06.2015 08:02:18.043 GMT+0100,2101.518,2100.985,0.0003,0.0002
17.06.2015 08:02:18.410 GMT+0100,2101.525,2100.9410000000003,0.001,0.0002
17.06.2015 08:02:20.957 GMT+0100,2101.327,2100.993,0.0003,0.0002
17.06.2015 08:02:21.655 GMT+0100,2101.308,2100.684,0.0003,0.0002
17.06.2015 08:02:21.858 GMT+0100,2101.0260000000003,2100.61,0.0003,0.0002
17.06.2015 08:02:22.571 GMT+0100,2101.309,2100.6929999999998,0.0003,0.0002
17.06.2015 08:02:22.780 GMT+0100,2101.311,2100.973,0.0003,0.0002
17.06.2015 08:02:24.897 GMT+0100,2101.002,2100.6220000000003,0.0003,0.0002
17.06.2015 08:02:28.918 GMT+0100,2101.3520000000003,2100.679,0.0003,0.0002
17.06.2015 08:02:29.192 GMT+0100,2101.012,2100.6820000000002,0.0003,0.0002
17.06.2015 08:02:33.308 GMT+0100,2101.342,2100.676,0.0003,0.0002
17.06.2015 08:02:34.051 GMT+0100,2101.3579999999997,2100.6670000000004,0.001,0.0002
17.06.2015 08:02:34.311 GMT+0100,2101.301,2100.984,0.0003,0.0002
17.06.2015 08:02:37.530 GMT+0100,2101.302,2100.655,0.0003,0.0009
17.06.2015 08:02:39.832 GMT+0100,2101.016,2100.604,0.0003,0.0002
17.06.2015 08:02:47.659 GMT+0100,2101.031,2100.471,0.0003,0.0002
17.06.2015 08:02:48.237 GMT+0100,2101.031,2100.489,0.001,0.0002
17.06.2015 08:02:48.676 GMT+0100,2101.038,2100.482,0.001,0.0002
17.06.2015 08:02:48.896 GMT+0100,2101.0370000000003,2100.4970000000003,0.001,0.0002
17.06.2015 08:02:53.967 GMT+0100,2101.008,2100.4700000000003,0.0003,0.0002
17.06.2015 08:02:54.286 GMT+0100,2101.04,2100.493,0.001,0.0002
17.06.2015 08:02:55.497 GMT+0100,2101.0370000000003,2100.481,0.0003,0.0002
17.06.2015 08:02:55.995 GMT+0100,2100.8120000000004,2100.488,0.0003,0.0002
17.06.2015 08:02:58.028 GMT+0100,2100.822,2100.18,0.0003,0.0002
17.06.2015 08:02:58.688 GMT+0100,2100.848,2100.165,0.001,0.0002
17.06.2015 08:02:59.692 GMT+0100,2100.831,2100.181,0.0003,0.0002
17.06.2015 08:02:59.899 GMT+0100,2100.817,2100.186,0.001,0.0002
17.06.2015 08:03:00.886 GMT+0100,2100.8379999999997,2100.1670000000004,0.0003,0.0002
17.06.2015 08:03:01.106 GMT+0100,2100.888,2099.882,0.001,0.0005
17.06.2015 08:03:01.357 GMT+0100,2100.866,2099.823,0.001,0.0005
17.06.2015 08:03:02.016 GMT+0100,2100.8,2099.83,0.001,0.0005
17.06.2015 08:03:02.536 GMT+0100,2100.889,2099.8520000000003,0.001,0.0005
17.06.2015 08:03:03.006 GMT+0100,2100.8379999999997,2099.854,0.001,0.0005
17.06.2015 08:03:03.196 GMT+0100,2100.888,2099.884,0.001,0.0005
17.06.2015 08:03:09.334 GMT+0100,2100.805,2100.495,0.0003,0.0002
17.06.2015 08:03:09.434 GMT+0100,2100.817,2100.15,0.0003,0.0002
17.06.2015 08:03:09.940 GMT+0100,2100.508,2100.19,0.0003,0.0002
17.06.2015 08:03:11.440 GMT+0100,2100.809,2100.48,0.0003,0.0002
17.06.2015 08:03:11.541 GMT+0100,2101.008,2100.489,0.0003,0.0002
17.06.2015 08:03:12.216 GMT+0100,2101.016,2100.487,0.001,0.0002
17.06.2015 08:03:13.316 GMT+0100,2101,2100.455,0.001,0.0002
17.06.2015 08:03:13.536 GMT+0100,2101.02,2100.479,0.0003,0.0002
17.06.2015 08:03:14.574 GMT+0100,2101.051,2100.223,0.0003,0.0005
17.06.2015 08:03:15.626 GMT+0100,2101.063,2100.237,0.001,0.0005
17.06.2015 08:03:16.061 GMT+0100,2101.337,2100.669,0.0003,0.0002
17.06.2015 08:03:16.506 GMT+0100,2101.317,2100.684,0.001,0.0002
17.06.2015 08:03:18.067 GMT+0100,2101.301,2100.986,0.0003,0.0002
17.06.2015 08:03:19.416 GMT+0100,2101.3179999999998,2100.665,0.0003,0.0002
17.06.2015 08:03:19.696 GMT+0100,2101.339,2100.676,0.001,0.0002
17.06.2015 08:03:20.050 GMT+0100,2101.341,2100.68,0.0003,0.0002
17.06.2015 08:03:22.496 GMT+0100,2101.3320000000003,2100.329,0.0003,0.0005
17.06.2015 08:03:23.786 GMT+0100,2101.035,2100.4900000000002,0.0003,0.0002
17.06.2015 08:03:25.691 GMT+0100,2100.803,2100.489,0.0003,0.0002
17.06.2015 08:03:27.799 GMT+0100,2101.043,2100.499,0.0003,0.0002
17.06.2015 08:03:28.802 GMT+0100,2100.811,2100.4970000000003,0.0003,0.0002
17.06.2015 08:03:37.332 GMT+0100,2100.847,2100.146,0.0003,0.0002
17.06.2015 08:03:37.934 GMT+0100,2101.009,2100.697,0.0003,0.0002
17.06.2015 08:03:38.034 GMT+0100,2101.001,2100.488,0.0003,0.0002
17.06.2015 08:03:38.435 GMT+0100,2100.826,2100.478,0.0003,0.0002
17.06.2015 08:03:38.788 GMT+0100,2100.849,2100.1870000000004,0.001,0.0002
17.06.2015 08:03:38.946 GMT+0100,2100.825,2100.1910000000003,0.0003,0.0002
17.06.2015 08:03:41.759 GMT+0100,2100.824,2099.87,0.0003,0.0005
17.06.2015 08:03:43.346 GMT+0100,2100.823,2099.824,0.001,0.0005
17.06.2015 08:03:43.565 GMT+0100,2100.88,2099.839,0.001,0.0005
17.06.2015 08:03:45.120 GMT+0100,2100.84,2099.844,0.001,0.0005
17.06.2015 08:03:45.171 GMT+0100,2100.8,2100.499,0.0003,0.0002
17.06.2015 08:03:50.072 GMT+0100,2101.009,2100.683,0.0003,0.0002
17.06.2015 08:03:50.174 GMT+0100,2101.005,2100.488,0.0003,0.0002
17.06.2015 08:03:58.290 GMT+0100,2101.028,2100.69,0.0003,0.0002
17.06.2015 08:03:59.994 GMT+0100,2101.043,2100.4829999999997,0.0003,0.0002
17.06.2015 08:04:00.596 GMT+0100,2100.8070000000002,2100.476,0.0003,0.0002
17.06.2015 08:04:04.410 GMT+0100,2101.02,2100.482,0.0003,0.0002
17.06.2015 08:04:14.585 GMT+0100,2101.001,2100.462,0.001,0.0002
17.06.2015 08:04:14.915 GMT+0100,2101.005,2100.226,0.001,0.0005
17.06.2015 08:04:16.817 GMT+0100,2101.045,2100.212,0.001,0.0005
17.06.2015 08:04:18.652 GMT+0100,2101.027,2100.6929999999998,0.0003,0.0002
17.06.2015 08:04:21.846 GMT+0100,2101.011,2100.362,0.001,0.0007
17.06.2015 08:04:22.945 GMT+0100,2101.024,2100.362,0.001,0.0007
17.06.2015 08:04:24.155 GMT+0100,2101.014,2100.3810000000003,0.001,0.0007
17.06.2015 08:04:24.374 GMT+0100,2101.029,2100.369,0.001,0.0007
17.06.2015 08:04:25.268 GMT+0100,2101.048,2100.4970000000003,0.0003,0.0002
17.06.2015 08:04:28.528 GMT+0100,2101.005,2100.201,0.0003,0.0005
17.06.2015 08:04:30.228 GMT+0100,2101.041,2100.19,0.001,0.0005
17.06.2015 08:04:31.402 GMT+0100,2101.016,2100.6870000000004,0.0003,0.0002
17.06.2015 08:04:34.508 GMT+0100,2101.052,2100.375,0.0003,0.0009
17.06.2015 08:04:37.025 GMT+0100,2101.04,2100.371,0.001,0.0007
17.06.2015 08:04:37.354 GMT+0100,2101.055,2100.398,0.001,0.0007
17.06.2015 08:04:37.574 GMT+0100,2101.048,2100.355,0.001,0.0007
17.06.2015 08:04:39.994 GMT+0100,2101.0420000000004,2100.344,0.001,0.0007
17.06.2015 08:04:40.324 GMT+0100,2101.013,2100.362,0.001,0.0007
17.06.2015 08:04:40.724 GMT+0100,2101.305,2100.9829999999997,0.0003,0.0002
17.06.2015 08:04:43.767 GMT+0100,2101.357,2100.696,0.0003,0.0009
17.06.2015 08:04:43.954 GMT+0100,2101.34,2100.695,0.001,0.0007
17.06.2015 08:04:44.504 GMT+0100,2101.306,2100.698,0.001,0.0007
17.06.2015 08:04:44.724 GMT+0100,2101.331,2100.6420000000003,0.001,0.0007
17.06.2015 08:04:46.374 GMT+0100,2101.303,2100.6929999999998,0.001,0.0007
17.06.2015 08:04:46.594 GMT+0100,2101.3160000000003,2100.643,0.001,0.0007
17.06.2015 08:04:46.924 GMT+0100,2101.323,2100.663,0.001,0.0007
17.06.2015 08:04:47.144 GMT+0100,2101.52,2100.985,0.0003,0.0002
17.06.2015 08:04:50.884 GMT+0100,2101.55,2100.9410000000003,0.001,0.0002
17.06.2015 08:04:52.314 GMT+0100,2101.538,2100.7470000000003,0.001,0.0005
17.06.2015 08:04:52.424 GMT+0100,2101.54,2100.697,0.001,0.0005
17.06.2015 08:04:52.682 GMT+0100,2101.513,2101.178,0.0003,0.0002
17.06.2015 08:04:55.666 GMT+0100,2101.545,2100.862,0.0003,0.0009
17.06.2015 08:04:56.426 GMT+0100,2101.5460000000003,2100.875,0.001,0.0007
17.06.2015 08:04:57.264 GMT+0100,2101.545,2100.883,0.001,0.0007
17.06.2015 08:04:58.034 GMT+0100,2101.508,2100.884,0.001,0.0007
17.06.2015 08:04:59.177 GMT+0100,2101.527,2100.844,0.001,0.0007
17.06.2015 08:04:59.794 GMT+0100,2101.516,2100.8920000000003,0.001,0.0007
17.06.2015 08:05:03.976 GMT+0100,2101.523,2100.85,0.001,0.0007
17.06.2015 08:05:09.916 GMT+0100,2101.549,2100.866,0.001,0.0007
17.06.2015 08:05:10.026 GMT+0100,2101.551,2100.889,0.001,0.0007
17.06.2015 08:05:11.346 GMT+0100,2101.514,2100.898,0.001,0.0007
17.06.2015 08:05:11.896 GMT+0100,2101.5060000000003,2100.891,0.001,0.0007
17.06.2015 08:05:12.336 GMT+0100,2101.5370000000003,2100.859,0.001,0.0007
17.06.2015 08:05:12.776 GMT+0100,2101.551,2100.871,0.001,0.0007
17.06.2015 08:05:13.656 GMT+0100,2101.531,2100.848,0.001,0.0007
17.06.2015 08:05:13.830 GMT+0100,2101.857,2101.146,0.0003,0.0002
17.06.2015 08:05:14.430 GMT+0100,2101.828,2101.4770000000003,0.0003,0.0002
17.06.2015 08:05:20.501 GMT+0100,2101.846,2101.169,0.0003,0.0002
17.06.2015 08:05:20.552 GMT+0100,2101.824,2101.487,0.0003,0.0002
17.06.2015 08:05:39.186 GMT+0100,2101.543,2100.992,0.0003,0.0002
17.06.2015 08:05:39.716 GMT+0100,2101.5370000000003,2100.945,0.001,0.0002
17.06.2015 08:05:40.596 GMT+0100,2101.524,2100.967,0.0003,0.0002
17.06.2015 08:05:40.709 GMT+0100,2101.516,2101.175,0.0003,0.0002
17.06.2015 08:05:43.934 GMT+0100,2101.52,2100.895,0.0003,0.0009
17.06.2015 08:05:45.875 GMT+0100,2101.551,2100.854,0.001,0.0007
17.06.2015 08:05:46.205 GMT+0100,2101.5260000000003,2100.861,0.001,0.0007
17.06.2015 08:05:48.186 GMT+0100,2101.522,2100.875,0.001,0.0007
17.06.2015 08:05:51.967 GMT+0100,2101.5060000000003,2100.85,0.001,0.0007
17.06.2015 08:05:52.035 GMT+0100,2101.528,2100.861,0.001,0.0007
17.06.2015 08:05:52.365 GMT+0100,2101.514,2100.8810000000003,0.001,0.0007
17.06.2015 08:05:52.585 GMT+0100,2101.547,2100.853,0.001,0.0007
17.06.2015 08:05:52.805 GMT+0100,2101.541,2100.86,0.001,0.0007
17.06.2015 08:05:56.105 GMT+0100,2101.545,2100.855,0.001,0.0007
17.06.2015 08:06:08.267 GMT+0100,2101.829,2101.184,0.0003,0.0002
17.06.2015 08:06:08.367 GMT+0100,2101.829,2101.479,0.0003,0.0002
17.06.2015 08:06:10.279 GMT+0100,2102.024,2101.6929999999998,0.0003,0.0002
17.06.2015 08:06:12.680 GMT+0100,2102.323,2101.673,0.0003,0.0002
17.06.2015 08:06:12.798 GMT+0100,2102.001,2101.694,0.0003,0.0002
17.06.2015 08:06:17.851 GMT+0100,2102.309,2101.695,0.0003,0.0002
17.06.2015 08:06:18.435 GMT+0100,2102.357,2101.645,0.001,0.0002
17.06.2015 08:06:18.899 GMT+0100,2102.305,2101.996,0.0003,0.0002
17.06.2015 08:06:20.587 GMT+0100,2102.317,2101.681,0.0003,0.0002
17.06.2015 08:06:20.720 GMT+0100,2102.311,2101.971,0.0003,0.0002
17.06.2015 08:06:20.820 GMT+0100,2102.326,2101.661,0.0003,0.0002
17.06.2015 08:06:21.311 GMT+0100,2102.023,2101.695,0.0003,0.0002
17.06.2015 08:06:22.039 GMT+0100,2102.309,2101.656,0.0003,0.0002
17.06.2015 08:06:22.285 GMT+0100,2102.3579999999997,2101.685,0.001,0.0002
17.06.2015 08:06:22.504 GMT+0100,2102.357,2101.648,0.001,0.0002
17.06.2015 08:06:24.045 GMT+0100,2102.3120000000004,2101.7,0.0003,0.0002
17.06.2015 08:06:24.162 GMT+0100,2102.301,2101.979,0.0003,0.0002
17.06.2015 08:06:24.929 GMT+0100,2102.329,2101.668,0.0003,0.0002
17.06.2015 08:06:25.122 GMT+0100,2102.309,2101.982,0.0003,0.0002
17.06.2015 08:06:37.455 GMT+0100,2102.515,2101.979,0.0003,0.0002
17.06.2015 08:06:39.363 GMT+0100,2102.309,2101.9970000000003,0.0003,0.0002
17.06.2015 08:06:45.380 GMT+0100,2102.549,2101.968,0.0003,0.0002
17.06.2015 08:06:46.183 GMT+0100,2102.306,2101.999,0.0003,0.0002
17.06.2015 08:06:46.784 GMT+0100,2102.502,2101.96,0.0003,0.0002
17.06.2015 08:06:47.687 GMT+0100,2102.525,2102.195,0.0003,0.0002
17.06.2015 08:06:55.811 GMT+0100,2102.525,2101.968,0.0003,0.0002
17.06.2015 08:06:56.013 GMT+0100,2102.528,2102.184,0.0003,0.0002
17.06.2015 08:06:56.715 GMT+0100,2102.508,2101.964,0.0003,0.0002
17.06.2015 08:06:57.618 GMT+0100,2102.5260000000003,2102.197,0.0003,0.0002
17.06.2015 08:06:59.457 GMT+0100,2102.5060000000003,2101.9570000000003,0.0003,0.0002
17.06.2015 08:06:59.558 GMT+0100,2102.52,2102.1929999999998,0.0003,0.0002
17.06.2015 08:07:00.174 GMT+0100,2102.51,2101.998,0.0003,0.0002
17.06.2015 08:07:00.427 GMT+0100,2102.529,2102.176,0.0003,0.0002
17.06.2015 08:07:01.230 GMT+0100,2102.518,2101.973,0.0003,0.0002
17.06.2015 08:07:01.632 GMT+0100,2102.523,2102.195,0.0003,0.0002
17.06.2015 08:07:04.744 GMT+0100,2102.545,2101.9770000000003,0.0003,0.0002
17.06.2015 08:07:05.547 GMT+0100,2102.5,2102.199,0.0003,0.0002
17.06.2015 08:07:05.649 GMT+0100,2102.52,2101.966,0.0003,0.0002
17.06.2015 08:07:10.863 GMT+0100,2102.5060000000003,2102.198,0.0003,0.0002
17.06.2015 08:07:43.062 GMT+0100,2102.827,2102.184,0.0003,0.0002
17.06.2015 08:07:43.163 GMT+0100,2102.527,2102.173,0.0003,0.0002
17.06.2015 08:07:44.673 GMT+0100,2102.501,2102.124,0.001,0.0002
17.06.2015 08:07:45.003 GMT+0100,2102.516,2102.177,0.0003,0.0002
17.06.2015 08:07:46.261 GMT+0100,2102.5420000000004,2102.013,0.0003,0.0005
17.06.2015 08:07:47.313 GMT+0100,2102.5370000000003,2102.048,0.001,0.0005
17.06.2015 08:07:48.380 GMT+0100,2102.801,2102.4770000000003,0.0003,0.0002
17.06.2015 08:07:51.623 GMT+0100,2102.8,2102.166,0.0003,0.0009
17.06.2015 08:07:51.693 GMT+0100,2103.045,2102.453,0.0003,0.0002
17.06.2015 08:07:52.599 GMT+0100,2103.0060000000003,2102.684,0.0003,0.0002
17.06.2015 08:08:04.447 GMT+0100,2102.801,2102.476,0.0003,0.0002
17.06.2015 08:08:04.548 GMT+0100,2103.0420000000004,2102.471,0.0003,0.0002
17.06.2015 08:08:05.955 GMT+0100,2103.0060000000003,2102.685,0.0003,0.0002
17.06.2015 08:08:15.321 GMT+0100,2103.009,2102.675,0.001,0.0002
17.06.2015 08:08:15.717 GMT+0100,2103.01,2102.375,0.001,0.0007
17.06.2015 08:08:17.473 GMT+0100,2103.005,2102.355,0.001,0.0007
17.06.2015 08:08:17.582 GMT+0100,2103.035,2102.37,0.001,0.0007
17.06.2015 08:08:19.168 GMT+0100,2103.001,2102.389,0.001,0.0007
17.06.2015 08:08:19.498 GMT+0100,2103.015,2102.354,0.001,0.0007
17.06.2015 08:08:20.332 GMT+0100,2103.016,2102.357,0.001,0.0007
17.06.2015 08:08:20.818 GMT+0100,2102.804,2102.476,0.0003,0.0002
17.06.2015 08:08:24.069 GMT+0100,2102.804,2102.188,0.0003,0.0009
17.06.2015 08:08:24.299 GMT+0100,2102.853,2102.196,0.001,0.0007
17.06.2015 08:08:24.512 GMT+0100,2102.8520000000003,2102.158,0.001,0.0007
17.06.2015 08:08:25.613 GMT+0100,2102.829,2102.145,0.001,0.0007
17.06.2015 08:08:30.331 GMT+0100,2102.804,2102.189,0.001,0.0007
17.06.2015 08:08:31.332 GMT+0100,2102.8120000000004,2102.154,0.001,0.0007
17.06.2015 08:08:31.552 GMT+0100,2102.8379999999997,2102.197,0.001,0.0007
17.06.2015 08:08:31.772 GMT+0100,2102.8120000000004,2102.166,0.001,0.0007
17.06.2015 08:08:32.648 GMT+0100,2102.8450000000003,2102.145,0.001,0.0007
17.06.2015 08:08:35.292 GMT+0100,2102.199,2101.544,0.0007,0.0008
17.06.2015 08:08:35.393 GMT+0100,2102.8360000000002,2102.188,0.0003,0.0002
17.06.2015 08:08:36.062 GMT+0100,2102.828,2102.1420000000003,0.001,0.0002
17.06.2015 08:08:37.052 GMT+0100,2102.8160000000003,2102.161,0.001,0.0002
17.06.2015 08:08:37.377 GMT+0100,2102.803,2102.472,0.0003,0.0002
17.06.2015 08:08:40.400 GMT+0100,2102.813,2102.147,0.001,0.0007
17.06.2015 08:08:41.232 GMT+0100,2102.801,2102.15,0.001,0.0007
17.06.2015 08:08:42.662 GMT+0100,2102.8160000000003,2102.1820000000002,0.001,0.0007
17.06.2015 08:08:43.652 GMT+0100,2102.819,2102.186,0.001,0.0007
17.06.2015 08:08:43.982 GMT+0100,2102.825,2102.199,0.001,0.0007
17.06.2015 08:08:44.532 GMT+0100,2102.033,2101.346,0.0007,0.0008
17.06.2015 08:08:44.935 GMT+0100,2102.266,2101.635,0.0007,0.0008
17.06.2015 08:08:45.400 GMT+0100,2102.2670000000003,2101.606,0.0007,0.0008
17.06.2015 08:08:46.842 GMT+0100,2102.269,2101.606,0.0007,0.0008
17.06.2015 08:08:47.612 GMT+0100,2102.327,2101.619,0.0007,0.0008
17.06.2015 08:08:48.142 GMT+0100,2102.347,2101.645,0.0007,0.0008
17.06.2015 08:08:48.472 GMT+0100,2102.324,2101.655,0.0007,0.0008
17.06.2015 08:08:48.802 GMT+0100,2102.325,2101.68,0.0007,0.0008
17.06.2015 08:08:49.133 GMT+0100,2102.298,2101.635,0.0007,0.0008
17.06.2015 08:08:49.465 GMT+0100,2102.319,2101.6310000000003,0.0007,0.0008
17.06.2015 08:08:50.107 GMT+0100,2103.002,2102.496,0.0003,0.0002
17.06.2015 08:08:50.412 GMT+0100,2103.021,2102.697,0.0003,0.0002
17.06.2015 08:09:00.037 GMT+0100,2103.355,2102.645,0.0003,0.0002
17.06.2015 08:09:00.338 GMT+0100,2103.303,2102.978,0.0003,0.0002
17.06.2015 08:09:12.665 GMT+0100,2103.529,2103.198,0.0003,0.0002
17.06.2015 08:09:24.019 GMT+0100,2103.843,2103.17,0.0003,0.0002
17.06.2015 08:09:24.401 GMT+0100,2103.529,2103.18,0.0003,0.0002
17.06.2015 08:09:45.361 GMT+0100,2103.525,2103.161,0.001,0.0002
17.06.2015 08:09:45.911 GMT+0100,2103.541,2103.0389999999998,0.001,0.0005
17.06.2015 08:09:46.571 GMT+0100,2103.518,2103.04,0.001,0.0005
17.06.2015 08:09:47.231 GMT+0100,2103.52,2102.894,0.001,0.0007
17.06.2015 08:09:47.488 GMT+0100,2103.551,2102.876,0.001,0.0007
17.06.2015 08:09:50.531 GMT+0100,2103.5420000000004,2102.869,0.001,0.0007
17.06.2015 08:09:51.521 GMT+0100,2103.538,2102.853,0.001,0.0007
17.06.2015 08:09:52.621 GMT+0100,2103.559,2102.843,0.001,0.0007
17.06.2015 08:09:53.371 GMT+0100,2103.5060000000003,2102.857,0.001,0.0007
17.06.2015 08:09:53.654 GMT+0100,2103.555,2102.891,0.001,0.0007
17.06.2015 08:09:54.271 GMT+0100,2103.525,2102.847,0.001,0.0007
17.06.2015 08:09:54.601 GMT+0100,2103.549,2102.864,0.001,0.0007
17.06.2015 08:09:55.591 GMT+0100,2103.524,2102.874,0.001,0.0007
17.06.2015 08:09:55.811 GMT+0100,2103.501,2102.8520000000003,0.001,0.0007
17.06.2015 08:09:56.691 GMT+0100,2103.524,2102.864,0.001,0.0007
17.06.2015 08:09:57.132 GMT+0100,2103.538,2102.897,0.001,0.0007
17.06.2015 08:09:57.503 GMT+0100,2103.527,2102.9,0.001,0.0007
17.06.2015 08:09:57.833 GMT+0100,2103.541,2102.8450000000003,0.001,0.0007
17.06.2015 08:09:58.671 GMT+0100,2103.5570000000002,2102.861,0.001,0.0007
17.06.2015 08:09:58.781 GMT+0100,2103.54,2102.8720000000003,0.001,0.0007
17.06.2015 08:09:59.660 GMT+0100,2103.545,2102.853,0.001,0.0007
17.06.2015 08:10:00.100 GMT+0100,2103.555,2102.871,0.001,0.0007
17.06.2015 08:10:00.561 GMT+0100,2103.55,2102.887,0.001,0.0007
17.06.2015 08:10:01.311 GMT+0100,2103.555,2102.868,0.001,0.0007
17.06.2015 08:10:01.833 GMT+0100,2103.507,2102.84,0.001,0.0007
17.06.2015 08:10:01.883 GMT+0100,2103.522,2102.8450000000003,0.001,0.0007
17.06.2015 08:10:02.213 GMT+0100,2103.5389999999998,2102.875,0.001,0.0007
17.06.2015 08:10:02.574 GMT+0100,2103.829,2103.158,0.0003,0.0002
17.06.2015 08:10:03.523 GMT+0100,2103.5029999999997,2103.1870000000004,0.0003,0.0002
17.06.2015 08:10:06.436 GMT+0100,2103.523,2102.959,0.0003,0.0002
17.06.2015 08:10:06.702 GMT+0100,2103.536,2102.945,0.001,0.0002
17.06.2015 08:10:06.752 GMT+0100,2103.53,2103.181,0.0003,0.0002
17.06.2015 08:10:07.578 GMT+0100,2103.541,2102.967,0.0003,0.0002
17.06.2015 08:10:07.943 GMT+0100,2103.53,2103.181,0.0003,0.0002
17.06.2015 08:10:09.172 GMT+0100,2103.5029999999997,2102.959,0.0003,0.0002
17.06.2015 08:10:09.272 GMT+0100,2103.52,2103.192,0.0003,0.0002
17.06.2015 08:10:09.757 GMT+0100,2103.534,2102.9970000000003,0.0003,0.0002
17.06.2015 08:10:13.660 GMT+0100,2103.5029999999997,2103.184,0.0003,0.0002
17.06.2015 08:10:19.072 GMT+0100,2103.809,2103.159,0.0003,0.0002
17.06.2015 08:10:19.675 GMT+0100,2103.509,2103.174,0.0003,0.0002
17.06.2015 08:10:20.679 GMT+0100,2103.8179999999998,2103.17,0.0003,0.0002
17.06.2015 08:10:21.683 GMT+0100,2103.515,2103.188,0.0003,0.0002
17.06.2015 08:10:46.137 GMT+0100,2103.829,2103.185,0.0003,0.0002
17.06.2015 08:10:46.238 GMT+0100,2103.51,2103.195,0.0003,0.0002
17.06.2015 08:10:46.841 GMT+0100,2103.828,2103.491,0.0003,0.0002
17.06.2015 08:10:48.252 GMT+0100,2104.021,2103.451,0.0003,0.0002
17.06.2015 08:10:48.353 GMT+0100,2104.022,2103.68,0.0003,0.0002
17.06.2015 08:10:53.771 GMT+0100,2104.302,2103.999,0.0003,0.0002
17.06.2015 08:10:55.181 GMT+0100,2104.507,2103.951,0.0003,0.0002
17.06.2015 08:10:55.483 GMT+0100,2104.31,2103.975,0.0003,0.0002
17.06.2015 08:10:56.694 GMT+0100,2104.545,2103.974,0.0003,0.0002
17.06.2015 08:10:57.131 GMT+0100,2104.329,2103.974,0.0003,0.0002
17.06.2015 08:10:57.897 GMT+0100,2104.536,2103.96,0.0003,0.0002
17.06.2015 08:10:58.401 GMT+0100,2104.3179999999998,2103.98,0.0003,0.0002
17.06.2015 08:10:58.904 GMT+0100,2104.544,2103.9629999999997,0.0003,0.0002
17.06.2015 08:10:59.026 GMT+0100,2104.521,2104.176,0.0003,0.0002
17.06.2015 08:10:59.507 GMT+0100,2104.515,2103.951,0.0003,0.0002
17.06.2015 08:10:59.712 GMT+0100,2104.512,2104.194,0.0003,0.0002
17.06.2015 08:11:00.431 GMT+0100,2104.527,2103.999,0.0003,0.0002
17.06.2015 08:11:00.731 GMT+0100,2104.321,2103.995,0.0003,0.0002
17.06.2015 08:11:09.681 GMT+0100,2104.525,2104.186,0.0003,0.0002
17.06.2015 08:11:26.171 GMT+0100,2104.829,2104.172,0.0003,0.0002
17.06.2015 08:11:26.637 GMT+0100,2104.51,2104.178,0.0003,0.0002
17.06.2015 08:11:28.341 GMT+0100,2104.827,2104.476,0.0003,0.0002
17.06.2015 08:11:28.915 GMT+0100,2104.518,2104.196,0.0003,0.0002
17.06.2015 08:11:29.245 GMT+0100,2104.84,2104.176,0.0003,0.0002
17.06.2015 08:11:29.471 GMT+0100,2104.523,2104.195,0.0003,0.0002
17.06.2015 08:11:30.151 GMT+0100,2104.823,2104.186,0.0003,0.0002
17.06.2015 08:11:31.453 GMT+0100,2104.81,2104.492,0.0003,0.0002
17.06.2015 08:11:33.063 GMT+0100,2104.52,2104.119,0.0003,0.0002
17.06.2015 08:11:33.381 GMT+0100,2104.53,2104.125,0.001,0.0002
17.06.2015 08:11:33.600 GMT+0100,2104.502,2104.185,0.0003,0.0002
17.06.2015 08:11:33.668 GMT+0100,2104.826,2104.153,0.0003,0.0002
17.06.2015 08:11:34.273 GMT+0100,2104.8179999999998,2104.488,0.0003,0.0002
17.06.2015 08:11:35.986 GMT+0100,2105.043,2104.485,0.0003,0.0002
17.06.2015 08:11:38.288 GMT+0100,2104.805,2104.491,0.0003,0.0002
17.06.2015 08:11:38.489 GMT+0100,2105.034,2104.488,0.0003,0.0002
17.06.2015 08:11:38.890 GMT+0100,2104.83,2104.5,0.0003,0.0002
17.06.2015 08:11:39.928 GMT+0100,2105.031,2104.467,0.0003,0.0002
17.06.2015 08:11:41.404 GMT+0100,2105.013,2104.6820000000002,0.0003,0.0002
17.06.2015 08:11:50.020 GMT+0100,2105.024,2104.452,0.0003,0.0002
17.06.2015 08:11:51.336 GMT+0100,2104.819,2104.4829999999997,0.0003,0.0002
17.06.2015 08:11:53.131 GMT+0100,2105.036,2104.496,0.0003,0.0002
17.06.2015 08:11:55.240 GMT+0100,2104.822,2104.4770000000003,0.0003,0.0002
17.06.2015 08:12:00.953 GMT+0100,2104.822,2104.1929999999998,0.0003,0.0002
17.06.2015 08:12:01.260 GMT+0100,2104.802,2104.475,0.0003,0.0002
17.06.2015 08:12:01.361 GMT+0100,2104.801,2104.394,0.0003,0.0002
17.06.2015 08:12:01.458 GMT+0100,2104.842,2104.1910000000003,0.0003,0.0002
17.06.2015 08:12:01.540 GMT+0100,2104.843,2104.172,0.001,0.0002
17.06.2015 08:12:01.760 GMT+0100,2104.839,2104.147,0.0003,0.0002
17.06.2015 08:12:02.863 GMT+0100,2104.8160000000003,2104.4829999999997,0.0003,0.0002
17.06.2015 08:12:03.066 GMT+0100,2104.815,2104.178,0.0003,0.0002
17.06.2015 08:12:03.670 GMT+0100,2104.515,2104.175,0.0003,0.0002
17.06.2015 08:12:08.776 GMT+0100,2104.824,2104.199,0.0003,0.0002
17.06.2015 08:12:09.295 GMT+0100,2104.521,2104.194,0.0003,0.0002
17.06.2015 08:12:20.225 GMT+0100,2104.549,2103.972,0.0003,0.0002
17.06.2015 08:12:22.350 GMT+0100,2104.5170000000003,2104.184,0.0003,0.0002
17.06.2015 08:12:26.638 GMT+0100,2104.3070000000002,2103.989,0.0003,0.0002
17.06.2015 08:12:27.064 GMT+0100,2104.515,2104.178,0.0003,0.0002
17.06.2015 08:12:27.646 GMT+0100,2104.306,2103.9970000000003,0.0003,0.0002
17.06.2015 08:12:29.156 GMT+0100,2104.524,2103.964,0.0003,0.0002
17.06.2015 08:12:29.256 GMT+0100,2104.324,2103.991,0.0003,0.0002
17.06.2015 08:12:32.973 GMT+0100,2104.5370000000003,2103.996,0.0003,0.0002
17.06.2015 08:12:34.517 GMT+0100,2104.508,2104.183,0.0003,0.0002
17.06.2015 08:12:34.879 GMT+0100,2104.315,2103.989,0.0003,0.0002
17.06.2015 08:12:39.590 GMT+0100,2104.329,2103.6870000000004,0.0003,0.0002
17.06.2015 08:12:40.492 GMT+0100,2104.3179999999998,2103.981,0.0003,0.0002
17.06.2015 08:12:42.098 GMT+0100,2104.027,2103.6150000000002,0.0003,0.0002
17.06.2015 08:12:52.022 GMT+0100,2103.809,2103.474,0.0003,0.0002
17.06.2015 08:12:52.460 GMT+0100,2103.8179999999998,2103.45,0.001,0.0002
17.06.2015 08:12:52.511 GMT+0100,2103.802,2103.4770000000003,0.0003,0.0002
17.06.2015 08:12:52.747 GMT+0100,2104.005,2103.696,0.0003,0.0002
17.06.2015 08:12:54.831 GMT+0100,2104.0260000000003,2103.475,0.0003,0.0002
17.06.2015 08:12:55.336 GMT+0100,2103.826,2103.476,0.0003,0.0002
17.06.2015 08:12:58.744 GMT+0100,2104.014,2103.68,0.0003,0.0002
17.06.2015 08:13:02.764 GMT+0100,2104.01,2103.494,0.0003,0.0002
17.06.2015 08:13:03.766 GMT+0100,2103.822,2103.4770000000003,0.0003,0.0002
17.06.2015 08:13:10.584 GMT+0100,2104.001,2103.697,0.0003,0.0002
17.06.2015 08:13:13.395 GMT+0100,2104.023,2103.492,0.0003,0.0002
17.06.2015 08:13:21.330 GMT+0100,2104.002,2103.683,0.0003,0.0002
17.06.2015 08:13:22.517 GMT+0100,2104.311,2103.6910000000003,0.0003,0.0002
17.06.2015 08:13:22.920 GMT+0100,2104.004,2103.694,0.0003,0.0002
17.06.2015 08:13:23.223 GMT+0100,2104.304,2103.698,0.0003,0.0002
17.06.2015 08:13:24.043 GMT+0100,2104.027,2103.7,0.0003,0.0002
17.06.2015 08:13:27.750 GMT+0100,2104.311,2103.659,0.0003,0.0002
17.06.2015 08:13:34.285 GMT+0100,2104.3179999999998,2103.98,0.0003,0.0002
17.06.2015 08:13:35.975 GMT+0100,2104.306,2103.645,0.0003,0.0002
17.06.2015 08:13:36.577 GMT+0100,2104.311,2103.992,0.0003,0.0002
17.06.2015 08:13:45.488 GMT+0100,2104.3160000000003,2103.968,0.001,0.0002
17.06.2015 08:13:46.005 GMT+0100,2104.348,2103.653,0.001,0.0007
17.06.2015 08:13:46.385 GMT+0100,2104.3160000000003,2103.655,0.001,0.0007
17.06.2015 08:13:46.715 GMT+0100,2104.357,2103.6639999999998,0.001,0.0007
17.06.2015 08:13:49.228 GMT+0100,2104.319,2103.649,0.001,0.0007
17.06.2015 08:13:50.120 GMT+0100,2104.538,2103.964,0.0003,0.0002
17.06.2015 08:13:59.442 GMT+0100,2104.328,2103.976,0.0003,0.0002
17.06.2015 08:14:16.338 GMT+0100,2104.541,2103.971,0.0003,0.0002
17.06.2015 08:14:16.722 GMT+0100,2104.321,2103.989,0.0003,0.0002
17.06.2015 08:14:17.091 GMT+0100,2104.341,2103.647,0.0003,0.0002
17.06.2015 08:14:17.167 GMT+0100,2104.314,2103.652,0.001,0.0002
17.06.2015 08:14:17.621 GMT+0100,2104.35,2103.672,0.0003,0.0002
17.06.2015 08:14:17.896 GMT+0100,2104.027,2103.697,0.0003,0.0002
17.06.2015 08:14:41.849 GMT+0100,2104.3179999999998,2103.6910000000003,0.0003,0.0002
17.06.2015 08:14:42.198 GMT+0100,2104.0260000000003,2103.695,0.0003,0.0002
17.06.2015 08:15:22.755 GMT+0100,2104.3070000000002,2103.986,0.0003,0.0002
17.06.2015 08:15:23.059 GMT+0100,2104.322,2103.658,0.0003,0.0002
17.06.2015 08:15:23.462 GMT+0100,2104.0170000000003,2103.679,0.0003,0.0002
17.06.2015 08:15:23.960 GMT+0100,2104.002,2103.65,0.001,0.0002
17.06.2015 08:15:24.056 GMT+0100,2104.013,2103.68,0.0003,0.0002
17.06.2015 08:15:26.636 GMT+0100,2104.028,2103.383,0.0003,0.0009
17.06.2015 08:15:27.906 GMT+0100,2104.022,2103.367,0.001,0.0007
17.06.2015 08:15:28.457 GMT+0100,2104.019,2103.3810000000003,0.001,0.0007
17.06.2015 08:15:29.886 GMT+0100,2104.027,2103.362,0.001,0.0007
17.06.2015 08:15:29.981 GMT+0100,2103.814,2103.476,0.0003,0.0002
17.06.2015 08:16:10.526 GMT+0100,2103.513,2103.0950000000003,0.0003,0.0002
17.06.2015 08:16:15.822 GMT+0100,2103.334,2102.906,0.0003,0.0002
17.06.2015 08:16:19.940 GMT+0100,2103.509,2102.989,0.0003,0.0002
17.06.2015 08:16:23.640 GMT+0100,2103.521,2103.186,0.0003,0.0002
17.06.2015 08:16:24.642 GMT+0100,2103.814,2103.161,0.0003,0.0002
17.06.2015 08:16:24.878 GMT+0100,2103.524,2103.173,0.0003,0.0002
17.06.2015 08:16:26.546 GMT+0100,2103.823,2103.173,0.0003,0.0002
17.06.2015 08:16:27.156 GMT+0100,2103.809,2103.488,0.0003,0.0002
17.06.2015 08:16:29.660 GMT+0100,2103.844,2103.176,0.0003,0.0002
17.06.2015 08:16:32.155 GMT+0100,2103.829,2103.155,0.001,0.0002
17.06.2015 08:16:33.281 GMT+0100,2103.844,2103.288,0.0003,0.0002
17.06.2015 08:16:33.382 GMT+0100,2103.817,2103.479,0.0003,0.0002
17.06.2015 08:16:36.510 GMT+0100,2103.848,2103.147,0.0003,0.0009
17.06.2015 08:16:36.590 GMT+0100,2104.016,2103.469,0.0003,0.0002
17.06.2015 08:16:36.891 GMT+0100,2103.825,2103.4970000000003,0.0003,0.0002
17.06.2015 08:16:38.541 GMT+0100,2104.025,2103.452,0.0003,0.0002
17.06.2015 08:16:38.697 GMT+0100,2104.018,2103.692,0.0003,0.0002
17.06.2015 08:17:06.768 GMT+0100,2103.805,2103.48,0.0003,0.0002
17.06.2015 08:17:07.675 GMT+0100,2103.502,2103.134,0.0003,0.0002
17.06.2015 08:17:10.780 GMT+0100,2103.54,2102.873,0.0003,0.0009
17.06.2015 08:17:12.964 GMT+0100,2103.532,2102.841,0.001,0.0007
17.06.2015 08:17:16.484 GMT+0100,2103.548,2102.859,0.001,0.0007
17.06.2015 08:17:16.814 GMT+0100,2103.528,2102.8650000000002,0.001,0.0007
17.06.2015 08:17:17.206 GMT+0100,2103.3160000000003,2102.995,0.0003,0.0002
17.06.2015 08:17:20.117 GMT+0100,2103.3579999999997,2102.665,0.0003,0.0002
17.06.2015 08:17:20.401 GMT+0100,2103.322,2102.658,0.001,0.0002
17.06.2015 08:17:20.554 GMT+0100,2103.328,2102.659,0.0003,0.0002
17.06.2015 08:17:22.644 GMT+0100,2103.331,2102.6670000000004,0.001,0.0002
17.06.2015 08:17:25.064 GMT+0100,2103.004,2102.683,0.0003,0.0002
17.06.2015 08:17:25.444 GMT+0100,2103.048,2102.464,0.0003,0.0002
17.06.2015 08:17:26.494 GMT+0100,2103.012,2102.484,0.001,0.0002
17.06.2015 08:17:26.714 GMT+0100,2103.016,2102.453,0.0003,0.0002
17.06.2015 08:17:27.177 GMT+0100,2102.827,2102.488,0.0003,0.0002
17.06.2015 08:17:29.055 GMT+0100,2102.843,2102.1710000000003,0.0003,0.0002
17.06.2015 08:17:29.157 GMT+0100,2102.833,2102.156,0.001,0.0002
17.06.2015 08:17:29.684 GMT+0100,2102.8179999999998,2102.145,0.0003,0.0002
17.06.2015 08:17:32.573 GMT+0100,2102.51,2102.199,0.0003,0.0002
17.06.2015 08:17:32.774 GMT+0100,2102.839,2102.1420000000003,0.0003,0.0002
17.06.2015 08:17:35.280 GMT+0100,2102.505,2102.172,0.0003,0.0002
17.06.2015 08:17:36.083 GMT+0100,2102.8,2102.486,0.0003,0.0002
17.06.2015 08:17:37.890 GMT+0100,2102.533,2102.1220000000003,0.0003,0.0002
17.06.2015 08:17:38.894 GMT+0100,2102.834,2102.186,0.0003,0.0002
17.06.2015 08:17:40.201 GMT+0100,2102.521,2102.1820000000002,0.0003,0.0002
17.06.2015 08:17:43.367 GMT+0100,2102.303,2101.979,0.0003,0.0002
17.06.2015 08:17:45.376 GMT+0100,2102.5260000000003,2101.974,0.0003,0.0002
17.06.2015 08:17:45.744 GMT+0100,2102.534,2101.958,0.001,0.0002
17.06.2015 08:17:47.083 GMT+0100,2102.52,2102.18,0.0003,0.0002
17.06.2015 08:17:50.248 GMT+0100,2102.5420000000004,2101.883,0.0003,0.0009
17.06.2015 08:17:50.695 GMT+0100,2102.505,2101.867,0.001,0.0007
17.06.2015 08:17:51.133 GMT+0100,2102.534,2101.877,0.001,0.0007
17.06.2015 08:17:52.398 GMT+0100,2102.507,2101.981,0.001,0.0002
17.06.2015 08:17:52.453 GMT+0100,2102.516,2101.966,0.0003,0.0002
17.06.2015 08:17:52.625 GMT+0100,2102.3070000000002,2101.996,0.0003,0.0002
17.06.2015 08:17:53.804 GMT+0100,2102.532,2101.994,0.0003,0.0002
17.06.2015 08:17:53.945 GMT+0100,2102.317,2101.9829999999997,0.0003,0.0002
17.06.2015 08:17:57.220 GMT+0100,2102.343,2101.643,0.0003,0.0009
17.06.2015 08:17:57.514 GMT+0100,2102.329,2101.657,0.001,0.0007
17.06.2015 08:17:58.393 GMT+0100,2102.3179999999998,2101.679,0.0003,0.0002
17.06.2015 08:17:58.530 GMT+0100,2102.019,2101.6710000000003,0.0003,0.0002
17.06.2015 08:17:59.334 GMT+0100,2101.834,2101.431,0.0003,0.0002
17.06.2015 08:17:59.441 GMT+0100,2102.032,2101.4700000000003,0.0003,0.0002
17.06.2015 08:17:59.494 GMT+0100,2102.043,2101.479,0.001,0.0002
17.06.2015 08:18:00.026 GMT+0100,2102.029,2101.469,0.0003,0.0002
17.06.2015 08:18:00.338 GMT+0100,2102.009,2101.689,0.0003,0.0002
17.06.2015 08:18:04.450 GMT+0100,2101.827,2101.499,0.0003,0.0002
17.06.2015 08:18:06.958 GMT+0100,2102.001,2101.699,0.0003,0.0002
17.06.2015 08:18:10.671 GMT+0100,2102.325,2101.668,0.0003,0.0002
17.06.2015 08:18:10.933 GMT+0100,2102.319,2101.658,0.001,0.0002
17.06.2015 08:18:11.373 GMT+0100,2102.314,2101.698,0.001,0.0002
17.06.2015 08:18:11.703 GMT+0100,2102.018,2101.681,0.0003,0.0002
17.06.2015 08:18:14.383 GMT+0100,2102.3070000000002,2101.669,0.0003,0.0002
17.06.2015 08:18:14.985 GMT+0100,2102.028,2101.69,0.0003,0.0002
17.06.2015 08:18:17.024 GMT+0100,2102.31,2101.685,0.0003,0.0002
17.06.2015 08:18:17.533 GMT+0100,2102.3520000000003,2101.689,0.001,0.0002
17.06.2015 08:18:17.863 GMT+0100,2102.334,2101.647,0.001,0.0002
17.06.2015 08:18:18.083 GMT+0100,2102.3450000000003,2101.673,0.0003,0.0002
17.06.2015 08:18:20.251 GMT+0100,2102.361,2101.384,0.0003,0.0005
17.06.2015 08:18:23.203 GMT+0100,2102.323,2101.992,0.0003,0.0002
17.06.2015 08:18:23.705 GMT+0100,2102.548,2101.966,0.0003,0.0002
17.06.2015 08:18:24.023 GMT+0100,2102.535,2101.971,0.001,0.0002
17.06.2015 08:18:24.233 GMT+0100,2102.518,2102.1870000000004,0.0003,0.0002
17.06.2015 08:18:24.513 GMT+0100,2102.543,2101.9610000000002,0.0003,0.0002
17.06.2015 08:18:25.453 GMT+0100,2102.54,2101.969,0.001,0.0002
17.06.2015 08:18:26.418 GMT+0100,2102.522,2102.177,0.0003,0.0002
17.06.2015 08:18:26.918 GMT+0100,2102.527,2101.989,0.0003,0.0002
17.06.2015 08:18:27.213 GMT+0100,2102.504,2101.942,0.001,0.0002
17.06.2015 08:18:28.925 GMT+0100,2102.528,2102.172,0.0003,0.0002
17.06.2015 08:18:29.365 GMT+0100,2102.308,2101.988,0.0003,0.0002
17.06.2015 08:18:33.339 GMT+0100,2102.508,2102.179,0.0003,0.0002
17.06.2015 08:18:36.353 GMT+0100,2102.5260000000003,2101.9970000000003,0.0003,0.0002
17.06.2015 08:18:36.449 GMT+0100,2102.313,2101.9210000000003,0.0003,0.0002
17.06.2015 08:18:36.551 GMT+0100,2102.344,2101.694,0.0003,0.0002
17.06.2015 08:18:36.683 GMT+0100,2102.33,2101.69,0.001,0.0002
17.06.2015 08:18:37.144 GMT+0100,2102.344,2101.677,0.001,0.0002
17.06.2015 08:18:37.453 GMT+0100,2102.327,2101.685,0.001,0.0002
17.06.2015 08:18:38.003 GMT+0100,2102.351,2101.675,0.001,0.0002
17.06.2015 08:18:38.113 GMT+0100,2102.343,2101.655,0.001,0.0002
17.06.2015 08:18:38.334 GMT+0100,2102.3360000000002,2101.6510000000003,0.0003,0.0002
17.06.2015 08:18:38.664 GMT+0100,2102.029,2101.697,0.0003,0.0002
17.06.2015 08:18:42.625 GMT+0100,2102.3360000000002,2101.67,0.0003,0.0002
17.06.2015 08:18:42.843 GMT+0100,2102.357,2101.675,0.001,0.0002
17.06.2015 08:18:43.062 GMT+0100,2102.342,2101.676,0.001,0.0002
17.06.2015 08:18:43.691 GMT+0100,2102.3120000000004,2101.979,0.0003,0.0002
17.06.2015 08:18:46.901 GMT+0100,2102.323,2101.84,0.0003,0.0005
17.06.2015 08:18:58.672 GMT+0100,2102.5370000000003,2101.968,0.0003,0.0002
17.06.2015 08:18:59.236 GMT+0100,2102.5389999999998,2101.936,0.001,0.0002
17.06.2015 08:18:59.892 GMT+0100,2102.51,2101.93,0.001,0.0002
17.06.2015 08:19:00.936 GMT+0100,2102.518,2102.199,0.0003,0.0002
17.06.2015 08:19:02.838 GMT+0100,2102.53,2101.967,0.0003,0.0002
17.06.2015 08:19:02.972 GMT+0100,2102.54,2101.944,0.001,0.0002
17.06.2015 08:19:03.302 GMT+0100,2102.523,2101.962,0.001,0.0002
17.06.2015 08:19:04.144 GMT+0100,2102.515,2102.189,0.0003,0.0002
17.06.2015 08:19:07.205 GMT+0100,2102.553,2101.882,0.0003,0.0009
17.06.2015 08:19:08.912 GMT+0100,2102.548,2101.8579999999997,0.001,0.0007
17.06.2015 08:19:10.232 GMT+0100,2102.536,2101.885,0.001,0.0007
17.06.2015 08:19:11.442 GMT+0100,2102.552,2101.843,0.001,0.0007
17.06.2015 08:19:12.542 GMT+0100,2102.5,2101.864,0.001,0.0007
17.06.2015 08:19:13.161 GMT+0100,2102.509,2102.178,0.0003,0.0002
17.06.2015 08:19:16.188 GMT+0100,2102.5389999999998,2101.847,0.0003,0.0009
17.06.2015 08:19:19.726 GMT+0100,2102.53,2101.854,0.001,0.0007
17.06.2015 08:19:20.132 GMT+0100,2102.508,2101.859,0.001,0.0007
17.06.2015 08:19:20.352 GMT+0100,2102.5389999999998,2101.86,0.001,0.0007
17.06.2015 08:19:20.572 GMT+0100,2102.5370000000003,2101.89,0.001,0.0007
17.06.2015 08:19:21.241 GMT+0100,2102.527,2101.857,0.001,0.0007
17.06.2015 08:19:22.030 GMT+0100,2102.553,2101.8450000000003,0.001,0.0007
17.06.2015 08:19:22.662 GMT+0100,2102.5260000000003,2101.894,0.001,0.0007
17.06.2015 08:19:24.314 GMT+0100,2102.543,2101.887,0.001,0.0007
17.06.2015 08:19:24.485 GMT+0100,2102.52,2101.952,0.0003,0.0002
17.06.2015 08:19:25.932 GMT+0100,2102.35,2101.655,0.0003,0.0002
17.06.2015 08:19:26.182 GMT+0100,2102.341,2101.6929999999998,0.001,0.0002
17.06.2015 08:19:26.419 GMT+0100,2102.309,2101.986,0.0003,0.0002
17.06.2015 08:19:27.332 GMT+0100,2102.514,2101.9970000000003,0.0003,0.0002
17.06.2015 08:19:29.286 GMT+0100,2102.524,2101.9770000000003,0.001,0.0002
17.06.2015 08:19:29.409 GMT+0100,2102.527,2102.186,0.0003,0.0002
17.06.2015 08:19:31.915 GMT+0100,2102.505,2101.994,0.0003,0.0002
17.06.2015 08:19:35.117 GMT+0100,2102.547,2101.94,0.001,0.0002
17.06.2015 08:19:35.531 GMT+0100,2102.553,2101.692,0.001,0.0005
17.06.2015 08:19:35.952 GMT+0100,2102.527,2102.173,0.0003,0.0002
17.06.2015 08:19:39.030 GMT+0100,2102.541,2101.888,0.0003,0.0009
17.06.2015 08:19:39.601 GMT+0100,2102.5389999999998,2101.864,0.001,0.0007
17.06.2015 08:19:39.938 GMT+0100,2102.533,2101.86,0.001,0.0007
17.06.2015 08:19:42.132 GMT+0100,2102.524,2101.874,0.001,0.0007
17.06.2015 08:19:42.461 GMT+0100,2102.547,2101.889,0.001,0.0007
17.06.2015 08:19:42.902 GMT+0100,2102.52,2101.8650000000002,0.001,0.0007
17.06.2015 08:19:44.242 GMT+0100,2102.532,2101.867,0.001,0.0007
17.06.2015 08:19:44.953 GMT+0100,2102.5260000000003,2101.851,0.001,0.0007
17.06.2015 08:19:45.232 GMT+0100,2102.531,2101.873,0.001,0.0007
17.06.2015 08:19:47.248 GMT+0100,2102.85,2102.168,0.0003,0.0002
17.06.2015 08:19:47.541 GMT+0100,2102.8070000000002,2102.196,0.001,0.0002
17.06.2015 08:19:47.871 GMT+0100,2102.813,2102.1510000000003,0.0003,0.0002
17.06.2015 08:19:47.949 GMT+0100,2103.049,2102.455,0.0003,0.0002
17.06.2015 08:19:50.983 GMT+0100,2103.0660000000003,2102.214,0.001,0.0005
17.06.2015 08:19:51.351 GMT+0100,2103.008,2102.223,0.001,0.0005
17.06.2015 08:19:52.161 GMT+0100,2103.052,2102.212,0.001,0.0005
17.06.2015 08:19:52.601 GMT+0100,2103.016,2102.183,0.001,0.0005
17.06.2015 08:19:54.707 GMT+0100,2103,2102.215,0.001,0.0005
17.06.2015 08:19:55.040 GMT+0100,2103.041,2102.199,0.001,0.0005
17.06.2015 08:19:55.241 GMT+0100,2103.011,2101.9700000000003,0.001,0.0007
17.06.2015 08:19:55.568 GMT+0100,2102.828,2102.476,0.0003,0.0002
17.06.2015 08:19:56.270 GMT+0100,2103.02,2102.465,0.0003,0.0002
17.06.2015 08:19:56.671 GMT+0100,2103.043,2102.4410000000003,0.001,0.0002
17.06.2015 08:19:57.221 GMT+0100,2103.022,2102.495,0.001,0.0002
17.06.2015 08:20:00.077 GMT+0100,2103.011,2102.695,0.0003,0.0002
17.06.2015 08:20:00.178 GMT+0100,2103.0389999999998,2102.468,0.0003,0.0002
17.06.2015 08:20:02.786 GMT+0100,2103.011,2102.6820000000002,0.0003,0.0002
17.06.2015 08:20:05.794 GMT+0100,2103.001,2102.4320000000002,0.0003,0.0002
17.06.2015 08:20:06.517 GMT+0100,2103.028,2102.694,0.0003,0.0002
17.06.2015 08:20:07.999 GMT+0100,2103.01,2102.494,0.0003,0.0002
17.06.2015 08:20:08.401 GMT+0100,2103.008,2102.7,0.0003,0.0002
17.06.2015 08:20:11.107 GMT+0100,2103.029,2102.475,0.0003,0.0002
17.06.2015 08:20:13.668 GMT+0100,2103.024,2102.696,0.0003,0.0002
17.06.2015 08:20:13.719 GMT+0100,2103.022,2102.464,0.0003,0.0002
17.06.2015 08:20:16.472 GMT+0100,2103.033,2102.455,0.001,0.0002
17.06.2015 08:20:16.692 GMT+0100,2103.019,2102.471,0.0003,0.0002
17.06.2015 08:20:16.804 GMT+0100,2103.044,2102.204,0.0003,0.0005
17.06.2015 08:20:18.277 GMT+0100,2103.007,2102.68,0.0003,0.0002
17.06.2015 08:20:38.491 GMT+0100,2103.02,2102.464,0.0003,0.0002
17.06.2015 08:20:39.188 GMT+0100,2103.03,2102.698,0.0003,0.0002
17.06.2015 08:20:46.408 GMT+0100,2103.325,2103,0.0003,0.0002
17.06.2015 08:20:48.414 GMT+0100,2103.529,2102.999,0.0003,0.0002
17.06.2015 08:20:52.373 GMT+0100,2103.326,2102.999,0.0003,0.0002
17.06.2015 08:20:58.150 GMT+0100,2103.031,2102.645,0.0003,0.0002
17.06.2015 08:21:00.451 GMT+0100,2102.806,2102.487,0.0003,0.0002
17.06.2015 08:21:35.451 GMT+0100,2102.837,2102.141,0.0003,0.0002
17.06.2015 08:21:36.384 GMT+0100,2102.508,2102.183,0.0003,0.0002
17.06.2015 08:21:48.708 GMT+0100,2102.823,2102.2,0.0003,0.0002
17.06.2015 08:21:49.679 GMT+0100,2102.8070000000002,2102.4770000000003,0.0003,0.0002
17.06.2015 08:21:49.920 GMT+0100,2103.0460000000003,2102.4970000000003,0.0003,0.0002
17.06.2015 08:21:52.396 GMT+0100,2103.0170000000003,2102.688,0.0003,0.0002
17.06.2015 08:22:11.338 GMT+0100,2103.005,2102.486,0.0003,0.0002
17.06.2015 08:22:12.642 GMT+0100,2102.801,2102.492,0.0003,0.0002
17.06.2015 08:22:12.743 GMT+0100,2103.022,2102.475,0.0003,0.0002
17.06.2015 08:22:15.750 GMT+0100,2103.0060000000003,2102.487,0.001,0.0002
17.06.2015 08:22:16.080 GMT+0100,2103.007,2102.225,0.001,0.0005
17.06.2015 08:22:17.752 GMT+0100,2102.829,2102.473,0.0003,0.0002
17.06.2015 08:22:20.825 GMT+0100,2102.8179999999998,2102.19,0.0003,0.0009
17.06.2015 08:22:21.058 GMT+0100,2102.534,2102.139,0.0003,0.0002
17.06.2015 08:22:21.360 GMT+0100,2102.528,2102.153,0.001,0.0002
17.06.2015 08:22:21.690 GMT+0100,2102.5,2102.178,0.0003,0.0002
17.06.2015 08:22:24.199 GMT+0100,2102.509,2102.043,0.0003,0.0005
17.06.2015 08:22:24.366 GMT+0100,2102.819,2102.474,0.0003,0.0002
17.06.2015 08:22:28.574 GMT+0100,2103.002,2102.451,0.0003,0.0002
17.06.2015 08:22:29.079 GMT+0100,2103.03,2102.697,0.0003,0.0002
17.06.2015 08:22:40.598 GMT+0100,2103.328,2102.644,0.0003,0.0002
17.06.2015 08:22:48.900 GMT+0100,2103.327,2102.6820000000002,0.001,0.0002
17.06.2015 08:22:49.019 GMT+0100,2103.324,2102.982,0.0003,0.0002
17.06.2015 08:22:52.193 GMT+0100,2103.3160000000003,2102.841,0.0003,0.0005
17.06.2015 08:22:53.827 GMT+0100,2103.541,2102.982,0.0003,0.0002
17.06.2015 08:22:55.734 GMT+0100,2103.323,2102.991,0.0003,0.0002
17.06.2015 08:22:56.638 GMT+0100,2103.52,2103.1929999999998,0.0003,0.0002
17.06.2015 08:22:57.942 GMT+0100,2103.541,2102.9410000000003,0.0003,0.0002
17.06.2015 08:22:58.043 GMT+0100,2103.513,2103.173,0.0003,0.0002
17.06.2015 08:23:04.164 GMT+0100,2103.515,2102.965,0.0003,0.0002
17.06.2015 08:23:04.214 GMT+0100,2103.51,2102.968,0.001,0.0002
17.06.2015 08:23:04.369 GMT+0100,2103.516,2102.998,0.0003,0.0002
17.06.2015 08:23:05.269 GMT+0100,2103.5260000000003,2103.186,0.0003,0.0002
17.06.2015 08:23:06.472 GMT+0100,2103.543,2102.959,0.0003,0.0002
17.06.2015 08:23:07.574 GMT+0100,2103.528,2103.1929999999998,0.0003,0.0002
