Local time,Ask,Bid,AskVolume,BidVolume
13.12.2017 07:05:00.163 GMT-0000,2662.931,2662.2000000000003,0.0021,0.0019
13.12.2017 07:05:01.098 GMT-0000,2662.931,2662.0690000000004,0.0026,0.0019
13.12.2017 07:05:01.148 GMT-0000,2662.931,2662.199,0.0021,0.0019
13.12.2017 07:05:01.199 GMT-0000,2662.931,2662.2690000000002,0.0021,0.0019
13.12.2017 07:05:05.533 GMT-0000,2662.931,2662.07,0.0026,0.0019
13.12.2017 07:05:05.682 GMT-0000,2662.931,2662.12,0.0021,0.0019
13.12.2017 07:05:05.733 GMT-0000,2662.73,2662.07,0.0021,0.0019
13.12.2017 07:05:08.409 GMT-0000,2662.73,2662.0190000000002,0.0016,0.0019
13.12.2017 07:05:08.459 GMT-0000,2662.73,2662.07,0.0021,0.0019
13.12.2017 07:05:29.746 GMT-0000,2662.73,2661.9500000000003,0.0021,0.0019
13.12.2017 07:05:40.195 GMT-0000,2662.73,2662.0690000000004,0.0021,0.0019
13.12.2017 07:05:40.483 GMT-0000,2662.73,2661.949,0.0021,0.0019
13.12.2017 07:06:06.692 GMT-0000,2662.73,2662.27,0.0016,0.0005
13.12.2017 07:06:06.743 GMT-0000,2662.73,2662.07,0.0021,0.0019
13.12.2017 07:06:09.006 GMT-0000,2662.73,2662.0190000000002,0.0016,0.0019
13.12.2017 07:06:09.056 GMT-0000,2662.73,2662.0690000000004,0.0021,0.0019
13.12.2017 07:06:42.236 GMT-0000,2662.73,2662.12,0.0016,0.0005
13.12.2017 07:06:42.286 GMT-0000,2662.73,2662.07,0.0021,0.0019
13.12.2017 07:06:48.667 GMT-0000,2662.73,2662.02,0.0016,0.0019
13.12.2017 07:06:48.718 GMT-0000,2662.73,2662.0190000000002,0.0021,0.0019
13.12.2017 07:06:49.120 GMT-0000,2662.73,2661.9500000000003,0.0021,0.0019
13.12.2017 07:06:50.494 GMT-0000,2662.73,2662.119,0.0016,0.0005
13.12.2017 07:06:50.544 GMT-0000,2662.73,2662.27,0.0016,0.0005
13.12.2017 07:06:50.595 GMT-0000,2662.73,2662.07,0.0021,0.0019
13.12.2017 07:07:14.138 GMT-0000,2662.73,2661.949,0.0021,0.0019
13.12.2017 07:08:18.836 GMT-0000,2662.73,2662.0690000000004,0.0021,0.0019
13.12.2017 07:08:57.860 GMT-0000,2662.73,2662.2000000000003,0.0016,0.0005
13.12.2017 07:10:05.871 GMT-0000,2662.76,2662.2000000000003,0.0005,0.0005
13.12.2017 07:12:30.414 GMT-0000,2662.931,2662.0190000000002,0.0005,0.0005
13.12.2017 07:13:05.370 GMT-0000,2662.761,2662.199,0.0005,0.0005
13.12.2017 07:15:02.584 GMT-0000,2662.631,2662.0690000000004,0.0005,0.0005
13.12.2017 07:15:26.296 GMT-0000,2662.76,2662.2000000000003,0.0005,0.0005
13.12.2017 07:15:35.398 GMT-0000,2662.631,2662.0690000000004,0.0005,0.0005
13.12.2017 07:15:37.200 GMT-0000,2662.761,2662.199,0.0005,0.0005
13.12.2017 07:15:43.974 GMT-0000,2662.631,2662.0690000000004,0.0005,0.0005
13.12.2017 07:16:05.645 GMT-0000,2662.76,2662.2000000000003,0.0005,0.0005
13.12.2017 07:16:07.025 GMT-0000,2662.88,2662.32,0.0005,0.0005
13.12.2017 07:16:07.544 GMT-0000,2662.931,2662.3190000000004,0.0021,0.0005
13.12.2017 07:16:35.158 GMT-0000,2662.931,2662.4500000000003,0.0016,0.0005
13.12.2017 07:17:48.615 GMT-0000,2662.931,2662.32,0.0021,0.0005
13.12.2017 07:18:01.078 GMT-0000,2662.931,2662.199,0.0021,0.0019
13.12.2017 07:18:01.129 GMT-0000,2662.931,2662.27,0.0021,0.0005
13.12.2017 07:18:01.179 GMT-0000,2662.931,2662.199,0.0021,0.0019
13.12.2017 07:18:39.901 GMT-0000,2662.931,2662.07,0.0026,0.0019
13.12.2017 07:18:40.068 GMT-0000,2662.7309999999998,2662.07,0.0021,0.0005
13.12.2017 07:18:59.535 GMT-0000,2662.7309999999998,2661.9500000000003,0.0021,0.0019
13.12.2017 07:18:59.586 GMT-0000,2662.7309999999998,2662.0190000000002,0.0021,0.0019
13.12.2017 07:18:59.690 GMT-0000,2662.43,2662.0190000000002,0.0016,0.0005
13.12.2017 07:19:00.315 GMT-0000,2662.631,2662.0190000000002,0.0021,0.0005
13.12.2017 07:19:03.494 GMT-0000,2662.431,2662.0190000000002,0.0016,0.0005
13.12.2017 07:19:05.643 GMT-0000,2662.631,2662.0190000000002,0.0021,0.0005
13.12.2017 07:19:14.472 GMT-0000,2662.43,2662.0190000000002,0.0016,0.0005
13.12.2017 07:19:14.934 GMT-0000,2662.631,2662.0190000000002,0.0021,0.0005
13.12.2017 07:19:19.118 GMT-0000,2662.7309999999998,2662.0190000000002,0.0021,0.0019
13.12.2017 07:19:19.704 GMT-0000,2662.7309999999998,2661.949,0.0021,0.0019
13.12.2017 07:19:53.050 GMT-0000,2662.7309999999998,2662.0690000000004,0.0021,0.0019
13.12.2017 07:19:56.095 GMT-0000,2662.7309999999998,2662.07,0.0021,0.0005
13.12.2017 07:20:00.461 GMT-0000,2662.7309999999998,2662.199,0.0016,0.0005
13.12.2017 07:20:00.981 GMT-0000,2662.7309999999998,2662.07,0.0021,0.0005
13.12.2017 07:20:01.374 GMT-0000,2662.7309999999998,2662.199,0.0016,0.0005
13.12.2017 07:20:03.406 GMT-0000,2662.7309999999998,2662.07,0.0021,0.0005
13.12.2017 07:20:06.715 GMT-0000,2662.7309999999998,2662.199,0.0016,0.0005
13.12.2017 07:20:07.316 GMT-0000,2662.7309999999998,2662.07,0.0021,0.0005
13.12.2017 07:20:13.109 GMT-0000,2662.7309999999998,2662.199,0.0016,0.0005
13.12.2017 07:20:16.172 GMT-0000,2662.7309999999998,2662.0690000000004,0.0021,0.0019
13.12.2017 07:20:30.657 GMT-0000,2662.7309999999998,2662.27,0.0016,0.0005
13.12.2017 07:20:31.143 GMT-0000,2662.8309999999997,2662.27,0.0016,0.0005
13.12.2017 07:20:31.420 GMT-0000,2662.8309999999997,2662.32,0.0016,0.0005
13.12.2017 07:20:31.470 GMT-0000,2662.93,2662.32,0.0021,0.0005
13.12.2017 07:20:32.088 GMT-0000,2662.93,2662.449,0.0016,0.0005
13.12.2017 07:20:32.139 GMT-0000,2662.93,2662.37,0.0016,0.0005
13.12.2017 07:20:32.189 GMT-0000,2662.93,2662.5190000000002,0.0016,0.0005
13.12.2017 07:20:32.240 GMT-0000,2662.93,2662.32,0.0021,0.0005
13.12.2017 07:20:34.390 GMT-0000,2662.93,2662.2000000000003,0.0021,0.0019
13.12.2017 07:20:34.440 GMT-0000,2662.93,2662.2690000000002,0.0016,0.0019
13.12.2017 07:20:34.491 GMT-0000,2662.93,2662.2000000000003,0.0021,0.0019
13.12.2017 07:20:40.996 GMT-0000,2662.93,2662.3190000000004,0.0021,0.0005
13.12.2017 07:20:46.333 GMT-0000,2662.93,2662.4500000000003,0.0016,0.0005
13.12.2017 07:21:03.018 GMT-0000,2662.93,2662.3190000000004,0.0021,0.0005
13.12.2017 07:21:03.119 GMT-0000,2662.93,2662.2690000000002,0.0016,0.0019
13.12.2017 07:21:03.224 GMT-0000,2662.93,2662.2690000000002,0.0021,0.0019
13.12.2017 07:21:03.812 GMT-0000,2662.93,2662.199,0.0021,0.0019
13.12.2017 07:21:07.437 GMT-0000,2662.93,2662.449,0.0016,0.0005
13.12.2017 07:21:07.487 GMT-0000,2662.93,2662.37,0.0016,0.0005
13.12.2017 07:21:07.538 GMT-0000,2662.93,2662.199,0.0021,0.0019
13.12.2017 07:21:07.612 GMT-0000,2662.93,2662.32,0.0021,0.0005
13.12.2017 07:21:07.663 GMT-0000,2662.93,2662.4500000000003,0.0016,0.0005
13.12.2017 07:21:08.102 GMT-0000,2662.93,2662.52,0.0016,0.0005
13.12.2017 07:21:08.180 GMT-0000,2662.93,2662.32,0.0021,0.0005
13.12.2017 07:21:08.287 GMT-0000,2662.93,2662.37,0.0016,0.0005
13.12.2017 07:22:06.273 GMT-0000,2662.93,2662.4500000000003,0.0016,0.0005
13.12.2017 07:22:08.683 GMT-0000,2662.93,2662.32,0.0021,0.0005
13.12.2017 07:22:08.789 GMT-0000,2662.93,2662.369,0.0016,0.0005
13.12.2017 07:22:12.393 GMT-0000,2662.93,2662.3190000000004,0.0021,0.0005
13.12.2017 07:22:21.590 GMT-0000,2662.93,2662.37,0.0016,0.0005
13.12.2017 07:22:22.369 GMT-0000,2662.93,2662.4500000000003,0.0016,0.0005
13.12.2017 07:22:25.880 GMT-0000,2662.93,2662.32,0.0021,0.0005
13.12.2017 07:22:27.891 GMT-0000,2662.93,2662.37,0.0016,0.0005
13.12.2017 07:22:31.860 GMT-0000,2662.93,2662.2000000000003,0.0021,0.0019
13.12.2017 07:22:35.076 GMT-0000,2662.93,2662.449,0.0016,0.0005
13.12.2017 07:22:35.249 GMT-0000,2663.23,2662.5190000000002,0.0021,0.0019
13.12.2017 07:22:42.226 GMT-0000,2663.23,2662.32,0.0026,0.0019
13.12.2017 07:22:42.327 GMT-0000,2662.93,2662.32,0.0021,0.0005
13.12.2017 07:22:43.868 GMT-0000,2663.13,2662.32,0.0026,0.0019
13.12.2017 07:22:43.918 GMT-0000,2663.13,2662.52,0.0021,0.0005
13.12.2017 07:22:44.030 GMT-0000,2662.931,2662.52,0.0016,0.0005
13.12.2017 07:22:44.442 GMT-0000,2663.2309999999998,2662.52,0.0021,0.0019
13.12.2017 07:22:44.493 GMT-0000,2663.2309999999998,2662.4500000000003,0.0021,0.0019
13.12.2017 07:22:52.045 GMT-0000,2663.2309999999998,2662.62,0.0016,0.0005
13.12.2017 07:22:52.096 GMT-0000,2663.2309999999998,2662.57,0.0021,0.0005
13.12.2017 07:23:00.337 GMT-0000,2663.2309999999998,2662.4500000000003,0.0021,0.0019
13.12.2017 07:23:14.338 GMT-0000,2663.2309999999998,2662.699,0.0016,0.0005
13.12.2017 07:23:14.489 GMT-0000,2663.2309999999998,2662.77,0.0016,0.0005
13.12.2017 07:23:24.985 GMT-0000,2663.2309999999998,2662.5190000000002,0.0021,0.0019
13.12.2017 07:23:25.036 GMT-0000,2663.2309999999998,2662.5190000000002,0.0021,0.0019
13.12.2017 07:23:25.663 GMT-0000,2663.2309999999998,2662.4500000000003,0.0021,0.0019
13.12.2017 07:24:03.967 GMT-0000,2663.2309999999998,2662.3190000000004,0.0026,0.0019
13.12.2017 07:24:04.018 GMT-0000,2663.2309999999998,2662.449,0.0021,0.0019
13.12.2017 07:24:04.119 GMT-0000,2663.2309999999998,2662.5190000000002,0.0021,0.0019
13.12.2017 07:24:36.848 GMT-0000,2663.2309999999998,2662.5690000000004,0.0021,0.0019
13.12.2017 07:24:36.898 GMT-0000,2663.2309999999998,2662.7000000000003,0.0016,0.0005
13.12.2017 07:24:36.949 GMT-0000,2663.2309999999998,2662.57,0.0021,0.0005
13.12.2017 07:25:03.925 GMT-0000,2663.2309999999998,2662.5190000000002,0.0016,0.0019
13.12.2017 07:25:04.029 GMT-0000,2663.2309999999998,2662.5190000000002,0.0021,0.0019
13.12.2017 07:25:09.015 GMT-0000,2663.2309999999998,2662.3190000000004,0.0026,0.0019
13.12.2017 07:25:09.209 GMT-0000,2662.93,2662.32,0.0021,0.0005
13.12.2017 07:25:09.382 GMT-0000,2662.93,2662.369,0.0016,0.0005
13.12.2017 07:25:24.264 GMT-0000,2662.93,2662.449,0.0016,0.0005
13.12.2017 07:25:24.595 GMT-0000,2663.23,2662.4500000000003,0.0021,0.0019
13.12.2017 07:25:55.250 GMT-0000,2663.23,2662.2000000000003,0.0026,0.0019
13.12.2017 07:25:55.317 GMT-0000,2663.23,2662.3190000000004,0.0026,0.0019
13.12.2017 07:25:55.392 GMT-0000,2663.23,2662.369,0.0021,0.0019
13.12.2017 07:25:55.493 GMT-0000,2662.931,2662.369,0.0016,0.0005
13.12.2017 07:25:58.665 GMT-0000,2662.931,2662.199,0.0021,0.0019
13.12.2017 07:26:06.272 GMT-0000,2662.931,2662.32,0.0021,0.0005
13.12.2017 07:26:06.552 GMT-0000,2662.931,2662.369,0.0016,0.0005
13.12.2017 07:26:09.675 GMT-0000,2662.931,2662.4500000000003,0.0016,0.0005
13.12.2017 07:26:12.147 GMT-0000,2662.931,2662.32,0.0021,0.0005
13.12.2017 07:26:22.775 GMT-0000,2662.931,2662.52,0.0016,0.0005
13.12.2017 07:26:22.826 GMT-0000,2663.23,2662.52,0.0021,0.0019
13.12.2017 07:26:22.877 GMT-0000,2663.23,2662.4500000000003,0.0021,0.0019
13.12.2017 07:28:10.762 GMT-0000,2663.23,2662.7000000000003,0.0016,0.0005
13.12.2017 07:28:10.865 GMT-0000,2663.23,2662.77,0.0016,0.0005
13.12.2017 07:28:37.043 GMT-0000,2663.23,2662.699,0.0016,0.0005
13.12.2017 07:28:48.274 GMT-0000,2663.23,2662.52,0.0016,0.0019
13.12.2017 07:28:48.375 GMT-0000,2663.23,2662.4500000000003,0.0021,0.0019
13.12.2017 07:28:48.425 GMT-0000,2663.23,2662.52,0.0021,0.0019
13.12.2017 07:29:21.953 GMT-0000,2663.23,2662.2000000000003,0.0026,0.0019
13.12.2017 07:29:22.004 GMT-0000,2663.23,2662.3190000000004,0.0026,0.0019
13.12.2017 07:29:22.155 GMT-0000,2663.23,2662.52,0.0021,0.0019
13.12.2017 07:30:00.154 GMT-0000,2663.23,2662.32,0.0026,0.0019
13.12.2017 07:30:00.255 GMT-0000,2663.23,2662.37,0.0021,0.0019
13.12.2017 07:30:00.336 GMT-0000,2663.23,2662.369,0.0021,0.0019
13.12.2017 07:30:00.386 GMT-0000,2662.93,2662.369,0.0016,0.0005
13.12.2017 07:30:05.153 GMT-0000,2662.93,2662.37,0.0021,0.0005
13.12.2017 07:30:05.722 GMT-0000,2662.93,2662.369,0.0016,0.0005
13.12.2017 07:30:06.440 GMT-0000,2662.93,2662.37,0.0016,0.0005
13.12.2017 07:30:14.797 GMT-0000,2662.93,2662.32,0.0021,0.0005
13.12.2017 07:31:22.059 GMT-0000,2662.93,2662.199,0.0021,0.0019
13.12.2017 07:31:22.111 GMT-0000,2662.93,2662.27,0.0021,0.0019
13.12.2017 07:31:22.161 GMT-0000,2662.93,2662.2690000000002,0.0021,0.0019
13.12.2017 07:31:22.664 GMT-0000,2662.93,2662.2000000000003,0.0021,0.0019
13.12.2017 07:33:01.482 GMT-0000,2662.93,2662.3190000000004,0.0021,0.0005
13.12.2017 07:33:01.535 GMT-0000,2662.93,2662.369,0.0016,0.0005
13.12.2017 07:33:01.636 GMT-0000,2662.93,2662.3190000000004,0.0021,0.0005
13.12.2017 07:33:19.651 GMT-0000,2662.93,2662.0690000000004,0.0026,0.0019
13.12.2017 07:33:19.731 GMT-0000,2662.93,2662.2690000000002,0.0021,0.0019
13.12.2017 07:33:19.781 GMT-0000,2662.93,2662.07,0.0026,0.0019
13.12.2017 07:33:19.832 GMT-0000,2662.73,2662.07,0.0021,0.0019
13.12.2017 07:33:36.512 GMT-0000,2662.73,2662.2000000000003,0.0016,0.0005
13.12.2017 07:33:36.562 GMT-0000,2662.73,2662.119,0.0016,0.0005
13.12.2017 07:33:36.613 GMT-0000,2662.73,2662.07,0.0021,0.0019
13.12.2017 07:33:38.969 GMT-0000,2662.73,2661.9500000000003,0.0021,0.0019
13.12.2017 07:33:39.070 GMT-0000,2662.73,2662.02,0.0021,0.0019
13.12.2017 07:33:39.121 GMT-0000,2662.73,2661.949,0.0021,0.0019
13.12.2017 07:33:59.927 GMT-0000,2662.73,2662.0690000000004,0.0021,0.0019
13.12.2017 07:33:59.978 GMT-0000,2662.73,2662.12,0.0016,0.0005
13.12.2017 07:34:00.029 GMT-0000,2662.73,2662.07,0.0021,0.0019
13.12.2017 07:34:00.080 GMT-0000,2662.73,2662.12,0.0016,0.0005
13.12.2017 07:34:03.570 GMT-0000,2662.73,2662.199,0.0016,0.0005
13.12.2017 07:34:05.002 GMT-0000,2662.73,2662.32,0.0016,0.0005
13.12.2017 07:34:05.182 GMT-0000,2662.931,2662.32,0.0021,0.0005
13.12.2017 07:34:16.092 GMT-0000,2662.931,2662.37,0.0016,0.0005
13.12.2017 07:34:16.398 GMT-0000,2662.931,2662.27,0.0016,0.0005
13.12.2017 07:34:16.502 GMT-0000,2662.931,2662.27,0.0021,0.0005
13.12.2017 07:34:17.093 GMT-0000,2662.931,2662.2000000000003,0.0021,0.0019
13.12.2017 07:34:17.499 GMT-0000,2662.931,2662.369,0.0016,0.0005
13.12.2017 07:34:17.549 GMT-0000,2662.931,2662.3190000000004,0.0021,0.0005
13.12.2017 07:34:20.560 GMT-0000,2662.931,2662.2000000000003,0.0021,0.0019
13.12.2017 07:34:29.587 GMT-0000,2662.931,2662.3190000000004,0.0021,0.0005
13.12.2017 07:34:30.429 GMT-0000,2662.931,2662.369,0.0016,0.0005
13.12.2017 07:34:30.966 GMT-0000,2662.931,2662.3190000000004,0.0021,0.0005
13.12.2017 07:34:35.374 GMT-0000,2662.931,2662.449,0.0016,0.0005
13.12.2017 07:34:35.424 GMT-0000,2662.931,2662.32,0.0021,0.0005
13.12.2017 07:34:42.767 GMT-0000,2662.931,2662.2000000000003,0.0021,0.0019
13.12.2017 07:34:57.115 GMT-0000,2662.931,2662.07,0.0026,0.0019
13.12.2017 07:34:57.166 GMT-0000,2662.931,2662.2000000000003,0.0021,0.0019
13.12.2017 07:34:57.217 GMT-0000,2662.931,2662.2690000000002,0.0021,0.0019
13.12.2017 07:34:57.321 GMT-0000,2662.931,2662.2000000000003,0.0021,0.0019
13.12.2017 07:35:05.349 GMT-0000,2662.931,2662.27,0.0021,0.0005
13.12.2017 07:35:09.881 GMT-0000,2662.73,2662.27,0.0016,0.0005
13.12.2017 07:35:09.994 GMT-0000,2662.73,2662.0690000000004,0.0021,0.0019
13.12.2017 07:35:15.784 GMT-0000,2662.73,2661.9500000000003,0.0021,0.0019
13.12.2017 07:35:15.888 GMT-0000,2662.73,2662.02,0.0021,0.0019
13.12.2017 07:35:15.938 GMT-0000,2662.73,2661.9500000000003,0.0021,0.0019
13.12.2017 07:35:22.426 GMT-0000,2662.73,2662.119,0.0016,0.0005
13.12.2017 07:35:26.198 GMT-0000,2662.73,2661.9500000000003,0.0021,0.0019
13.12.2017 07:35:26.531 GMT-0000,2662.73,2662.12,0.0016,0.0005
13.12.2017 07:35:32.324 GMT-0000,2662.73,2662.119,0.0021,0.0005
13.12.2017 07:35:32.748 GMT-0000,2662.73,2661.949,0.0021,0.0019
13.12.2017 07:35:38.030 GMT-0000,2662.73,2662.199,0.0016,0.0005
13.12.2017 07:35:38.131 GMT-0000,2662.73,2662.07,0.0021,0.0019
13.12.2017 07:35:38.445 GMT-0000,2662.73,2662.12,0.0016,0.0005
13.12.2017 07:35:39.105 GMT-0000,2662.73,2662.119,0.0016,0.0005
13.12.2017 07:35:39.367 GMT-0000,2662.73,2661.9500000000003,0.0021,0.0019
13.12.2017 07:36:31.131 GMT-0000,2662.73,2662.119,0.0016,0.0005
13.12.2017 07:36:31.255 GMT-0000,2662.73,2662.07,0.0021,0.0019
13.12.2017 07:36:34.503 GMT-0000,2662.73,2661.949,0.0021,0.0019
13.12.2017 07:36:34.555 GMT-0000,2662.73,2662.02,0.0021,0.0019
13.12.2017 07:36:34.607 GMT-0000,2662.73,2662.0190000000002,0.0021,0.0019
13.12.2017 07:36:35.040 GMT-0000,2662.73,2661.9500000000003,0.0021,0.0019
13.12.2017 07:36:35.091 GMT-0000,2662.73,2662.119,0.0016,0.0005
13.12.2017 07:36:35.325 GMT-0000,2662.73,2661.9500000000003,0.0021,0.0019
13.12.2017 07:37:36.220 GMT-0000,2662.73,2661.7690000000002,0.0021,0.0019
13.12.2017 07:37:39.525 GMT-0000,2662.73,2662.07,0.0021,0.0019
13.12.2017 07:37:39.626 GMT-0000,2662.73,2662.12,0.0016,0.0005
13.12.2017 07:37:46.522 GMT-0000,2662.73,2662.199,0.0016,0.0005
13.12.2017 07:37:46.709 GMT-0000,2662.73,2662.07,0.0021,0.0019
13.12.2017 07:37:46.853 GMT-0000,2662.73,2662.12,0.0021,0.0005
13.12.2017 07:37:46.917 GMT-0000,2662.73,2662.119,0.0016,0.0005
13.12.2017 07:37:59.861 GMT-0000,2662.73,2662.199,0.0016,0.0005
13.12.2017 07:38:01.360 GMT-0000,2662.73,2662.07,0.0021,0.0019
13.12.2017 07:38:01.444 GMT-0000,2662.73,2662.2000000000003,0.0016,0.0005
13.12.2017 07:38:05.982 GMT-0000,2662.931,2662.2000000000003,0.0021,0.0019
13.12.2017 07:38:06.204 GMT-0000,2662.931,2662.2690000000002,0.0021,0.0019
13.12.2017 07:38:06.254 GMT-0000,2662.931,2662.199,0.0021,0.0019
13.12.2017 07:38:07.841 GMT-0000,2662.931,2662.369,0.0016,0.0005
13.12.2017 07:38:07.892 GMT-0000,2662.931,2662.3190000000004,0.0021,0.0005
13.12.2017 07:38:08.294 GMT-0000,2662.931,2662.2000000000003,0.0021,0.0019
13.12.2017 07:38:38.494 GMT-0000,2662.931,2662.2690000000002,0.0021,0.0019
13.12.2017 07:38:38.546 GMT-0000,2662.931,2662.2000000000003,0.0021,0.0019
13.12.2017 07:38:48.677 GMT-0000,2662.931,2662.0690000000004,0.0026,0.0019
13.12.2017 07:38:48.780 GMT-0000,2662.931,2662.12,0.0021,0.0019
13.12.2017 07:38:48.847 GMT-0000,2662.73,2662.12,0.0016,0.0005
13.12.2017 07:38:51.044 GMT-0000,2662.73,2662.199,0.0016,0.0005
13.12.2017 07:38:51.527 GMT-0000,2662.73,2662.27,0.0016,0.0005
13.12.2017 07:38:59.619 GMT-0000,2662.73,2662.0690000000004,0.0021,0.0019
13.12.2017 07:38:59.671 GMT-0000,2662.73,2661.9500000000003,0.0021,0.0019
13.12.2017 07:38:59.722 GMT-0000,2662.73,2662.02,0.0021,0.0019
13.12.2017 07:38:59.772 GMT-0000,2662.73,2661.9500000000003,0.0021,0.0019
13.12.2017 07:39:14.717 GMT-0000,2662.73,2662.12,0.0016,0.0005
13.12.2017 07:39:14.768 GMT-0000,2662.73,2662.07,0.0021,0.0019
13.12.2017 07:39:42.745 GMT-0000,2662.73,2662.119,0.0016,0.0005
13.12.2017 07:39:46.233 GMT-0000,2662.73,2662.2690000000002,0.0016,0.0005
13.12.2017 07:39:46.284 GMT-0000,2662.73,2662.07,0.0021,0.0019
13.12.2017 07:40:09.898 GMT-0000,2662.73,2661.9500000000003,0.0021,0.0019
13.12.2017 07:40:09.948 GMT-0000,2662.73,2662.0690000000004,0.0021,0.0019
13.12.2017 07:40:10.002 GMT-0000,2662.73,2662.119,0.0016,0.0005
13.12.2017 07:40:10.598 GMT-0000,2662.73,2662.12,0.0016,0.0005
13.12.2017 07:40:23.107 GMT-0000,2662.73,2662.119,0.0016,0.0005
13.12.2017 07:40:24.544 GMT-0000,2662.73,2662.119,0.0021,0.0005
13.12.2017 07:40:26.488 GMT-0000,2662.73,2662.12,0.0016,0.0005
13.12.2017 07:40:26.590 GMT-0000,2662.73,2661.949,0.0021,0.0019
13.12.2017 07:42:17.324 GMT-0000,2662.73,2662.0690000000004,0.0021,0.0019
13.12.2017 07:42:17.425 GMT-0000,2662.73,2662.2000000000003,0.0016,0.0005
13.12.2017 07:42:17.475 GMT-0000,2662.73,2662.119,0.0016,0.0005
13.12.2017 07:42:17.526 GMT-0000,2662.73,2662.27,0.0016,0.0005
13.12.2017 07:42:17.577 GMT-0000,2662.73,2662.0690000000004,0.0021,0.0019
13.12.2017 07:42:19.099 GMT-0000,2662.73,2661.949,0.0021,0.0019
13.12.2017 07:42:19.151 GMT-0000,2662.73,2662.02,0.0021,0.0019
13.12.2017 07:42:19.202 GMT-0000,2662.73,2662.02,0.0021,0.0019
13.12.2017 07:42:19.677 GMT-0000,2662.431,2662.0190000000002,0.0016,0.0005
13.12.2017 07:42:45.907 GMT-0000,2662.431,2661.949,0.0016,0.0005
13.12.2017 07:42:50.393 GMT-0000,2662.431,2662.0690000000004,0.0016,0.0005
13.12.2017 07:42:50.582 GMT-0000,2662.7309999999998,2662.0690000000004,0.0021,0.0019
13.12.2017 07:43:17.904 GMT-0000,2662.7309999999998,2662.12,0.0016,0.0005
13.12.2017 07:43:18.633 GMT-0000,2662.7309999999998,2662.119,0.0016,0.0005
13.12.2017 07:43:19.419 GMT-0000,2662.7309999999998,2661.949,0.0021,0.0019
13.12.2017 07:43:52.146 GMT-0000,2662.7309999999998,2662.0690000000004,0.0021,0.0019
13.12.2017 07:44:05.397 GMT-0000,2662.7309999999998,2662.199,0.0016,0.0005
13.12.2017 07:44:05.975 GMT-0000,2662.7309999999998,2662.2690000000002,0.0016,0.0005
13.12.2017 07:44:25.934 GMT-0000,2662.7309999999998,2662.07,0.0021,0.0005
13.12.2017 07:44:25.984 GMT-0000,2662.7309999999998,2661.949,0.0021,0.0019
13.12.2017 07:44:26.037 GMT-0000,2662.7309999999998,2662.02,0.0021,0.0019
13.12.2017 07:44:26.088 GMT-0000,2662.7309999999998,2662.02,0.0021,0.0019
13.12.2017 07:44:26.188 GMT-0000,2662.7309999999998,2662.119,0.0016,0.0005
13.12.2017 07:44:30.950 GMT-0000,2662.7309999999998,2661.9500000000003,0.0021,0.0019
13.12.2017 07:44:39.445 GMT-0000,2662.7309999999998,2662.12,0.0016,0.0005
13.12.2017 07:44:39.496 GMT-0000,2662.7309999999998,2662.12,0.0021,0.0005
13.12.2017 07:44:40.056 GMT-0000,2662.7309999999998,2661.9500000000003,0.0021,0.0019
13.12.2017 07:44:40.120 GMT-0000,2662.7309999999998,2662.12,0.0016,0.0005
13.12.2017 07:44:40.716 GMT-0000,2662.7309999999998,2662.119,0.0016,0.0005
13.12.2017 07:44:46.283 GMT-0000,2662.7309999999998,2661.949,0.0021,0.0019
13.12.2017 07:44:46.455 GMT-0000,2662.7309999999998,2662.12,0.0016,0.0005
13.12.2017 07:44:47.054 GMT-0000,2662.7309999999998,2662.119,0.0016,0.0005
13.12.2017 07:44:52.229 GMT-0000,2662.7309999999998,2661.949,0.0021,0.0019
13.12.2017 07:44:52.344 GMT-0000,2662.7309999999998,2662.12,0.0016,0.0005
13.12.2017 07:44:53.008 GMT-0000,2662.7309999999998,2662.119,0.0016,0.0005
13.12.2017 07:45:01.651 GMT-0000,2662.7309999999998,2661.949,0.0021,0.0019
13.12.2017 07:45:10.225 GMT-0000,2662.7309999999998,2662.119,0.0016,0.0005
13.12.2017 07:45:10.835 GMT-0000,2662.7309999999998,2662.12,0.0016,0.0005
13.12.2017 07:45:16.949 GMT-0000,2662.7309999999998,2662.12,0.0021,0.0005
13.12.2017 07:45:17.002 GMT-0000,2662.7309999999998,2662.12,0.0016,0.0005
13.12.2017 07:45:17.825 GMT-0000,2662.7309999999998,2662.119,0.0016,0.0005
13.12.2017 07:45:19.252 GMT-0000,2662.7309999999998,2662.12,0.0016,0.0005
13.12.2017 07:45:31.097 GMT-0000,2662.7309999999998,2662.199,0.0016,0.0005
13.12.2017 07:45:36.417 GMT-0000,2662.7309999999998,2662.07,0.0021,0.0005
13.12.2017 07:45:45.517 GMT-0000,2662.7309999999998,2661.949,0.0021,0.0019
13.12.2017 07:46:13.496 GMT-0000,2662.7309999999998,2662.0690000000004,0.0021,0.0019
13.12.2017 07:46:14.226 GMT-0000,2662.7309999999998,2662.12,0.0016,0.0005
13.12.2017 07:46:14.277 GMT-0000,2662.7309999999998,2662.07,0.0021,0.0005
13.12.2017 07:46:38.798 GMT-0000,2662.7309999999998,2661.9500000000003,0.0021,0.0019
13.12.2017 07:46:39.556 GMT-0000,2662.7309999999998,2661.949,0.0021,0.0019
13.12.2017 07:46:47.553 GMT-0000,2662.7309999999998,2662.119,0.0016,0.0005
13.12.2017 07:46:48.137 GMT-0000,2662.7309999999998,2662.12,0.0016,0.0005
13.12.2017 07:46:55.946 GMT-0000,2662.7309999999998,2662.2000000000003,0.0016,0.0005
13.12.2017 07:46:56.450 GMT-0000,2662.7309999999998,2662.0690000000004,0.0021,0.0019
13.12.2017 07:46:56.557 GMT-0000,2662.7309999999998,2662.119,0.0016,0.0005
13.12.2017 07:46:59.206 GMT-0000,2662.7309999999998,2662.119,0.0021,0.0005
13.12.2017 07:46:59.260 GMT-0000,2662.7309999999998,2662.119,0.0016,0.0005
13.12.2017 07:47:00.041 GMT-0000,2662.7309999999998,2662.12,0.0016,0.0005
13.12.2017 07:47:01.005 GMT-0000,2662.7309999999998,2662.2000000000003,0.0016,0.0005
13.12.2017 07:47:01.055 GMT-0000,2662.7309999999998,2662.12,0.0016,0.0005
13.12.2017 07:47:01.106 GMT-0000,2662.7309999999998,2662.0690000000004,0.0021,0.0019
13.12.2017 07:47:01.156 GMT-0000,2662.7309999999998,2662.12,0.0016,0.0005
13.12.2017 07:47:04.648 GMT-0000,2662.7309999999998,2662.07,0.0021,0.0005
13.12.2017 07:47:18.044 GMT-0000,2662.7309999999998,2662.12,0.0016,0.0005
13.12.2017 07:47:21.464 GMT-0000,2662.7309999999998,2662.199,0.0016,0.0005
13.12.2017 07:47:24.449 GMT-0000,2662.7309999999998,2662.07,0.0021,0.0005
13.12.2017 07:47:24.586 GMT-0000,2662.7309999999998,2662.119,0.0016,0.0005
13.12.2017 07:47:30.750 GMT-0000,2662.7309999999998,2661.9500000000003,0.0021,0.0019
13.12.2017 07:47:46.537 GMT-0000,2662.7309999999998,2662.119,0.0016,0.0005
13.12.2017 07:47:47.145 GMT-0000,2662.7309999999998,2662.12,0.0016,0.0005
13.12.2017 07:47:48.185 GMT-0000,2662.7309999999998,2661.949,0.0021,0.0019
13.12.2017 07:47:48.596 GMT-0000,2662.7309999999998,2662.119,0.0016,0.0005
13.12.2017 07:47:50.774 GMT-0000,2662.741,2662.119,0.0005,0.0005
13.12.2017 07:47:51.065 GMT-0000,2662.631,2662.0690000000004,0.0005,0.0005
13.12.2017 07:48:06.979 GMT-0000,2662.7400000000002,2662.12,0.0005,0.0005
13.12.2017 07:48:18.389 GMT-0000,2662.51,2661.9500000000003,0.0005,0.0005
13.12.2017 07:48:28.602 GMT-0000,2662.76,2662.2000000000003,0.0005,0.0005
13.12.2017 07:48:28.658 GMT-0000,2662.631,2662.0690000000004,0.0005,0.0005
13.12.2017 07:48:28.709 GMT-0000,2662.741,2662.119,0.0005,0.0005
13.12.2017 07:48:28.830 GMT-0000,2662.631,2662.0690000000004,0.0005,0.0005
13.12.2017 07:48:31.609 GMT-0000,2662.841,2662.119,0.0005,0.0005
13.12.2017 07:48:33.797 GMT-0000,2662.511,2661.949,0.0005,0.0005
13.12.2017 07:48:37.202 GMT-0000,2662.63,2662.07,0.0005,0.0005
13.12.2017 07:48:37.253 GMT-0000,2662.84,2662.12,0.0005,0.0005
13.12.2017 07:48:37.319 GMT-0000,2662.841,2662.2690000000002,0.0005,0.0005
13.12.2017 07:48:37.662 GMT-0000,2662.51,2661.9500000000003,0.0005,0.0005
13.12.2017 07:48:42.955 GMT-0000,2662.8909999999996,2662.119,0.0005,0.0005
13.12.2017 07:48:43.006 GMT-0000,2662.84,2662.12,0.0005,0.0005
13.12.2017 07:48:45.753 GMT-0000,2662.63,2662.07,0.0005,0.0005
13.12.2017 07:49:07.738 GMT-0000,2662.511,2661.949,0.0005,0.0005
13.12.2017 07:49:07.788 GMT-0000,2662.631,2662.0690000000004,0.0005,0.0005
13.12.2017 07:49:07.844 GMT-0000,2662.841,2662.119,0.0005,0.0005
13.12.2017 07:49:07.894 GMT-0000,2662.741,2662.119,0.0005,0.0005
13.12.2017 07:49:21.045 GMT-0000,2662.681,2662.119,0.0005,0.0005
13.12.2017 07:49:21.098 GMT-0000,2662.8909999999996,2662.119,0.0005,0.0005
13.12.2017 07:49:21.149 GMT-0000,2662.841,2662.119,0.0005,0.0005
13.12.2017 07:49:21.544 GMT-0000,2662.7400000000002,2662.12,0.0005,0.0005
13.12.2017 07:49:28.851 GMT-0000,2662.761,2662.199,0.0005,0.0005
13.12.2017 07:49:39.513 GMT-0000,2662.63,2662.07,0.0005,0.0005
13.12.2017 07:50:04.110 GMT-0000,2662.761,2662.199,0.0005,0.0005
13.12.2017 07:50:16.321 GMT-0000,2662.931,2662.199,0.0021,0.0019
13.12.2017 07:50:18.892 GMT-0000,2662.8309999999997,2662.199,0.0021,0.0005
13.12.2017 07:50:19.055 GMT-0000,2662.93,2662.199,0.0021,0.0019
13.12.2017 07:50:20.439 GMT-0000,2662.8309999999997,2662.199,0.0021,0.0005
13.12.2017 07:50:20.553 GMT-0000,2662.93,2662.199,0.0021,0.0019
13.12.2017 07:50:28.749 GMT-0000,2662.93,2662.07,0.0026,0.0019
13.12.2017 07:50:28.916 GMT-0000,2662.7309999999998,2662.07,0.0021,0.0005
13.12.2017 07:50:30.336 GMT-0000,2662.7309999999998,2661.949,0.0021,0.0019
13.12.2017 07:50:30.491 GMT-0000,2662.7309999999998,2662.12,0.0016,0.0005
13.12.2017 07:50:32.225 GMT-0000,2662.7309999999998,2661.9500000000003,0.0021,0.0019
13.12.2017 07:50:43.178 GMT-0000,2662.431,2662.0190000000002,0.0016,0.0005
13.12.2017 07:51:00.734 GMT-0000,2662.431,2661.8190000000004,0.0021,0.0005
13.12.2017 07:51:00.786 GMT-0000,2662.431,2661.7000000000003,0.0021,0.0019
13.12.2017 07:51:00.836 GMT-0000,2662.431,2661.7690000000002,0.0021,0.0019
13.12.2017 07:51:00.887 GMT-0000,2662.431,2661.699,0.0021,0.0019
13.12.2017 07:51:01.974 GMT-0000,2662.431,2661.9500000000003,0.0016,0.0005
13.12.2017 07:51:02.192 GMT-0000,2662.431,2661.8190000000004,0.0021,0.0005
13.12.2017 07:51:02.292 GMT-0000,2662.431,2661.949,0.0016,0.0005
13.12.2017 07:51:02.833 GMT-0000,2662.431,2661.82,0.0021,0.0005
13.12.2017 07:51:03.041 GMT-0000,2662.431,2661.869,0.0016,0.0005
13.12.2017 07:51:05.735 GMT-0000,2662.431,2661.949,0.0016,0.0005
13.12.2017 07:51:13.325 GMT-0000,2662.431,2661.699,0.0021,0.0019
13.12.2017 07:51:13.463 GMT-0000,2662.431,2661.87,0.0016,0.0005
13.12.2017 07:51:13.513 GMT-0000,2662.431,2661.82,0.0021,0.0005
13.12.2017 07:51:13.564 GMT-0000,2662.431,2661.869,0.0016,0.0005
13.12.2017 07:51:14.034 GMT-0000,2662.431,2661.8190000000004,0.0021,0.0005
13.12.2017 07:51:14.341 GMT-0000,2662.431,2661.87,0.0016,0.0005
13.12.2017 07:51:17.781 GMT-0000,2662.431,2661.699,0.0021,0.0019
13.12.2017 07:51:17.881 GMT-0000,2662.431,2661.77,0.0021,0.0005
13.12.2017 07:51:42.174 GMT-0000,2662.431,2661.699,0.0021,0.0019
13.12.2017 07:51:52.204 GMT-0000,2662.431,2661.7690000000002,0.0021,0.0019
13.12.2017 07:51:52.255 GMT-0000,2662.431,2661.699,0.0021,0.0019
13.12.2017 07:52:15.928 GMT-0000,2662.431,2661.449,0.0026,0.0019
13.12.2017 07:52:16.009 GMT-0000,2662.431,2661.57,0.0026,0.0019
13.12.2017 07:52:16.062 GMT-0000,2662.431,2661.699,0.0021,0.0019
13.12.2017 07:52:16.113 GMT-0000,2662.2309999999998,2661.699,0.0016,0.0005
13.12.2017 07:52:25.594 GMT-0000,2662.2309999999998,2661.57,0.0021,0.0005
13.12.2017 07:52:31.229 GMT-0000,2662.2309999999998,2661.4500000000003,0.0021,0.0019
13.12.2017 07:53:38.105 GMT-0000,2662.2309999999998,2661.32,0.0026,0.0019
13.12.2017 07:53:38.217 GMT-0000,2661.931,2661.27,0.0021,0.0005
13.12.2017 07:53:51.058 GMT-0000,2661.931,2661.2000000000003,0.0021,0.0019
13.12.2017 07:54:13.910 GMT-0000,2661.931,2661.32,0.0021,0.0005
13.12.2017 07:54:20.083 GMT-0000,2661.931,2661.2000000000003,0.0021,0.0019
13.12.2017 07:54:48.553 GMT-0000,2661.931,2661.449,0.0016,0.0005
13.12.2017 07:54:48.926 GMT-0000,2661.931,2661.52,0.0016,0.0005
13.12.2017 07:55:15.965 GMT-0000,2661.931,2661.4500000000003,0.0016,0.0005
13.12.2017 07:55:16.069 GMT-0000,2662.23,2661.4500000000003,0.0021,0.0019
13.12.2017 07:55:18.954 GMT-0000,2662.23,2661.5190000000002,0.0021,0.0019
13.12.2017 07:55:19.073 GMT-0000,2661.931,2661.5190000000002,0.0016,0.0005
13.12.2017 07:55:20.846 GMT-0000,2661.931,2661.4500000000003,0.0016,0.0005
13.12.2017 07:55:20.914 GMT-0000,2662.23,2661.4500000000003,0.0021,0.0019
13.12.2017 07:55:23.036 GMT-0000,2662.23,2661.52,0.0021,0.0019
13.12.2017 07:55:23.152 GMT-0000,2661.93,2661.52,0.0016,0.0005
13.12.2017 07:55:24.236 GMT-0000,2661.93,2661.449,0.0016,0.0005
13.12.2017 07:55:24.337 GMT-0000,2662.23,2661.449,0.0021,0.0019
13.12.2017 07:55:27.219 GMT-0000,2662.23,2661.52,0.0021,0.0019
13.12.2017 07:55:27.320 GMT-0000,2662.23,2661.449,0.0021,0.0019
13.12.2017 07:55:32.048 GMT-0000,2662.23,2661.5190000000002,0.0021,0.0019
13.12.2017 07:55:32.176 GMT-0000,2661.931,2661.5190000000002,0.0016,0.0005
13.12.2017 07:55:39.240 GMT-0000,2661.931,2661.4500000000003,0.0016,0.0005
13.12.2017 07:55:39.312 GMT-0000,2662.2309999999998,2661.4500000000003,0.0021,0.0019
13.12.2017 07:55:46.784 GMT-0000,2662.2309999999998,2661.52,0.0021,0.0019
13.12.2017 07:55:46.872 GMT-0000,2661.931,2661.52,0.0016,0.0005
13.12.2017 07:56:05.003 GMT-0000,2661.931,2661.57,0.0016,0.0005
13.12.2017 07:56:05.186 GMT-0000,2662.2309999999998,2661.619,0.0016,0.0005
13.12.2017 07:56:05.237 GMT-0000,2662.2309999999998,2661.5690000000004,0.0021,0.0019
13.12.2017 07:56:12.873 GMT-0000,2662.2309999999998,2661.62,0.0016,0.0005
13.12.2017 07:56:13.403 GMT-0000,2662.2309999999998,2661.57,0.0021,0.0005
13.12.2017 07:56:22.676 GMT-0000,2662.2309999999998,2661.4500000000003,0.0021,0.0019
13.12.2017 07:56:22.727 GMT-0000,2662.2309999999998,2661.52,0.0021,0.0019
13.12.2017 07:56:22.778 GMT-0000,2662.2309999999998,2661.52,0.0021,0.0019
13.12.2017 07:56:23.157 GMT-0000,2662.2309999999998,2661.449,0.0021,0.0019
13.12.2017 07:57:11.330 GMT-0000,2662.2309999999998,2661.57,0.0021,0.0005
13.12.2017 07:57:12.364 GMT-0000,2662.2309999999998,2661.7000000000003,0.0016,0.0005
13.12.2017 07:57:12.415 GMT-0000,2662.2309999999998,2661.62,0.0016,0.0005
13.12.2017 07:57:12.466 GMT-0000,2662.2309999999998,2661.77,0.0016,0.0005
13.12.2017 07:57:12.517 GMT-0000,2662.2309999999998,2661.57,0.0021,0.0005
13.12.2017 07:57:16.450 GMT-0000,2662.2309999999998,2661.4500000000003,0.0021,0.0019
13.12.2017 07:57:16.551 GMT-0000,2662.2309999999998,2661.5190000000002,0.0021,0.0019
13.12.2017 07:57:16.601 GMT-0000,2662.2309999999998,2661.4500000000003,0.0021,0.0019
13.12.2017 07:57:23.823 GMT-0000,2662.2309999999998,2661.619,0.0016,0.0005
13.12.2017 07:57:23.874 GMT-0000,2662.2309999999998,2661.619,0.0021,0.0005
13.12.2017 07:57:24.379 GMT-0000,2662.2309999999998,2661.4500000000003,0.0021,0.0019
13.12.2017 07:57:25.332 GMT-0000,2662.2309999999998,2661.62,0.0016,0.0005
13.12.2017 07:57:26.602 GMT-0000,2662.2309999999998,2661.7000000000003,0.0016,0.0005
13.12.2017 07:57:39.632 GMT-0000,2662.2309999999998,2661.57,0.0021,0.0005
13.12.2017 07:57:49.822 GMT-0000,2662.2309999999998,2661.7000000000003,0.0016,0.0005
13.12.2017 07:58:00.374 GMT-0000,2662.2309999999998,2661.57,0.0021,0.0005
13.12.2017 07:58:00.473 GMT-0000,2662.2309999999998,2661.449,0.0021,0.0019
13.12.2017 07:58:01.146 GMT-0000,2662.2309999999998,2661.4500000000003,0.0021,0.0019
13.12.2017 07:58:09.959 GMT-0000,2662.2309999999998,2661.619,0.0016,0.0005
13.12.2017 07:58:10.010 GMT-0000,2662.2309999999998,2661.57,0.0021,0.0005
13.12.2017 07:58:18.070 GMT-0000,2662.431,2661.57,0.0026,0.0019
13.12.2017 07:58:39.056 GMT-0000,2662.431,2661.7000000000003,0.0021,0.0019
13.12.2017 07:59:16.248 GMT-0000,2662.431,2661.8190000000004,0.0021,0.0005
13.12.2017 07:59:21.075 GMT-0000,2662.431,2661.77,0.0016,0.0005
13.12.2017 07:59:21.178 GMT-0000,2662.431,2661.77,0.0021,0.0005
13.12.2017 07:59:21.637 GMT-0000,2662.431,2661.699,0.0021,0.0019
13.12.2017 07:59:23.514 GMT-0000,2662.431,2661.7690000000002,0.0021,0.0019
13.12.2017 07:59:23.670 GMT-0000,2662.23,2661.7690000000002,0.0016,0.0005
13.12.2017 07:59:26.081 GMT-0000,2662.23,2661.57,0.0021,0.0019
13.12.2017 07:59:26.575 GMT-0000,2662.23,2661.619,0.0016,0.0005
13.12.2017 07:59:26.676 GMT-0000,2662.23,2661.5690000000004,0.0021,0.0019
13.12.2017 07:59:26.784 GMT-0000,2662.23,2661.5190000000002,0.0021,0.0019
13.12.2017 07:59:26.835 GMT-0000,2662.23,2661.52,0.0021,0.0019
13.12.2017 07:59:27.251 GMT-0000,2662.23,2661.7690000000002,0.0016,0.0005
13.12.2017 07:59:27.461 GMT-0000,2662.23,2661.5690000000004,0.0021,0.0019
13.12.2017 07:59:33.369 GMT-0000,2662.23,2661.4500000000003,0.0021,0.0019
13.12.2017 07:59:33.470 GMT-0000,2662.23,2661.5190000000002,0.0021,0.0019
13.12.2017 07:59:33.520 GMT-0000,2662.23,2661.449,0.0021,0.0019
13.12.2017 07:59:40.127 GMT-0000,2662.23,2661.699,0.0016,0.0005
13.12.2017 07:59:40.687 GMT-0000,2662.23,2661.5690000000004,0.0021,0.0019
13.12.2017 07:59:49.275 GMT-0000,2662.23,2661.4500000000003,0.0021,0.0019
13.12.2017 07:59:51.201 GMT-0000,2662.23,2661.3190000000004,0.0026,0.0019
13.12.2017 07:59:51.363 GMT-0000,2661.931,2661.3190000000004,0.0021,0.0005
13.12.2017 07:59:52.933 GMT-0000,2661.931,2661.369,0.0016,0.0005
13.12.2017 07:59:53.286 GMT-0000,2661.931,2661.4500000000003,0.0016,0.0005
13.12.2017 07:59:53.791 GMT-0000,2662.2309999999998,2661.4500000000003,0.0021,0.0019
13.12.2017 07:59:53.912 GMT-0000,2661.93,2661.4500000000003,0.0016,0.0005
13.12.2017 07:59:54.661 GMT-0000,2662.23,2661.4500000000003,0.0021,0.0019
13.12.2017 07:59:55.491 GMT-0000,2662.23,2661.52,0.0021,0.0019
13.12.2017 08:00:00.115 GMT-0000,2662.23,2661.5690000000004,0.0021,0.0019
13.12.2017 08:00:00.997 GMT-0000,2662.23,2661.7000000000003,0.0016,0.0005
13.12.2017 08:00:01.098 GMT-0000,2662.431,2661.7690000000002,0.0021,0.0019
13.12.2017 08:00:01.339 GMT-0000,2662.431,2661.699,0.0021,0.0019
13.12.2017 08:00:01.440 GMT-0000,2662.431,2661.82,0.0021,0.0005
13.12.2017 08:00:01.491 GMT-0000,2662.431,2661.869,0.0021,0.0005
13.12.2017 08:00:01.766 GMT-0000,2662.431,2661.77,0.0021,0.0005
13.12.2017 08:00:01.817 GMT-0000,2662.2309999999998,2661.449,0.0021,0.0019
13.12.2017 08:00:01.891 GMT-0000,2662.2309999999998,2661.5190000000002,0.0021,0.0019
13.12.2017 08:00:01.941 GMT-0000,2662.2309999999998,2661.4500000000003,0.0021,0.0019
13.12.2017 08:00:22.431 GMT-0000,2662.2309999999998,2661.57,0.0021,0.0005
13.12.2017 08:00:23.993 GMT-0000,2662.2309999999998,2661.619,0.0016,0.0005
13.12.2017 08:00:24.061 GMT-0000,2662.2309999999998,2661.5690000000004,0.0021,0.0019
13.12.2017 08:00:24.913 GMT-0000,2662.2309999999998,2661.52,0.0016,0.0019
13.12.2017 08:00:25.016 GMT-0000,2662.2309999999998,2661.5190000000002,0.0021,0.0019
13.12.2017 08:00:25.442 GMT-0000,2662.2309999999998,2661.4500000000003,0.0021,0.0019
13.12.2017 08:00:55.650 GMT-0000,2662.2309999999998,2661.57,0.0021,0.0005
13.12.2017 08:00:59.860 GMT-0000,2662.2309999999998,2661.52,0.0016,0.0019
13.12.2017 08:00:59.964 GMT-0000,2662.2309999999998,2661.5190000000002,0.0021,0.0019
13.12.2017 08:01:00.341 GMT-0000,2662.2309999999998,2661.449,0.0021,0.0019
13.12.2017 08:01:23.322 GMT-0000,2662.2309999999998,2661.3190000000004,0.0026,0.0019
13.12.2017 08:01:23.526 GMT-0000,2661.93,2661.2000000000003,0.0021,0.0019
13.12.2017 08:01:27.492 GMT-0000,2661.93,2661.37,0.0016,0.0005
13.12.2017 08:01:27.773 GMT-0000,2661.93,2661.3190000000004,0.0021,0.0005
13.12.2017 08:01:35.318 GMT-0000,2661.93,2661.4500000000003,0.0016,0.0005
13.12.2017 08:01:35.734 GMT-0000,2661.93,2661.5190000000002,0.0016,0.0005
13.12.2017 08:01:35.786 GMT-0000,2662.2309999999998,2661.5190000000002,0.0021,0.0019
13.12.2017 08:01:40.904 GMT-0000,2662.2309999999998,2661.4500000000003,0.0021,0.0019
13.12.2017 08:01:59.348 GMT-0000,2662.2309999999998,2661.62,0.0016,0.0005
13.12.2017 08:01:59.399 GMT-0000,2662.2309999999998,2661.7690000000002,0.0016,0.0005
13.12.2017 08:02:07.936 GMT-0000,2662.2309999999998,2661.57,0.0021,0.0005
13.12.2017 08:02:13.734 GMT-0000,2662.2309999999998,2661.62,0.0016,0.0005
13.12.2017 08:02:14.944 GMT-0000,2662.2309999999998,2661.5690000000004,0.0021,0.0019
13.12.2017 08:02:31.567 GMT-0000,2662.2309999999998,2661.949,0.0016,0.0005
13.12.2017 08:02:31.713 GMT-0000,2662.43,2662.0190000000002,0.0016,0.0005
13.12.2017 08:02:36.691 GMT-0000,2662.43,2661.9500000000003,0.0016,0.0005
13.12.2017 08:02:36.758 GMT-0000,2662.7309999999998,2661.9500000000003,0.0021,0.0019
13.12.2017 08:02:38.052 GMT-0000,2662.7309999999998,2662.2000000000003,0.0016,0.0005
13.12.2017 08:02:38.165 GMT-0000,2662.7309999999998,2662.0690000000004,0.0021,0.0019
13.12.2017 08:02:43.247 GMT-0000,2662.7309999999998,2661.949,0.0021,0.0019
13.12.2017 08:02:43.298 GMT-0000,2662.7309999999998,2662.0690000000004,0.0021,0.0019
13.12.2017 08:02:43.368 GMT-0000,2662.7309999999998,2662.12,0.0016,0.0005
13.12.2017 08:02:43.419 GMT-0000,2662.7309999999998,2662.0690000000004,0.0021,0.0019
13.12.2017 08:02:44.339 GMT-0000,2662.7309999999998,2662.12,0.0016,0.0005
13.12.2017 08:02:44.389 GMT-0000,2662.7309999999998,2662.07,0.0021,0.0005
13.12.2017 08:02:49.642 GMT-0000,2662.93,2662.07,0.0026,0.0019
13.12.2017 08:02:55.226 GMT-0000,2662.7309999999998,2662.07,0.0021,0.0005
13.12.2017 08:02:56.113 GMT-0000,2662.7309999999998,2662.119,0.0016,0.0005
13.12.2017 08:02:56.420 GMT-0000,2662.7309999999998,2662.0690000000004,0.0021,0.0019
13.12.2017 08:02:59.241 GMT-0000,2662.93,2662.0690000000004,0.0026,0.0019
13.12.2017 08:03:36.158 GMT-0000,2662.93,2662.32,0.0021,0.0005
13.12.2017 08:03:36.210 GMT-0000,2662.93,2662.449,0.0016,0.0005
13.12.2017 08:03:36.327 GMT-0000,2663.2309999999998,2662.52,0.0021,0.0019
13.12.2017 08:03:46.521 GMT-0000,2663.2309999999998,2662.4500000000003,0.0021,0.0019
13.12.2017 08:03:46.591 GMT-0000,2663.2309999999998,2662.5190000000002,0.0021,0.0019
13.12.2017 08:04:10.063 GMT-0000,2663.2309999999998,2662.449,0.0021,0.0019
13.12.2017 08:04:31.388 GMT-0000,2663.2309999999998,2662.32,0.0026,0.0019
13.12.2017 08:04:31.589 GMT-0000,2662.93,2662.199,0.0021,0.0019
13.12.2017 08:04:31.691 GMT-0000,2662.93,2662.4500000000003,0.0016,0.0005
13.12.2017 08:04:31.792 GMT-0000,2663.23,2662.5190000000002,0.0021,0.0019
13.12.2017 08:04:33.240 GMT-0000,2663.23,2662.699,0.0016,0.0005
13.12.2017 08:04:33.294 GMT-0000,2663.23,2662.7690000000002,0.0016,0.0005
13.12.2017 08:04:33.345 GMT-0000,2663.23,2662.699,0.0016,0.0005
13.12.2017 08:04:41.193 GMT-0000,2663.23,2662.57,0.0021,0.0019
13.12.2017 08:04:41.248 GMT-0000,2663.23,2662.7690000000002,0.0016,0.0005
13.12.2017 08:04:42.081 GMT-0000,2663.23,2662.5690000000004,0.0021,0.0019
13.12.2017 08:04:42.131 GMT-0000,2663.23,2662.4500000000003,0.0021,0.0019
13.12.2017 08:04:42.182 GMT-0000,2663.23,2662.5190000000002,0.0021,0.0019
13.12.2017 08:04:42.232 GMT-0000,2663.23,2662.449,0.0021,0.0019
13.12.2017 08:04:53.462 GMT-0000,2663.23,2662.57,0.0021,0.0019
13.12.2017 08:04:56.506 GMT-0000,2663.23,2662.62,0.0016,0.0005
13.12.2017 08:05:00.502 GMT-0000,2663.23,2662.57,0.0021,0.0019
13.12.2017 08:05:10.843 GMT-0000,2663.431,2662.57,0.0026,0.0019
13.12.2017 08:05:11.497 GMT-0000,2663.2309999999998,2662.57,0.0021,0.0005
13.12.2017 08:05:13.020 GMT-0000,2663.431,2662.57,0.0026,0.0019
13.12.2017 08:05:14.498 GMT-0000,2663.431,2662.699,0.0021,0.0019
13.12.2017 08:05:41.164 GMT-0000,2663.431,2662.9500000000003,0.0016,0.0005
13.12.2017 08:05:41.759 GMT-0000,2663.431,2663.02,0.0016,0.0005
13.12.2017 08:05:46.187 GMT-0000,2663.431,2662.8190000000004,0.0021,0.0005
13.12.2017 08:05:47.640 GMT-0000,2663.431,2662.87,0.0016,0.0005
13.12.2017 08:05:47.690 GMT-0000,2663.431,2662.8190000000004,0.0021,0.0005
13.12.2017 08:05:48.678 GMT-0000,2663.431,2663.02,0.0016,0.0005
13.12.2017 08:05:48.778 GMT-0000,2663.7309999999998,2663.02,0.0021,0.0019
13.12.2017 08:05:52.922 GMT-0000,2663.7309999999998,2662.949,0.0021,0.0019
13.12.2017 08:05:53.032 GMT-0000,2663.7309999999998,2663.02,0.0021,0.0019
13.12.2017 08:05:53.491 GMT-0000,2663.7309999999998,2662.949,0.0021,0.0019
13.12.2017 08:05:58.362 GMT-0000,2663.7309999999998,2663.0190000000002,0.0021,0.0019
13.12.2017 08:06:00.416 GMT-0000,2663.7309999999998,2662.82,0.0026,0.0019
13.12.2017 08:06:00.479 GMT-0000,2663.431,2662.82,0.0021,0.0005
13.12.2017 08:06:01.443 GMT-0000,2663.431,2662.7000000000003,0.0021,0.0019
13.12.2017 08:06:43.828 GMT-0000,2663.431,2662.949,0.0016,0.0005
13.12.2017 08:06:44.262 GMT-0000,2663.431,2663.0190000000002,0.0016,0.0005
13.12.2017 08:06:44.973 GMT-0000,2663.631,2663.0190000000002,0.0021,0.0005
13.12.2017 08:06:45.650 GMT-0000,2663.73,2663.0190000000002,0.0021,0.0019
13.12.2017 08:06:46.405 GMT-0000,2663.63,2663.0190000000002,0.0021,0.0005
13.12.2017 08:06:46.567 GMT-0000,2663.73,2663.0190000000002,0.0021,0.0019
13.12.2017 08:06:46.729 GMT-0000,2663.631,2663.0190000000002,0.0021,0.0005
13.12.2017 08:06:47.170 GMT-0000,2663.73,2663.0190000000002,0.0021,0.0019
13.12.2017 08:07:00.497 GMT-0000,2663.73,2663.0690000000004,0.0021,0.0019
13.12.2017 08:07:00.548 GMT-0000,2663.73,2663.0190000000002,0.0016,0.0019
13.12.2017 08:07:00.637 GMT-0000,2663.73,2663.02,0.0021,0.0019
13.12.2017 08:07:01.202 GMT-0000,2663.73,2662.9500000000003,0.0021,0.0019
13.12.2017 08:07:04.773 GMT-0000,2663.73,2663.199,0.0016,0.0005
13.12.2017 08:07:04.897 GMT-0000,2663.73,2663.2690000000002,0.0016,0.0005
13.12.2017 08:07:04.948 GMT-0000,2663.93,2663.2690000000002,0.0021,0.0019
13.12.2017 08:07:05.300 GMT-0000,2663.93,2663.0690000000004,0.0026,0.0019
13.12.2017 08:07:05.472 GMT-0000,2663.7309999999998,2663.0690000000004,0.0021,0.0019
13.12.2017 08:07:06.740 GMT-0000,2663.7309999999998,2663.2000000000003,0.0016,0.0005
13.12.2017 08:07:07.201 GMT-0000,2663.7309999999998,2663.27,0.0016,0.0005
13.12.2017 08:07:30.769 GMT-0000,2663.7309999999998,2663.07,0.0021,0.0005
13.12.2017 08:07:44.377 GMT-0000,2663.7309999999998,2663.119,0.0016,0.0005
13.12.2017 08:07:44.428 GMT-0000,2663.7309999999998,2663.0690000000004,0.0021,0.0019
13.12.2017 08:07:48.783 GMT-0000,2663.7309999999998,2663.2000000000003,0.0016,0.0005
13.12.2017 08:07:48.844 GMT-0000,2663.7309999999998,2663.12,0.0016,0.0005
13.12.2017 08:07:48.894 GMT-0000,2663.7309999999998,2663.07,0.0021,0.0005
13.12.2017 08:07:49.550 GMT-0000,2663.7309999999998,2663.2000000000003,0.0016,0.0005
13.12.2017 08:07:50.969 GMT-0000,2663.7309999999998,2663.0690000000004,0.0021,0.0019
13.12.2017 08:07:55.377 GMT-0000,2663.7309999999998,2663.199,0.0016,0.0005
13.12.2017 08:07:56.448 GMT-0000,2663.931,2663.199,0.0021,0.0019
13.12.2017 08:07:56.609 GMT-0000,2663.7309999999998,2663.07,0.0021,0.0005
13.12.2017 08:07:56.910 GMT-0000,2663.7309999999998,2663.02,0.0016,0.0019
13.12.2017 08:07:57.002 GMT-0000,2663.7309999999998,2663.0190000000002,0.0021,0.0019
13.12.2017 08:07:57.518 GMT-0000,2663.7309999999998,2662.949,0.0021,0.0019
13.12.2017 08:08:35.401 GMT-0000,2663.7309999999998,2663.07,0.0021,0.0005
13.12.2017 08:08:39.459 GMT-0000,2663.7309999999998,2663.2690000000002,0.0016,0.0005
13.12.2017 08:08:39.509 GMT-0000,2663.7309999999998,2663.0690000000004,0.0021,0.0019
13.12.2017 08:08:40.402 GMT-0000,2663.93,2663.0690000000004,0.0026,0.0019
13.12.2017 08:08:45.320 GMT-0000,2663.93,2663.2690000000002,0.0021,0.0019
13.12.2017 08:08:45.371 GMT-0000,2663.93,2663.0690000000004,0.0026,0.0019
13.12.2017 08:08:45.421 GMT-0000,2663.73,2663.0690000000004,0.0021,0.0019
13.12.2017 08:08:46.256 GMT-0000,2663.73,2663.199,0.0016,0.0005
13.12.2017 08:08:46.307 GMT-0000,2663.73,2663.07,0.0021,0.0019
13.12.2017 08:08:50.978 GMT-0000,2663.73,2662.9500000000003,0.0021,0.0019
13.12.2017 08:08:59.387 GMT-0000,2663.73,2663.199,0.0016,0.0005
13.12.2017 08:08:59.566 GMT-0000,2663.8309999999997,2663.199,0.0021,0.0005
13.12.2017 08:08:59.937 GMT-0000,2663.8309999999997,2663.07,0.0021,0.0019
13.12.2017 08:08:59.987 GMT-0000,2663.7309999999998,2663.07,0.0021,0.0005
13.12.2017 08:09:00.869 GMT-0000,2663.7309999999998,2663.2000000000003,0.0016,0.0005
13.12.2017 08:09:00.971 GMT-0000,2663.93,2663.2690000000002,0.0021,0.0019
13.12.2017 08:09:01.044 GMT-0000,2663.7309999999998,2663.2690000000002,0.0016,0.0005
13.12.2017 08:09:01.781 GMT-0000,2663.7309999999998,2663.07,0.0021,0.0005
13.12.2017 08:09:02.051 GMT-0000,2663.7309999999998,2662.949,0.0021,0.0019
13.12.2017 08:09:12.995 GMT-0000,2663.7309999999998,2663.199,0.0016,0.0005
13.12.2017 08:09:13.094 GMT-0000,2663.7309999999998,2663.27,0.0016,0.0005
13.12.2017 08:09:13.195 GMT-0000,2663.93,2663.27,0.0021,0.0019
13.12.2017 08:09:15.711 GMT-0000,2663.83,2663.27,0.0016,0.0005
13.12.2017 08:09:15.873 GMT-0000,2663.7309999999998,2663.0690000000004,0.0021,0.0019
13.12.2017 08:09:18.237 GMT-0000,2663.931,2663.0690000000004,0.0026,0.0019
13.12.2017 08:09:18.353 GMT-0000,2663.931,2663.0190000000002,0.0021,0.0019
13.12.2017 08:09:18.404 GMT-0000,2663.7309999999998,2663.0190000000002,0.0021,0.0019
13.12.2017 08:09:30.322 GMT-0000,2663.7309999999998,2663.02,0.0021,0.0019
13.12.2017 08:09:30.738 GMT-0000,2663.7309999999998,2662.949,0.0021,0.0019
13.12.2017 08:09:32.562 GMT-0000,2663.7309999999998,2663.199,0.0016,0.0005
13.12.2017 08:09:32.769 GMT-0000,2663.8309999999997,2663.199,0.0021,0.0005
13.12.2017 08:09:33.655 GMT-0000,2663.8309999999997,2663.07,0.0021,0.0019
13.12.2017 08:09:33.706 GMT-0000,2663.7309999999998,2663.07,0.0021,0.0005
13.12.2017 08:09:34.420 GMT-0000,2663.8309999999997,2663.07,0.0021,0.0019
13.12.2017 08:09:35.011 GMT-0000,2663.8309999999997,2663.12,0.0021,0.0019
13.12.2017 08:09:35.112 GMT-0000,2663.73,2663.12,0.0016,0.0005
13.12.2017 08:09:35.163 GMT-0000,2663.73,2663.07,0.0021,0.0019
13.12.2017 08:09:35.686 GMT-0000,2663.73,2662.949,0.0021,0.0019
13.12.2017 08:09:35.787 GMT-0000,2663.73,2663.0190000000002,0.0021,0.0019
13.12.2017 08:09:35.838 GMT-0000,2663.73,2662.9500000000003,0.0021,0.0019
13.12.2017 08:09:48.768 GMT-0000,2663.73,2663.2000000000003,0.0016,0.0005
13.12.2017 08:09:48.870 GMT-0000,2663.73,2663.27,0.0016,0.0005
13.12.2017 08:09:48.921 GMT-0000,2663.73,2663.07,0.0021,0.0019
13.12.2017 08:09:50.324 GMT-0000,2663.83,2663.07,0.0021,0.0019
13.12.2017 08:09:50.485 GMT-0000,2663.7309999999998,2663.07,0.0021,0.0005
13.12.2017 08:09:51.020 GMT-0000,2663.83,2663.07,0.0021,0.0019
13.12.2017 08:09:51.176 GMT-0000,2663.73,2663.07,0.0021,0.0019
13.12.2017 08:09:51.236 GMT-0000,2663.73,2663.2690000000002,0.0016,0.0005
13.12.2017 08:09:51.287 GMT-0000,2663.73,2663.07,0.0021,0.0019
13.12.2017 08:09:51.337 GMT-0000,2663.83,2663.07,0.0021,0.0019
13.12.2017 08:09:52.101 GMT-0000,2663.7309999999998,2663.07,0.0021,0.0005
13.12.2017 08:09:52.196 GMT-0000,2663.7309999999998,2663.12,0.0016,0.0005
13.12.2017 08:09:53.013 GMT-0000,2663.83,2663.12,0.0021,0.0019
13.12.2017 08:09:53.558 GMT-0000,2663.83,2663.07,0.0021,0.0019
13.12.2017 08:09:54.417 GMT-0000,2663.7309999999998,2663.07,0.0021,0.0005
13.12.2017 08:09:54.517 GMT-0000,2663.7309999999998,2663.119,0.0016,0.0005
13.12.2017 08:09:54.753 GMT-0000,2663.7309999999998,2663.2000000000003,0.0016,0.0005
13.12.2017 08:09:54.804 GMT-0000,2663.7309999999998,2663.119,0.0016,0.0005
13.12.2017 08:09:54.857 GMT-0000,2663.7309999999998,2663.0690000000004,0.0021,0.0019
13.12.2017 08:09:55.621 GMT-0000,2663.8309999999997,2663.0690000000004,0.0021,0.0019
13.12.2017 08:09:55.751 GMT-0000,2663.8309999999997,2663.12,0.0021,0.0019
13.12.2017 08:09:55.802 GMT-0000,2663.7309999999998,2663.12,0.0016,0.0005
13.12.2017 08:09:55.853 GMT-0000,2663.7309999999998,2663.199,0.0016,0.0005
13.12.2017 08:09:56.101 GMT-0000,2663.7309999999998,2663.0690000000004,0.0021,0.0019
13.12.2017 08:09:56.443 GMT-0000,2663.93,2663.0690000000004,0.0026,0.0019
13.12.2017 08:09:58.088 GMT-0000,2663.93,2663.12,0.0021,0.0019
13.12.2017 08:09:58.154 GMT-0000,2663.7309999999998,2663.12,0.0016,0.0005
13.12.2017 08:09:58.827 GMT-0000,2663.7309999999998,2663.07,0.0021,0.0005
13.12.2017 08:09:59.250 GMT-0000,2663.93,2663.07,0.0026,0.0019
13.12.2017 08:09:59.858 GMT-0000,2663.93,2662.9500000000003,0.0026,0.0019
13.12.2017 08:09:59.908 GMT-0000,2663.93,2663.07,0.0026,0.0019
13.12.2017 08:10:00.122 GMT-0000,2663.7309999999998,2663.0690000000004,0.0021,0.0019
13.12.2017 08:10:00.305 GMT-0000,2663.7309999999998,2662.949,0.0021,0.0019
13.12.2017 08:10:00.390 GMT-0000,2663.7309999999998,2663.0190000000002,0.0021,0.0019
13.12.2017 08:10:00.440 GMT-0000,2663.7309999999998,2662.9500000000003,0.0021,0.0019
13.12.2017 08:10:15.295 GMT-0000,2663.7309999999998,2663.199,0.0016,0.0005
13.12.2017 08:10:15.354 GMT-0000,2663.7309999999998,2663.119,0.0016,0.0005
13.12.2017 08:10:15.405 GMT-0000,2663.7309999999998,2663.0690000000004,0.0021,0.0019
13.12.2017 08:10:15.462 GMT-0000,2663.7309999999998,2663.119,0.0016,0.0005
13.12.2017 08:10:19.793 GMT-0000,2663.7309999999998,2663.2000000000003,0.0016,0.0005
13.12.2017 08:10:19.894 GMT-0000,2663.7309999999998,2663.119,0.0016,0.0005
13.12.2017 08:10:19.944 GMT-0000,2663.7309999999998,2663.0690000000004,0.0021,0.0019
13.12.2017 08:10:19.999 GMT-0000,2663.7309999999998,2663.12,0.0016,0.0005
13.12.2017 08:10:20.252 GMT-0000,2663.7309999999998,2663.0690000000004,0.0021,0.0019
13.12.2017 08:10:20.805 GMT-0000,2663.931,2663.0690000000004,0.0026,0.0019
13.12.2017 08:10:22.190 GMT-0000,2663.73,2663.119,0.0016,0.0005
13.12.2017 08:10:22.312 GMT-0000,2663.73,2662.949,0.0021,0.0019
13.12.2017 08:11:15.059 GMT-0000,2663.73,2663.07,0.0021,0.0019
13.12.2017 08:11:17.540 GMT-0000,2663.73,2662.949,0.0021,0.0019
13.12.2017 08:12:53.036 GMT-0000,2663.73,2663.07,0.0021,0.0019
13.12.2017 08:12:53.087 GMT-0000,2663.73,2663.2000000000003,0.0016,0.0005
13.12.2017 08:12:53.207 GMT-0000,2663.931,2663.2690000000002,0.0021,0.0019
13.12.2017 08:13:01.248 GMT-0000,2663.931,2663.199,0.0021,0.0019
13.12.2017 08:13:03.397 GMT-0000,2663.931,2663.27,0.0021,0.0005
13.12.2017 08:13:12.240 GMT-0000,2663.931,2663.199,0.0021,0.0019
13.12.2017 08:13:12.290 GMT-0000,2663.931,2663.27,0.0021,0.0005
13.12.2017 08:13:33.197 GMT-0000,2663.931,2663.199,0.0021,0.0019
13.12.2017 08:13:34.957 GMT-0000,2663.931,2663.27,0.0021,0.0005
13.12.2017 08:13:35.058 GMT-0000,2663.931,2663.2000000000003,0.0021,0.0019
13.12.2017 08:13:41.806 GMT-0000,2663.931,2663.2690000000002,0.0021,0.0019
13.12.2017 08:13:50.197 GMT-0000,2663.931,2663.199,0.0021,0.0019
13.12.2017 08:13:55.082 GMT-0000,2663.931,2663.4500000000003,0.0016,0.0005
13.12.2017 08:13:55.268 GMT-0000,2664.23,2663.52,0.0021,0.0019
13.12.2017 08:13:55.350 GMT-0000,2664.23,2663.449,0.0021,0.0019
13.12.2017 08:14:06.023 GMT-0000,2664.23,2663.3190000000004,0.0026,0.0019
13.12.2017 08:14:06.244 GMT-0000,2663.931,2663.27,0.0021,0.0005
13.12.2017 08:14:07.026 GMT-0000,2663.931,2663.37,0.0016,0.0005
13.12.2017 08:14:07.512 GMT-0000,2663.931,2663.2000000000003,0.0021,0.0019
13.12.2017 08:14:10.032 GMT-0000,2663.931,2663.449,0.0016,0.0005
13.12.2017 08:14:10.227 GMT-0000,2664.2309999999998,2663.5190000000002,0.0021,0.0019
13.12.2017 08:14:16.367 GMT-0000,2664.2309999999998,2663.449,0.0021,0.0019
13.12.2017 08:15:22.798 GMT-0000,2664.2309999999998,2663.57,0.0021,0.0005
13.12.2017 08:15:25.913 GMT-0000,2664.2309999999998,2663.5190000000002,0.0016,0.0019
13.12.2017 08:15:26.029 GMT-0000,2664.2309999999998,2663.4500000000003,0.0021,0.0019
13.12.2017 08:15:35.312 GMT-0000,2664.2309999999998,2663.5190000000002,0.0021,0.0019
13.12.2017 08:15:35.413 GMT-0000,2664.2309999999998,2663.4500000000003,0.0021,0.0019
13.12.2017 08:15:43.418 GMT-0000,2664.2309999999998,2663.3190000000004,0.0026,0.0019
13.12.2017 08:15:43.566 GMT-0000,2664.2309999999998,2663.449,0.0021,0.0019
13.12.2017 08:15:44.103 GMT-0000,2664.2309999999998,2663.32,0.0026,0.0019
13.12.2017 08:15:44.272 GMT-0000,2663.93,2663.32,0.0021,0.0005
13.12.2017 08:15:44.433 GMT-0000,2664.23,2663.32,0.0026,0.0019
13.12.2017 08:15:44.979 GMT-0000,2664.23,2663.2000000000003,0.0026,0.0019
13.12.2017 08:15:45.078 GMT-0000,2664.23,2663.2690000000002,0.0026,0.0019
13.12.2017 08:15:45.128 GMT-0000,2664.23,2663.199,0.0026,0.0019
13.12.2017 08:15:45.179 GMT-0000,2663.931,2663.199,0.0021,0.0019
13.12.2017 08:15:46.763 GMT-0000,2663.931,2663.27,0.0021,0.0005
13.12.2017 08:15:47.318 GMT-0000,2663.931,2663.199,0.0021,0.0019
13.12.2017 08:16:01.747 GMT-0000,2663.931,2663.27,0.0021,0.0005
13.12.2017 08:16:01.798 GMT-0000,2663.931,2663.0690000000004,0.0026,0.0019
13.12.2017 08:16:01.856 GMT-0000,2663.7309999999998,2663.0690000000004,0.0021,0.0019
13.12.2017 08:16:01.931 GMT-0000,2663.7309999999998,2662.949,0.0021,0.0019
13.12.2017 08:16:10.154 GMT-0000,2663.7309999999998,2663.0190000000002,0.0021,0.0019
13.12.2017 08:16:10.277 GMT-0000,2663.7309999999998,2662.949,0.0021,0.0019
13.12.2017 08:16:47.397 GMT-0000,2663.7309999999998,2663.2000000000003,0.0016,0.0005
13.12.2017 08:16:47.498 GMT-0000,2663.7309999999998,2663.12,0.0021,0.0005
13.12.2017 08:16:47.602 GMT-0000,2663.7309999999998,2662.9500000000003,0.0021,0.0019
13.12.2017 08:17:02.739 GMT-0000,2663.7309999999998,2663.02,0.0021,0.0019
13.12.2017 08:17:04.332 GMT-0000,2663.7309999999998,2662.9500000000003,0.0021,0.0019
13.12.2017 08:17:24.737 GMT-0000,2663.7309999999998,2663.07,0.0021,0.0005
13.12.2017 08:17:24.866 GMT-0000,2663.7309999999998,2662.9500000000003,0.0021,0.0019
13.12.2017 08:17:44.563 GMT-0000,2663.7309999999998,2663.2000000000003,0.0016,0.0005
13.12.2017 08:17:44.614 GMT-0000,2663.7309999999998,2663.2690000000002,0.0016,0.0005
13.12.2017 08:17:44.665 GMT-0000,2663.93,2663.2690000000002,0.0021,0.0019
13.12.2017 08:17:48.743 GMT-0000,2663.93,2663.2000000000003,0.0021,0.0019
13.12.2017 08:17:51.455 GMT-0000,2663.93,2663.449,0.0016,0.0005
13.12.2017 08:17:51.579 GMT-0000,2664.2309999999998,2663.52,0.0021,0.0019
13.12.2017 08:17:54.836 GMT-0000,2664.2309999999998,2663.4500000000003,0.0021,0.0019
13.12.2017 08:17:56.559 GMT-0000,2664.2309999999998,2663.52,0.0021,0.0019
13.12.2017 08:17:56.614 GMT-0000,2664.2309999999998,2663.4500000000003,0.0021,0.0019
13.12.2017 08:17:56.738 GMT-0000,2664.2309999999998,2663.5190000000002,0.0021,0.0019
13.12.2017 08:17:57.630 GMT-0000,2664.2309999999998,2663.4500000000003,0.0021,0.0019
13.12.2017 08:17:59.093 GMT-0000,2664.2309999999998,2663.52,0.0021,0.0019
13.12.2017 08:17:59.778 GMT-0000,2664.2309999999998,2663.4500000000003,0.0021,0.0019
13.12.2017 08:18:01.067 GMT-0000,2664.2309999999998,2663.52,0.0021,0.0019
13.12.2017 08:18:06.770 GMT-0000,2664.2309999999998,2663.449,0.0021,0.0019
13.12.2017 08:18:11.323 GMT-0000,2664.2309999999998,2663.5190000000002,0.0021,0.0019
13.12.2017 08:18:12.054 GMT-0000,2663.931,2663.5190000000002,0.0016,0.0005
13.12.2017 08:18:12.509 GMT-0000,2663.931,2663.3190000000004,0.0021,0.0005
13.12.2017 08:18:12.561 GMT-0000,2663.931,2663.2000000000003,0.0021,0.0019
13.12.2017 08:18:13.299 GMT-0000,2663.931,2663.199,0.0021,0.0019
13.12.2017 08:18:30.350 GMT-0000,2663.931,2663.2690000000002,0.0021,0.0019
13.12.2017 08:18:42.733 GMT-0000,2663.931,2663.2000000000003,0.0021,0.0019
13.12.2017 08:19:26.723 GMT-0000,2663.931,2663.4500000000003,0.0016,0.0005
13.12.2017 08:19:27.244 GMT-0000,2663.931,2663.52,0.0016,0.0005
13.12.2017 08:19:29.038 GMT-0000,2663.931,2663.3190000000004,0.0021,0.0005
13.12.2017 08:19:29.088 GMT-0000,2663.931,2663.199,0.0021,0.0019
13.12.2017 08:19:29.139 GMT-0000,2663.931,2663.2690000000002,0.0021,0.0019
13.12.2017 08:19:29.190 GMT-0000,2663.931,2663.199,0.0021,0.0019
13.12.2017 08:20:02.949 GMT-0000,2663.931,2663.2690000000002,0.0021,0.0019
13.12.2017 08:20:03.065 GMT-0000,2663.73,2663.2690000000002,0.0016,0.0005
13.12.2017 08:20:03.227 GMT-0000,2663.93,2663.2690000000002,0.0021,0.0019
13.12.2017 08:20:05.668 GMT-0000,2663.7309999999998,2663.2690000000002,0.0016,0.0005
13.12.2017 08:20:08.232 GMT-0000,2663.931,2663.2690000000002,0.0021,0.0019
13.12.2017 08:20:11.710 GMT-0000,2663.7309999999998,2663.2690000000002,0.0016,0.0005
13.12.2017 08:20:18.595 GMT-0000,2663.93,2663.2690000000002,0.0021,0.0019
13.12.2017 08:20:22.829 GMT-0000,2663.93,2663.199,0.0021,0.0019
13.12.2017 08:20:31.525 GMT-0000,2663.93,2663.27,0.0021,0.0019
13.12.2017 08:20:33.618 GMT-0000,2663.73,2663.27,0.0016,0.0005
13.12.2017 08:20:33.721 GMT-0000,2663.73,2663.0190000000002,0.0021,0.0019
13.12.2017 08:20:33.772 GMT-0000,2663.73,2662.949,0.0021,0.0019
13.12.2017 08:20:56.209 GMT-0000,2663.73,2663.0690000000004,0.0021,0.0019
13.12.2017 08:20:58.951 GMT-0000,2663.73,2663.2000000000003,0.0016,0.0005
13.12.2017 08:20:59.337 GMT-0000,2663.931,2663.199,0.0021,0.0019
13.12.2017 08:21:00.865 GMT-0000,2663.931,2663.07,0.0026,0.0019
13.12.2017 08:21:00.966 GMT-0000,2663.73,2662.949,0.0021,0.0019
13.12.2017 08:21:01.017 GMT-0000,2663.73,2663.0190000000002,0.0021,0.0019
13.12.2017 08:21:13.620 GMT-0000,2663.73,2662.9500000000003,0.0021,0.0019
13.12.2017 08:21:33.892 GMT-0000,2663.73,2663.0690000000004,0.0021,0.0019
13.12.2017 08:21:35.268 GMT-0000,2663.73,2663.119,0.0016,0.0005
13.12.2017 08:21:35.319 GMT-0000,2663.73,2663.07,0.0021,0.0019
13.12.2017 08:21:39.942 GMT-0000,2663.73,2663.119,0.0016,0.0005
13.12.2017 08:21:39.992 GMT-0000,2663.73,2663.27,0.0016,0.0005
13.12.2017 08:21:40.043 GMT-0000,2663.73,2663.0690000000004,0.0021,0.0019
13.12.2017 08:22:06.010 GMT-0000,2663.73,2662.9500000000003,0.0021,0.0019
13.12.2017 08:22:07.837 GMT-0000,2663.73,2663.32,0.0016,0.0005
13.12.2017 08:22:08.091 GMT-0000,2663.93,2663.32,0.0021,0.0005
13.12.2017 08:22:08.627 GMT-0000,2663.93,2663.199,0.0021,0.0019
13.12.2017 08:22:08.678 GMT-0000,2663.93,2663.2690000000002,0.0016,0.0019
13.12.2017 08:22:08.728 GMT-0000,2663.93,2663.2000000000003,0.0021,0.0019
13.12.2017 08:22:23.103 GMT-0000,2663.93,2663.27,0.0021,0.0019
13.12.2017 08:22:25.880 GMT-0000,2663.93,2663.07,0.0026,0.0019
13.12.2017 08:22:26.083 GMT-0000,2663.7309999999998,2662.949,0.0021,0.0019
13.12.2017 08:23:31.862 GMT-0000,2663.7309999999998,2663.0690000000004,0.0021,0.0019
13.12.2017 08:23:32.674 GMT-0000,2663.7309999999998,2662.949,0.0021,0.0019
13.12.2017 08:23:33.171 GMT-0000,2663.7309999999998,2663.0690000000004,0.0021,0.0019
13.12.2017 08:23:40.345 GMT-0000,2663.7309999999998,2662.949,0.0021,0.0019
13.12.2017 08:24:28.627 GMT-0000,2663.7309999999998,2663.07,0.0021,0.0005
13.12.2017 08:24:29.225 GMT-0000,2663.7309999999998,2663.0690000000004,0.0021,0.0019
13.12.2017 08:24:36.088 GMT-0000,2663.7309999999998,2662.9500000000003,0.0021,0.0019
13.12.2017 08:24:46.401 GMT-0000,2663.7309999999998,2663.0190000000002,0.0021,0.0019
13.12.2017 08:24:49.135 GMT-0000,2663.7309999999998,2662.949,0.0021,0.0019
13.12.2017 08:25:02.202 GMT-0000,2663.7309999999998,2663.02,0.0021,0.0019
13.12.2017 08:25:02.278 GMT-0000,2663.7309999999998,2662.949,0.0021,0.0019
13.12.2017 08:25:22.559 GMT-0000,2663.7309999999998,2663.0190000000002,0.0021,0.0019
13.12.2017 08:25:22.695 GMT-0000,2663.7309999999998,2662.9500000000003,0.0021,0.0019
13.12.2017 08:25:49.479 GMT-0000,2663.7309999999998,2663.02,0.0021,0.0019
13.12.2017 08:25:49.579 GMT-0000,2663.7309999999998,2662.949,0.0021,0.0019
13.12.2017 08:27:05.257 GMT-0000,2663.7309999999998,2663.0690000000004,0.0021,0.0019
13.12.2017 08:27:05.308 GMT-0000,2663.7309999999998,2663.02,0.0021,0.0019
13.12.2017 08:27:05.359 GMT-0000,2663.7309999999998,2662.949,0.0021,0.0019
13.12.2017 08:27:14.807 GMT-0000,2663.7309999999998,2663.27,0.0016,0.0005
13.12.2017 08:27:14.923 GMT-0000,2663.7309999999998,2663.07,0.0021,0.0005
13.12.2017 08:27:20.709 GMT-0000,2663.7309999999998,2662.9500000000003,0.0021,0.0019
13.12.2017 08:27:20.812 GMT-0000,2663.7309999999998,2663.02,0.0021,0.0019
13.12.2017 08:27:20.862 GMT-0000,2663.7309999999998,2662.949,0.0021,0.0019
13.12.2017 08:27:26.257 GMT-0000,2663.511,2662.949,0.0005,0.0005
13.12.2017 08:27:32.589 GMT-0000,2663.84,2663.12,0.0005,0.0005
13.12.2017 08:27:32.640 GMT-0000,2663.631,2663.0690000000004,0.0005,0.0005
13.12.2017 08:27:33.922 GMT-0000,2663.84,2663.27,0.0005,0.0005
13.12.2017 08:27:33.973 GMT-0000,2663.76,2663.2000000000003,0.0005,0.0005
13.12.2017 08:27:34.522 GMT-0000,2663.931,2663.2000000000003,0.0021,0.0019
13.12.2017 08:27:36.601 GMT-0000,2663.931,2663.0690000000004,0.0026,0.0019
13.12.2017 08:27:36.704 GMT-0000,2663.931,2663.12,0.0021,0.0019
13.12.2017 08:27:36.755 GMT-0000,2663.931,2663.12,0.0021,0.0019
13.12.2017 08:27:36.805 GMT-0000,2663.73,2663.0690000000004,0.0021,0.0019
13.12.2017 08:27:36.906 GMT-0000,2663.73,2663.27,0.0016,0.0005
13.12.2017 08:27:36.958 GMT-0000,2663.931,2663.2000000000003,0.0021,0.0019
13.12.2017 08:28:33.232 GMT-0000,2663.931,2663.0690000000004,0.0026,0.0019
13.12.2017 08:28:33.399 GMT-0000,2663.7309999999998,2662.949,0.0021,0.0019
13.12.2017 08:29:21.622 GMT-0000,2663.7309999999998,2662.8190000000004,0.0026,0.0019
13.12.2017 08:29:21.673 GMT-0000,2663.7309999999998,2662.87,0.0021,0.0019
13.12.2017 08:29:21.774 GMT-0000,2663.43,2662.869,0.0016,0.0005
13.12.2017 08:29:23.719 GMT-0000,2663.43,2662.7000000000003,0.0021,0.0019
13.12.2017 08:30:12.738 GMT-0000,2663.43,2662.8190000000004,0.0021,0.0005
13.12.2017 08:30:12.789 GMT-0000,2663.43,2662.699,0.0021,0.0019
13.12.2017 08:30:12.840 GMT-0000,2663.43,2662.7690000000002,0.0016,0.0019
13.12.2017 08:30:12.890 GMT-0000,2663.43,2662.7000000000003,0.0021,0.0019
13.12.2017 08:30:21.951 GMT-0000,2663.43,2662.87,0.0016,0.0005
13.12.2017 08:30:22.002 GMT-0000,2663.43,2663.02,0.0016,0.0005
13.12.2017 08:30:22.053 GMT-0000,2663.43,2662.82,0.0021,0.0005
13.12.2017 08:30:26.203 GMT-0000,2663.43,2662.7690000000002,0.0016,0.0019
13.12.2017 08:30:26.254 GMT-0000,2663.43,2662.7690000000002,0.0021,0.0019
13.12.2017 08:30:26.736 GMT-0000,2663.43,2662.7000000000003,0.0021,0.0019
13.12.2017 08:30:31.310 GMT-0000,2663.43,2662.7690000000002,0.0021,0.0019
13.12.2017 08:30:31.410 GMT-0000,2663.43,2662.699,0.0021,0.0019
13.12.2017 08:30:33.717 GMT-0000,2663.43,2662.77,0.0021,0.0019
13.12.2017 08:30:36.846 GMT-0000,2663.43,2662.7000000000003,0.0021,0.0019
13.12.2017 08:30:38.203 GMT-0000,2663.43,2662.7690000000002,0.0021,0.0019
13.12.2017 08:30:49.492 GMT-0000,2663.43,2662.699,0.0021,0.0019
13.12.2017 08:31:34.660 GMT-0000,2663.43,2662.8190000000004,0.0021,0.0005
13.12.2017 08:31:34.713 GMT-0000,2663.43,2662.949,0.0016,0.0005
13.12.2017 08:31:35.185 GMT-0000,2663.7309999999998,2662.9500000000003,0.0021,0.0019
13.12.2017 08:31:49.987 GMT-0000,2663.7309999999998,2663.0190000000002,0.0021,0.0019
13.12.2017 08:31:50.126 GMT-0000,2663.7309999999998,2663.02,0.0021,0.0019
13.12.2017 08:31:50.457 GMT-0000,2663.7309999999998,2662.9500000000003,0.0021,0.0019
13.12.2017 08:31:51.561 GMT-0000,2663.7309999999998,2663.12,0.0016,0.0005
13.12.2017 08:31:52.106 GMT-0000,2663.7309999999998,2663.119,0.0016,0.0005
13.12.2017 08:31:52.489 GMT-0000,2663.7309999999998,2663.07,0.0021,0.0005
13.12.2017 08:31:52.817 GMT-0000,2663.93,2663.07,0.0026,0.0019
13.12.2017 08:31:53.505 GMT-0000,2663.93,2663.2690000000002,0.0021,0.0019
13.12.2017 08:31:53.616 GMT-0000,2663.93,2663.199,0.0021,0.0019
13.12.2017 08:32:18.155 GMT-0000,2663.93,2663.32,0.0021,0.0005
13.12.2017 08:32:21.280 GMT-0000,2663.93,2663.449,0.0016,0.0005
13.12.2017 08:32:21.735 GMT-0000,2663.93,2663.5190000000002,0.0016,0.0005
13.12.2017 08:32:27.137 GMT-0000,2664.2309999999998,2663.5190000000002,0.0021,0.0019
13.12.2017 08:32:27.544 GMT-0000,2664.2309999999998,2663.449,0.0021,0.0019
13.12.2017 08:32:31.393 GMT-0000,2664.2309999999998,2663.2000000000003,0.0026,0.0019
13.12.2017 08:32:31.444 GMT-0000,2664.2309999999998,2663.32,0.0026,0.0019
13.12.2017 08:32:31.517 GMT-0000,2663.931,2663.32,0.0021,0.0005
13.12.2017 08:32:41.119 GMT-0000,2663.931,2663.4500000000003,0.0016,0.0005
13.12.2017 08:32:41.703 GMT-0000,2663.931,2663.5190000000002,0.0016,0.0005
13.12.2017 08:33:05.786 GMT-0000,2663.931,2663.4500000000003,0.0016,0.0005
13.12.2017 08:33:32.409 GMT-0000,2663.931,2663.3190000000004,0.0021,0.0005
13.12.2017 08:33:32.707 GMT-0000,2663.931,2663.199,0.0021,0.0019
13.12.2017 08:34:17.994 GMT-0000,2663.931,2663.32,0.0021,0.0005
13.12.2017 08:34:18.152 GMT-0000,2663.931,2663.449,0.0016,0.0005
13.12.2017 08:34:18.203 GMT-0000,2664.2309999999998,2663.52,0.0021,0.0019
13.12.2017 08:34:40.909 GMT-0000,2664.2309999999998,2663.449,0.0021,0.0019
13.12.2017 08:34:40.964 GMT-0000,2664.2309999999998,2663.52,0.0021,0.0019
13.12.2017 08:34:41.015 GMT-0000,2664.2309999999998,2663.449,0.0021,0.0019
13.12.2017 08:35:20.521 GMT-0000,2664.2309999999998,2663.52,0.0021,0.0019
13.12.2017 08:35:20.960 GMT-0000,2664.2309999999998,2663.32,0.0026,0.0019
13.12.2017 08:35:21.165 GMT-0000,2663.931,2663.199,0.0021,0.0019
13.12.2017 08:35:21.628 GMT-0000,2663.931,2663.2690000000002,0.0021,0.0019
13.12.2017 08:35:21.779 GMT-0000,2663.931,2663.199,0.0021,0.0019
13.12.2017 08:35:21.830 GMT-0000,2663.931,2663.2690000000002,0.0021,0.0019
13.12.2017 08:35:21.880 GMT-0000,2663.931,2663.2000000000003,0.0021,0.0019
13.12.2017 08:35:22.291 GMT-0000,2663.931,2663.37,0.0016,0.0005
13.12.2017 08:35:22.341 GMT-0000,2663.931,2663.52,0.0016,0.0005
13.12.2017 08:35:22.392 GMT-0000,2663.931,2663.32,0.0021,0.0005
13.12.2017 08:35:26.240 GMT-0000,2663.931,2663.199,0.0021,0.0019
13.12.2017 08:35:33.148 GMT-0000,2663.931,2663.2690000000002,0.0021,0.0019
13.12.2017 08:35:33.255 GMT-0000,2663.931,2663.2000000000003,0.0021,0.0019
13.12.2017 08:35:37.557 GMT-0000,2663.931,2663.2690000000002,0.0021,0.0019
13.12.2017 08:35:39.863 GMT-0000,2663.931,2663.199,0.0021,0.0019
13.12.2017 08:35:41.402 GMT-0000,2663.931,2663.27,0.0021,0.0005
13.12.2017 08:35:45.893 GMT-0000,2663.931,2663.07,0.0026,0.0019
13.12.2017 08:35:45.999 GMT-0000,2663.931,2663.02,0.0021,0.0019
13.12.2017 08:35:46.049 GMT-0000,2663.931,2662.9500000000003,0.0026,0.0019
13.12.2017 08:35:46.100 GMT-0000,2663.73,2662.9500000000003,0.0021,0.0019
13.12.2017 08:36:19.104 GMT-0000,2663.73,2662.82,0.0026,0.0019
13.12.2017 08:36:19.236 GMT-0000,2663.431,2662.82,0.0021,0.0005
13.12.2017 08:36:26.378 GMT-0000,2663.431,2663.0190000000002,0.0016,0.0005
13.12.2017 08:36:26.429 GMT-0000,2663.431,2662.8190000000004,0.0021,0.0005
13.12.2017 08:36:40.624 GMT-0000,2663.431,2663.02,0.0016,0.0005
13.12.2017 08:36:40.674 GMT-0000,2663.431,2662.949,0.0016,0.0005
13.12.2017 08:36:40.736 GMT-0000,2663.73,2662.949,0.0021,0.0019
13.12.2017 08:36:51.337 GMT-0000,2663.73,2663.02,0.0021,0.0019
13.12.2017 08:37:15.393 GMT-0000,2663.73,2662.9500000000003,0.0021,0.0019
13.12.2017 08:37:16.902 GMT-0000,2663.73,2662.82,0.0026,0.0019
13.12.2017 08:37:17.096 GMT-0000,2663.43,2662.82,0.0021,0.0005
13.12.2017 08:37:19.450 GMT-0000,2663.43,2662.7000000000003,0.0021,0.0019
13.12.2017 08:37:19.550 GMT-0000,2663.43,2662.77,0.0021,0.0019
13.12.2017 08:37:19.600 GMT-0000,2663.43,2662.7000000000003,0.0021,0.0019
13.12.2017 08:38:09.016 GMT-0000,2663.43,2662.82,0.0021,0.0005
13.12.2017 08:38:14.161 GMT-0000,2663.43,2662.699,0.0021,0.0019
13.12.2017 08:38:35.226 GMT-0000,2663.43,2662.8190000000004,0.0021,0.0005
13.12.2017 08:38:35.342 GMT-0000,2663.43,2662.699,0.0021,0.0019
13.12.2017 08:38:47.955 GMT-0000,2663.43,2662.869,0.0016,0.0005
13.12.2017 08:38:48.006 GMT-0000,2663.43,2663.0190000000002,0.0016,0.0005
13.12.2017 08:38:48.057 GMT-0000,2663.43,2662.82,0.0021,0.0005
13.12.2017 08:39:10.198 GMT-0000,2663.43,2662.699,0.0021,0.0019
13.12.2017 08:39:10.250 GMT-0000,2663.43,2662.77,0.0021,0.0019
13.12.2017 08:39:10.351 GMT-0000,2663.43,2662.7000000000003,0.0021,0.0019
13.12.2017 08:39:23.063 GMT-0000,2663.43,2662.869,0.0016,0.0005
13.12.2017 08:39:23.113 GMT-0000,2663.43,2663.0190000000002,0.0016,0.0005
13.12.2017 08:39:23.164 GMT-0000,2663.43,2662.82,0.0021,0.0005
13.12.2017 08:39:37.832 GMT-0000,2663.43,2662.949,0.0016,0.0005
13.12.2017 08:39:38.236 GMT-0000,2663.43,2663.02,0.0016,0.0005
13.12.2017 08:39:54.407 GMT-0000,2663.73,2663.02,0.0021,0.0019
13.12.2017 08:39:58.837 GMT-0000,2663.43,2663.02,0.0016,0.0005
13.12.2017 08:40:00.307 GMT-0000,2663.73,2663.02,0.0021,0.0019
13.12.2017 08:40:03.189 GMT-0000,2663.73,2662.949,0.0021,0.0019
13.12.2017 08:40:05.948 GMT-0000,2663.73,2663.0190000000002,0.0021,0.0019
13.12.2017 08:40:09.067 GMT-0000,2663.73,2662.9500000000003,0.0021,0.0019
13.12.2017 08:40:10.077 GMT-0000,2663.73,2663.02,0.0021,0.0019
13.12.2017 08:40:13.174 GMT-0000,2663.73,2662.949,0.0021,0.0019
13.12.2017 08:40:13.687 GMT-0000,2663.73,2663.02,0.0021,0.0019
13.12.2017 08:40:38.524 GMT-0000,2663.73,2662.949,0.0021,0.0019
13.12.2017 08:43:05.816 GMT-0000,2663.73,2663.02,0.0021,0.0019
13.12.2017 08:43:05.866 GMT-0000,2663.73,2662.9500000000003,0.0021,0.0019
13.12.2017 08:43:26.454 GMT-0000,2663.73,2663.0190000000002,0.0021,0.0019
13.12.2017 08:43:40.915 GMT-0000,2663.73,2662.8190000000004,0.0026,0.0019
13.12.2017 08:43:41.081 GMT-0000,2663.73,2662.9500000000003,0.0021,0.0019
13.12.2017 08:43:41.184 GMT-0000,2663.43,2663.0190000000002,0.0016,0.0005
13.12.2017 08:43:42.041 GMT-0000,2663.73,2663.0190000000002,0.0021,0.0019
13.12.2017 08:43:42.994 GMT-0000,2663.73,2662.9500000000003,0.0021,0.0019
13.12.2017 08:43:43.105 GMT-0000,2663.73,2663.0190000000002,0.0021,0.0019
13.12.2017 08:43:58.350 GMT-0000,2663.73,2662.949,0.0021,0.0019
13.12.2017 08:43:59.146 GMT-0000,2663.73,2663.02,0.0021,0.0019
13.12.2017 08:44:07.582 GMT-0000,2663.73,2662.82,0.0026,0.0019
13.12.2017 08:44:07.632 GMT-0000,2663.43,2662.82,0.0021,0.0005
13.12.2017 08:44:09.093 GMT-0000,2663.43,2662.699,0.0021,0.0019
13.12.2017 08:44:36.097 GMT-0000,2663.43,2662.8190000000004,0.0021,0.0005
13.12.2017 08:44:36.147 GMT-0000,2663.43,2662.869,0.0016,0.0005
13.12.2017 08:44:36.710 GMT-0000,2663.43,2662.82,0.0021,0.0005
13.12.2017 08:44:44.578 GMT-0000,2663.43,2662.7000000000003,0.0021,0.0019
13.12.2017 08:44:44.629 GMT-0000,2663.43,2662.7690000000002,0.0016,0.0019
13.12.2017 08:44:44.679 GMT-0000,2663.43,2662.77,0.0021,0.0019
13.12.2017 08:44:45.067 GMT-0000,2663.43,2662.7000000000003,0.0021,0.0019
13.12.2017 08:44:53.483 GMT-0000,2663.43,2662.8190000000004,0.0021,0.0005
13.12.2017 08:44:56.896 GMT-0000,2663.43,2662.77,0.0016,0.0019
13.12.2017 08:44:57.041 GMT-0000,2663.43,2662.699,0.0021,0.0019
13.12.2017 08:45:00.133 GMT-0000,2663.43,2662.8190000000004,0.0021,0.0005
13.12.2017 08:45:02.996 GMT-0000,2663.43,2662.9500000000003,0.0016,0.0005
13.12.2017 08:45:03.374 GMT-0000,2663.7309999999998,2662.9500000000003,0.0021,0.0019
13.12.2017 08:45:05.980 GMT-0000,2663.7309999999998,2663.02,0.0021,0.0019
13.12.2017 08:45:06.031 GMT-0000,2663.7309999999998,2662.9500000000003,0.0021,0.0019
13.12.2017 08:45:17.994 GMT-0000,2663.7309999999998,2663.0190000000002,0.0021,0.0019
13.12.2017 08:45:18.137 GMT-0000,2663.43,2663.0190000000002,0.0016,0.0005
13.12.2017 08:45:18.590 GMT-0000,2663.43,2662.699,0.0021,0.0019
13.12.2017 08:45:19.407 GMT-0000,2663.43,2662.7000000000003,0.0021,0.0019
13.12.2017 08:45:21.777 GMT-0000,2663.43,2662.87,0.0016,0.0005
13.12.2017 08:45:51.089 GMT-0000,2663.43,2662.7000000000003,0.0021,0.0019
13.12.2017 08:46:16.430 GMT-0000,2663.43,2662.77,0.0021,0.0019
13.12.2017 08:46:20.215 GMT-0000,2663.43,2662.699,0.0021,0.0019
13.12.2017 08:46:20.316 GMT-0000,2663.43,2662.77,0.0021,0.0019
13.12.2017 08:46:24.343 GMT-0000,2663.43,2662.699,0.0021,0.0019
13.12.2017 08:46:26.346 GMT-0000,2663.43,2662.77,0.0021,0.0019
13.12.2017 08:46:26.548 GMT-0000,2663.43,2662.7000000000003,0.0021,0.0019
13.12.2017 08:46:27.772 GMT-0000,2663.43,2662.77,0.0021,0.0019
13.12.2017 08:46:28.369 GMT-0000,2663.43,2662.7000000000003,0.0021,0.0019
13.12.2017 08:46:28.480 GMT-0000,2663.43,2662.7690000000002,0.0021,0.0019
13.12.2017 08:46:29.426 GMT-0000,2663.43,2662.5690000000004,0.0026,0.0019
13.12.2017 08:46:29.629 GMT-0000,2663.2309999999998,2662.5690000000004,0.0021,0.0019
13.12.2017 08:46:30.312 GMT-0000,2663.43,2662.5690000000004,0.0026,0.0019
13.12.2017 08:46:31.306 GMT-0000,2663.43,2662.7690000000002,0.0021,0.0019
13.12.2017 08:46:31.356 GMT-0000,2663.43,2662.7000000000003,0.0021,0.0019
13.12.2017 08:46:32.664 GMT-0000,2663.43,2662.77,0.0021,0.0019
13.12.2017 08:46:33.266 GMT-0000,2663.43,2662.699,0.0021,0.0019
13.12.2017 08:46:58.905 GMT-0000,2663.43,2662.82,0.0021,0.0005
13.12.2017 08:46:59.007 GMT-0000,2663.43,2663.02,0.0016,0.0005
13.12.2017 08:46:59.113 GMT-0000,2663.43,2662.8190000000004,0.0021,0.0005
13.12.2017 08:46:59.739 GMT-0000,2663.73,2662.8190000000004,0.0026,0.0019
13.12.2017 08:47:36.011 GMT-0000,2663.73,2662.949,0.0021,0.0019
13.12.2017 08:47:36.062 GMT-0000,2663.73,2662.7690000000002,0.0021,0.0019
13.12.2017 08:47:36.113 GMT-0000,2663.73,2662.7690000000002,0.0021,0.0019
13.12.2017 08:47:36.213 GMT-0000,2663.43,2662.7000000000003,0.0021,0.0019
13.12.2017 08:48:27.001 GMT-0000,2663.43,2663.02,0.0016,0.0005
13.12.2017 08:48:27.052 GMT-0000,2663.43,2662.8190000000004,0.0021,0.0005
13.12.2017 08:48:27.286 GMT-0000,2663.7309999999998,2662.8190000000004,0.0026,0.0019
13.12.2017 08:48:29.202 GMT-0000,2663.7309999999998,2663.0190000000002,0.0021,0.0019
13.12.2017 08:48:29.253 GMT-0000,2663.7309999999998,2662.9500000000003,0.0021,0.0019
13.12.2017 08:48:40.367 GMT-0000,2663.7309999999998,2663.0190000000002,0.0021,0.0019
13.12.2017 08:48:40.490 GMT-0000,2663.7309999999998,2662.9500000000003,0.0021,0.0019
13.12.2017 08:48:42.858 GMT-0000,2663.7309999999998,2663.02,0.0021,0.0019
13.12.2017 08:48:43.901 GMT-0000,2663.7309999999998,2662.949,0.0021,0.0019
13.12.2017 08:49:52.445 GMT-0000,2663.7309999999998,2663.199,0.0016,0.0005
13.12.2017 08:49:52.496 GMT-0000,2663.7309999999998,2662.9500000000003,0.0021,0.0019
13.12.2017 08:49:52.546 GMT-0000,2663.7309999999998,2663.02,0.0021,0.0019
13.12.2017 08:49:52.597 GMT-0000,2663.7309999999998,2662.9500000000003,0.0021,0.0019
13.12.2017 08:50:11.029 GMT-0000,2663.7309999999998,2663.119,0.0016,0.0005
13.12.2017 08:50:11.079 GMT-0000,2663.7309999999998,2663.27,0.0016,0.0005
13.12.2017 08:50:11.130 GMT-0000,2663.7309999999998,2663.07,0.0021,0.0005
13.12.2017 08:50:11.906 GMT-0000,2663.7309999999998,2663.2690000000002,0.0016,0.0005
13.12.2017 08:50:11.957 GMT-0000,2663.7309999999998,2663.2000000000003,0.0016,0.0005
13.12.2017 08:50:12.027 GMT-0000,2663.93,2663.2000000000003,0.0021,0.0019
13.12.2017 08:50:16.795 GMT-0000,2663.93,2663.4500000000003,0.0016,0.0005
13.12.2017 08:50:17.403 GMT-0000,2663.93,2663.52,0.0016,0.0005
13.12.2017 08:50:22.568 GMT-0000,2663.93,2663.449,0.0016,0.0005
13.12.2017 08:50:22.631 GMT-0000,2664.2309999999998,2663.449,0.0021,0.0019
13.12.2017 08:50:25.400 GMT-0000,2664.2309999999998,2663.5190000000002,0.0021,0.0019
13.12.2017 08:50:57.528 GMT-0000,2664.2309999999998,2663.4500000000003,0.0021,0.0019
13.12.2017 08:51:40.030 GMT-0000,2664.2309999999998,2663.5190000000002,0.0021,0.0019
13.12.2017 08:51:40.081 GMT-0000,2664.2309999999998,2663.4500000000003,0.0021,0.0019
13.12.2017 08:51:50.116 GMT-0000,2664.2309999999998,2663.7000000000003,0.0016,0.0005
13.12.2017 08:51:50.167 GMT-0000,2664.2309999999998,2663.77,0.0016,0.0005
13.12.2017 08:52:25.084 GMT-0000,2664.2309999999998,2663.699,0.0016,0.0005
13.12.2017 08:53:31.731 GMT-0000,2664.2309999999998,2663.5690000000004,0.0021,0.0019
13.12.2017 08:53:31.782 GMT-0000,2664.2309999999998,2663.4500000000003,0.0021,0.0019
13.12.2017 08:53:31.834 GMT-0000,2664.2309999999998,2663.5190000000002,0.0021,0.0019
13.12.2017 08:53:31.885 GMT-0000,2664.2309999999998,2663.4500000000003,0.0021,0.0019
13.12.2017 08:53:42.325 GMT-0000,2663.93,2663.4500000000003,0.0016,0.0005
13.12.2017 08:56:09.399 GMT-0000,2663.93,2663.32,0.0021,0.0005
13.12.2017 08:56:09.470 GMT-0000,2663.93,2663.199,0.0021,0.0019
13.12.2017 08:56:09.520 GMT-0000,2663.93,2663.2690000000002,0.0021,0.0019
13.12.2017 08:56:09.571 GMT-0000,2663.93,2663.2000000000003,0.0021,0.0019
13.12.2017 08:56:09.941 GMT-0000,2663.73,2663.2000000000003,0.0016,0.0005
13.12.2017 08:56:18.528 GMT-0000,2663.73,2663.07,0.0021,0.0019
13.12.2017 08:56:18.578 GMT-0000,2663.73,2663.2000000000003,0.0016,0.0005
13.12.2017 08:56:19.138 GMT-0000,2663.73,2663.27,0.0016,0.0005
13.12.2017 08:56:26.782 GMT-0000,2663.73,2663.07,0.0021,0.0019
13.12.2017 08:57:24.765 GMT-0000,2663.73,2663.119,0.0016,0.0005
13.12.2017 08:57:24.815 GMT-0000,2663.73,2663.0690000000004,0.0021,0.0019
13.12.2017 08:57:30.655 GMT-0000,2663.73,2662.9500000000003,0.0021,0.0019
13.12.2017 08:57:30.705 GMT-0000,2663.73,2663.0190000000002,0.0021,0.0019
13.12.2017 08:57:30.756 GMT-0000,2663.73,2663.0190000000002,0.0021,0.0019
13.12.2017 08:57:31.165 GMT-0000,2663.73,2662.949,0.0021,0.0019
13.12.2017 08:58:09.893 GMT-0000,2663.73,2663.07,0.0021,0.0019
13.12.2017 08:58:09.944 GMT-0000,2663.73,2663.2000000000003,0.0016,0.0005
13.12.2017 08:58:10.503 GMT-0000,2663.73,2663.27,0.0016,0.0005
13.12.2017 08:58:13.295 GMT-0000,2663.73,2663.0690000000004,0.0021,0.0019
13.12.2017 08:58:13.383 GMT-0000,2663.73,2662.9500000000003,0.0021,0.0019
13.12.2017 08:58:13.458 GMT-0000,2663.73,2663.0190000000002,0.0021,0.0019
13.12.2017 08:58:13.509 GMT-0000,2663.73,2662.949,0.0021,0.0019
13.12.2017 09:00:01.309 GMT-0000,2663.73,2663.07,0.0021,0.0019
13.12.2017 09:00:01.410 GMT-0000,2663.73,2663.12,0.0016,0.0005
13.12.2017 09:00:01.461 GMT-0000,2663.73,2663.07,0.0021,0.0019
13.12.2017 09:00:02.557 GMT-0000,2663.73,2662.9500000000003,0.0021,0.0019
13.12.2017 09:00:02.658 GMT-0000,2663.73,2663.02,0.0021,0.0019
13.12.2017 09:00:02.709 GMT-0000,2663.73,2662.9500000000003,0.0021,0.0019
13.12.2017 09:00:45.348 GMT-0000,2663.73,2662.8190000000004,0.0026,0.0019
13.12.2017 09:00:45.499 GMT-0000,2663.43,2662.82,0.0021,0.0005
13.12.2017 09:00:49.912 GMT-0000,2663.43,2662.9500000000003,0.0016,0.0005
13.12.2017 09:00:50.404 GMT-0000,2663.43,2663.02,0.0016,0.0005
13.12.2017 09:00:53.553 GMT-0000,2663.43,2662.8190000000004,0.0021,0.0005
13.12.2017 09:00:58.810 GMT-0000,2663.43,2662.82,0.0021,0.0005
13.12.2017 09:01:00.358 GMT-0000,2663.43,2662.869,0.0016,0.0005
13.12.2017 09:01:12.509 GMT-0000,2663.43,2662.87,0.0021,0.0005
13.12.2017 09:01:33.231 GMT-0000,2663.43,2662.7000000000003,0.0021,0.0019
13.12.2017 09:02:44.717 GMT-0000,2663.43,2662.8190000000004,0.0021,0.0005
13.12.2017 09:02:44.775 GMT-0000,2663.43,2662.9500000000003,0.0016,0.0005
13.12.2017 09:02:45.121 GMT-0000,2663.43,2663.02,0.0016,0.0005
13.12.2017 09:02:51.917 GMT-0000,2663.43,2662.8190000000004,0.0021,0.0005
13.12.2017 09:02:53.093 GMT-0000,2663.43,2662.87,0.0016,0.0005
13.12.2017 09:02:53.703 GMT-0000,2663.43,2662.82,0.0021,0.0005
13.12.2017 09:02:55.486 GMT-0000,2663.43,2663.02,0.0016,0.0005
13.12.2017 09:02:55.537 GMT-0000,2663.43,2662.949,0.0016,0.0005
13.12.2017 09:02:55.603 GMT-0000,2663.73,2662.949,0.0021,0.0019
13.12.2017 09:03:52.007 GMT-0000,2663.73,2663.0690000000004,0.0021,0.0019
13.12.2017 09:03:52.108 GMT-0000,2663.73,2663.199,0.0016,0.0005
13.12.2017 09:03:52.689 GMT-0000,2663.73,2663.27,0.0016,0.0005
13.12.2017 09:03:57.685 GMT-0000,2663.93,2663.27,0.0021,0.0019
13.12.2017 09:04:22.430 GMT-0000,2663.93,2663.199,0.0021,0.0019
13.12.2017 09:04:22.487 GMT-0000,2663.93,2663.27,0.0021,0.0019
13.12.2017 09:04:22.538 GMT-0000,2663.93,2663.199,0.0021,0.0019
13.12.2017 09:04:25.480 GMT-0000,2663.93,2663.27,0.0021,0.0019
13.12.2017 09:04:25.580 GMT-0000,2663.93,2663.2000000000003,0.0021,0.0019
13.12.2017 09:07:40.256 GMT-0000,2663.93,2663.369,0.0016,0.0005
13.12.2017 09:07:42.546 GMT-0000,2663.93,2663.2000000000003,0.0021,0.0019
13.12.2017 09:07:43.537 GMT-0000,2663.93,2663.369,0.0016,0.0005
13.12.2017 09:07:43.588 GMT-0000,2663.93,2663.32,0.0021,0.0005
13.12.2017 09:08:01.317 GMT-0000,2663.93,2663.5190000000002,0.0016,0.0005
13.12.2017 09:08:01.368 GMT-0000,2663.93,2663.4500000000003,0.0016,0.0005
13.12.2017 09:08:01.440 GMT-0000,2664.23,2663.4500000000003,0.0021,0.0019
13.12.2017 09:08:01.767 GMT-0000,2664.23,2663.699,0.0016,0.0005
13.12.2017 09:08:01.867 GMT-0000,2664.23,2663.7690000000002,0.0016,0.0005
13.12.2017 09:08:19.035 GMT-0000,2664.23,2663.5690000000004,0.0021,0.0019
13.12.2017 09:08:19.085 GMT-0000,2664.23,2663.4500000000003,0.0021,0.0019
13.12.2017 09:08:19.136 GMT-0000,2664.23,2663.52,0.0021,0.0019
13.12.2017 09:08:19.187 GMT-0000,2664.23,2663.4500000000003,0.0021,0.0019
13.12.2017 09:08:56.909 GMT-0000,2664.23,2663.52,0.0021,0.0019
13.12.2017 09:08:57.019 GMT-0000,2663.931,2663.52,0.0016,0.0005
13.12.2017 09:09:03.231 GMT-0000,2663.931,2663.2000000000003,0.0021,0.0019
13.12.2017 09:09:03.324 GMT-0000,2663.931,2663.27,0.0021,0.0005
13.12.2017 09:09:03.375 GMT-0000,2663.931,2663.2000000000003,0.0021,0.0019
13.12.2017 09:09:06.236 GMT-0000,2663.931,2663.449,0.0016,0.0005
13.12.2017 09:09:06.287 GMT-0000,2663.931,2663.37,0.0016,0.0005
13.12.2017 09:09:06.512 GMT-0000,2663.931,2663.3190000000004,0.0021,0.0005
13.12.2017 09:09:08.813 GMT-0000,2663.931,2663.5190000000002,0.0016,0.0005
13.12.2017 09:09:08.914 GMT-0000,2663.931,2663.4500000000003,0.0016,0.0005
13.12.2017 09:09:08.964 GMT-0000,2664.23,2663.4500000000003,0.0021,0.0019
13.12.2017 09:09:15.091 GMT-0000,2664.23,2663.52,0.0021,0.0019
13.12.2017 09:09:15.568 GMT-0000,2664.23,2663.4500000000003,0.0021,0.0019
13.12.2017 09:09:16.783 GMT-0000,2664.23,2663.5190000000002,0.0021,0.0019
13.12.2017 09:09:17.041 GMT-0000,2664.23,2663.4500000000003,0.0021,0.0019
13.12.2017 09:09:42.672 GMT-0000,2664.23,2663.5190000000002,0.0021,0.0019
13.12.2017 09:09:42.790 GMT-0000,2663.93,2663.5190000000002,0.0016,0.0005
13.12.2017 09:09:44.871 GMT-0000,2663.93,2663.4500000000003,0.0016,0.0005
13.12.2017 09:09:44.972 GMT-0000,2664.131,2663.4500000000003,0.0021,0.0019
13.12.2017 09:09:45.158 GMT-0000,2663.931,2663.4500000000003,0.0016,0.0005
13.12.2017 09:09:45.537 GMT-0000,2663.931,2663.5190000000002,0.0016,0.0005
13.12.2017 09:09:47.014 GMT-0000,2663.931,2663.449,0.0016,0.0005
13.12.2017 09:09:47.064 GMT-0000,2664.23,2663.449,0.0021,0.0019
13.12.2017 09:09:48.559 GMT-0000,2664.23,2663.52,0.0021,0.0019
13.12.2017 09:09:48.609 GMT-0000,2663.931,2663.52,0.0016,0.0005
13.12.2017 09:09:48.764 GMT-0000,2664.13,2663.52,0.0021,0.0005
13.12.2017 09:09:48.889 GMT-0000,2664.13,2663.449,0.0021,0.0019
13.12.2017 09:09:49.654 GMT-0000,2664.23,2663.449,0.0021,0.0019
13.12.2017 09:09:49.705 GMT-0000,2664.23,2663.5190000000002,0.0021,0.0019
13.12.2017 09:09:49.755 GMT-0000,2664.23,2663.4500000000003,0.0021,0.0019
13.12.2017 09:09:49.815 GMT-0000,2664.13,2663.4500000000003,0.0021,0.0019
13.12.2017 09:09:55.173 GMT-0000,2664.13,2663.52,0.0021,0.0005
13.12.2017 09:09:55.224 GMT-0000,2663.93,2663.449,0.0016,0.0005
13.12.2017 09:09:55.274 GMT-0000,2664.13,2663.449,0.0021,0.0019
13.12.2017 09:09:56.605 GMT-0000,2664.23,2663.449,0.0021,0.0019
13.12.2017 09:09:57.611 GMT-0000,2664.23,2663.5190000000002,0.0021,0.0019
13.12.2017 09:09:57.729 GMT-0000,2663.931,2663.5190000000002,0.0016,0.0005
13.12.2017 09:09:58.119 GMT-0000,2664.13,2663.5190000000002,0.0021,0.0005
13.12.2017 09:09:58.170 GMT-0000,2664.13,2663.4500000000003,0.0021,0.0019
13.12.2017 09:09:59.025 GMT-0000,2663.93,2663.4500000000003,0.0016,0.0005
13.12.2017 09:09:59.536 GMT-0000,2663.93,2663.5190000000002,0.0016,0.0005
13.12.2017 09:10:20.441 GMT-0000,2663.93,2663.449,0.0016,0.0005
13.12.2017 09:10:20.506 GMT-0000,2664.23,2663.449,0.0021,0.0019
13.12.2017 09:10:21.116 GMT-0000,2664.23,2663.5190000000002,0.0021,0.0019
13.12.2017 09:10:21.234 GMT-0000,2663.931,2663.5190000000002,0.0016,0.0005
13.12.2017 09:10:48.346 GMT-0000,2663.931,2663.3190000000004,0.0021,0.0005
13.12.2017 09:10:48.409 GMT-0000,2663.931,2663.5190000000002,0.0016,0.0005
13.12.2017 09:10:48.460 GMT-0000,2663.931,2663.32,0.0021,0.0005
13.12.2017 09:11:09.656 GMT-0000,2663.931,2663.2000000000003,0.0021,0.0019
13.12.2017 09:11:16.805 GMT-0000,2663.931,2663.4500000000003,0.0016,0.0005
13.12.2017 09:11:17.054 GMT-0000,2663.931,2663.3190000000004,0.0021,0.0005
13.12.2017 09:12:01.606 GMT-0000,2663.931,2663.449,0.0016,0.0005
13.12.2017 09:12:02.173 GMT-0000,2663.931,2663.52,0.0016,0.0005
13.12.2017 09:12:28.490 GMT-0000,2663.931,2663.449,0.0016,0.0005
13.12.2017 09:12:49.501 GMT-0000,2663.931,2663.5190000000002,0.0016,0.0005
13.12.2017 09:12:49.652 GMT-0000,2664.23,2663.57,0.0021,0.0019
13.12.2017 09:13:17.065 GMT-0000,2664.23,2663.7000000000003,0.0016,0.0005
13.12.2017 09:13:17.116 GMT-0000,2664.23,2663.52,0.0021,0.0019
13.12.2017 09:13:17.166 GMT-0000,2664.23,2663.5190000000002,0.0021,0.0019
13.12.2017 09:13:17.472 GMT-0000,2664.23,2663.449,0.0021,0.0019
13.12.2017 09:13:20.300 GMT-0000,2664.23,2663.52,0.0021,0.0019
13.12.2017 09:13:20.417 GMT-0000,2663.931,2663.52,0.0016,0.0005
13.12.2017 09:13:24.788 GMT-0000,2663.931,2663.3190000000004,0.0021,0.0005
13.12.2017 09:13:39.957 GMT-0000,2663.931,2663.369,0.0016,0.0005
13.12.2017 09:13:40.353 GMT-0000,2663.931,2663.32,0.0021,0.0005
13.12.2017 09:13:47.756 GMT-0000,2663.931,2663.4500000000003,0.0016,0.0005
13.12.2017 09:13:47.806 GMT-0000,2663.931,2663.37,0.0016,0.0005
13.12.2017 09:13:47.857 GMT-0000,2663.931,2663.52,0.0016,0.0005
13.12.2017 09:13:47.908 GMT-0000,2663.931,2663.3190000000004,0.0021,0.0005
13.12.2017 09:13:55.951 GMT-0000,2663.931,2663.37,0.0016,0.0005
13.12.2017 09:13:56.351 GMT-0000,2663.931,2663.32,0.0021,0.0005
13.12.2017 09:14:16.628 GMT-0000,2663.931,2663.449,0.0016,0.0005
13.12.2017 09:14:17.183 GMT-0000,2663.931,2663.5190000000002,0.0016,0.0005
13.12.2017 09:14:25.574 GMT-0000,2663.931,2663.4500000000003,0.0016,0.0005
13.12.2017 09:14:31.483 GMT-0000,2664.131,2663.4500000000003,0.0021,0.0019
13.12.2017 09:14:33.264 GMT-0000,2663.93,2663.4500000000003,0.0016,0.0005
13.12.2017 09:14:36.385 GMT-0000,2664.13,2663.4500000000003,0.0021,0.0019
13.12.2017 09:14:38.424 GMT-0000,2664.2309999999998,2663.4500000000003,0.0021,0.0019
13.12.2017 09:14:38.582 GMT-0000,2663.93,2663.4500000000003,0.0016,0.0005
13.12.2017 09:14:39.266 GMT-0000,2664.23,2663.4500000000003,0.0021,0.0019
13.12.2017 09:14:39.317 GMT-0000,2664.23,2663.5190000000002,0.0021,0.0019
13.12.2017 09:14:39.368 GMT-0000,2664.23,2663.449,0.0021,0.0019
13.12.2017 09:14:40.770 GMT-0000,2664.23,2663.5190000000002,0.0021,0.0019
13.12.2017 09:14:40.937 GMT-0000,2663.931,2663.5190000000002,0.0016,0.0005
13.12.2017 09:14:44.036 GMT-0000,2663.931,2663.3190000000004,0.0021,0.0005
13.12.2017 09:14:46.101 GMT-0000,2663.931,2663.2000000000003,0.0021,0.0019
13.12.2017 09:15:00.522 GMT-0000,2663.931,2663.52,0.0016,0.0005
13.12.2017 09:15:00.572 GMT-0000,2663.931,2663.32,0.0021,0.0005
13.12.2017 09:15:02.795 GMT-0000,2663.931,2663.5190000000002,0.0016,0.0005
13.12.2017 09:15:02.913 GMT-0000,2664.2309999999998,2663.5190000000002,0.0021,0.0019
13.12.2017 09:15:03.147 GMT-0000,2664.2309999999998,2663.4500000000003,0.0021,0.0019
13.12.2017 09:15:06.504 GMT-0000,2664.2309999999998,2663.7000000000003,0.0016,0.0005
13.12.2017 09:15:06.555 GMT-0000,2664.2309999999998,2663.619,0.0016,0.0005
13.12.2017 09:15:06.606 GMT-0000,2664.2309999999998,2663.7690000000002,0.0016,0.0005
13.12.2017 09:15:06.656 GMT-0000,2664.2309999999998,2663.5690000000004,0.0021,0.0019
13.12.2017 09:15:08.044 GMT-0000,2664.2309999999998,2663.52,0.0016,0.0019
13.12.2017 09:15:08.114 GMT-0000,2664.2309999999998,2663.5190000000002,0.0021,0.0019
13.12.2017 09:15:08.656 GMT-0000,2664.2309999999998,2663.449,0.0021,0.0019
13.12.2017 09:15:35.181 GMT-0000,2664.2309999999998,2663.57,0.0021,0.0005
13.12.2017 09:15:51.408 GMT-0000,2664.2309999999998,2663.4500000000003,0.0021,0.0019
13.12.2017 09:16:03.614 GMT-0000,2664.2309999999998,2663.57,0.0021,0.0005
13.12.2017 09:16:04.829 GMT-0000,2664.2309999999998,2663.4500000000003,0.0021,0.0019
13.12.2017 09:16:42.733 GMT-0000,2664.2309999999998,2663.5690000000004,0.0021,0.0019
13.12.2017 09:16:42.834 GMT-0000,2664.2309999999998,2663.619,0.0016,0.0005
13.12.2017 09:16:42.884 GMT-0000,2664.2309999999998,2663.57,0.0021,0.0005
13.12.2017 09:16:57.456 GMT-0000,2664.2309999999998,2663.449,0.0021,0.0019
13.12.2017 09:16:57.507 GMT-0000,2664.2309999999998,2663.5190000000002,0.0021,0.0019
13.12.2017 09:16:57.558 GMT-0000,2664.2309999999998,2663.52,0.0021,0.0019
13.12.2017 09:16:57.969 GMT-0000,2664.2309999999998,2663.4500000000003,0.0021,0.0019
13.12.2017 09:17:10.110 GMT-0000,2664.2309999999998,2663.7000000000003,0.0016,0.0005
13.12.2017 09:17:10.173 GMT-0000,2664.2309999999998,2663.7690000000002,0.0016,0.0005
13.12.2017 09:17:11.638 GMT-0000,2664.2309999999998,2663.5690000000004,0.0021,0.0019
13.12.2017 09:17:16.928 GMT-0000,2664.2309999999998,2663.4500000000003,0.0021,0.0019
13.12.2017 09:17:17.029 GMT-0000,2664.2309999999998,2663.5190000000002,0.0021,0.0019
13.12.2017 09:17:17.080 GMT-0000,2664.2309999999998,2663.449,0.0021,0.0019
13.12.2017 09:17:19.580 GMT-0000,2664.2309999999998,2663.699,0.0016,0.0005
13.12.2017 09:17:19.683 GMT-0000,2664.2309999999998,2663.77,0.0016,0.0005
13.12.2017 09:17:23.228 GMT-0000,2664.2309999999998,2663.57,0.0021,0.0005
13.12.2017 09:17:38.640 GMT-0000,2664.2309999999998,2663.4500000000003,0.0021,0.0019
13.12.2017 09:17:38.741 GMT-0000,2664.2309999999998,2663.52,0.0021,0.0019
13.12.2017 09:17:38.791 GMT-0000,2664.2309999999998,2663.449,0.0021,0.0019
13.12.2017 09:17:45.545 GMT-0000,2664.2309999999998,2663.5190000000002,0.0021,0.0019
13.12.2017 09:17:45.733 GMT-0000,2664.2309999999998,2663.4500000000003,0.0021,0.0019
13.12.2017 09:17:56.444 GMT-0000,2664.2309999999998,2663.57,0.0021,0.0005
13.12.2017 09:18:00.918 GMT-0000,2664.2309999999998,2663.4500000000003,0.0021,0.0019
13.12.2017 09:18:00.982 GMT-0000,2664.2309999999998,2663.5190000000002,0.0021,0.0019
13.12.2017 09:18:01.033 GMT-0000,2664.2309999999998,2663.449,0.0021,0.0019
13.12.2017 09:18:02.899 GMT-0000,2664.2309999999998,2663.5690000000004,0.0021,0.0019
13.12.2017 09:18:06.567 GMT-0000,2664.2309999999998,2663.5190000000002,0.0016,0.0019
13.12.2017 09:18:06.669 GMT-0000,2664.2309999999998,2663.52,0.0021,0.0019
13.12.2017 09:18:07.092 GMT-0000,2664.2309999999998,2663.4500000000003,0.0021,0.0019
13.12.2017 09:18:29.861 GMT-0000,2664.2309999999998,2663.52,0.0021,0.0019
13.12.2017 09:18:36.202 GMT-0000,2664.2309999999998,2663.449,0.0021,0.0019
13.12.2017 09:19:25.960 GMT-0000,2664.2309999999998,2663.5690000000004,0.0021,0.0019
13.12.2017 09:19:27.186 GMT-0000,2664.2309999999998,2663.699,0.0016,0.0005
13.12.2017 09:19:27.364 GMT-0000,2664.431,2663.77,0.0021,0.0005
13.12.2017 09:19:51.058 GMT-0000,2664.431,2663.7000000000003,0.0021,0.0019
13.12.2017 09:19:59.959 GMT-0000,2664.431,2663.9500000000003,0.0016,0.0005
13.12.2017 09:20:00.570 GMT-0000,2664.73,2663.9500000000003,0.0021,0.0019
13.12.2017 09:20:32.222 GMT-0000,2664.73,2664.0690000000004,0.0021,0.0019
13.12.2017 09:20:32.272 GMT-0000,2664.73,2664.2000000000003,0.0016,0.0005
13.12.2017 09:20:32.513 GMT-0000,2664.73,2664.07,0.0021,0.0019
13.12.2017 09:20:35.307 GMT-0000,2664.73,2663.9500000000003,0.0021,0.0019
13.12.2017 09:20:35.409 GMT-0000,2664.73,2664.0190000000002,0.0021,0.0019
13.12.2017 09:20:35.459 GMT-0000,2664.73,2663.9500000000003,0.0021,0.0019
13.12.2017 09:22:50.085 GMT-0000,2664.73,2664.0690000000004,0.0021,0.0019
13.12.2017 09:22:50.136 GMT-0000,2664.73,2664.199,0.0016,0.0005
13.12.2017 09:22:50.254 GMT-0000,2664.73,2664.07,0.0021,0.0019
13.12.2017 09:22:51.081 GMT-0000,2664.73,2663.9500000000003,0.0021,0.0019
13.12.2017 09:23:05.921 GMT-0000,2664.73,2664.119,0.0016,0.0005
13.12.2017 09:23:05.972 GMT-0000,2664.73,2664.0690000000004,0.0021,0.0019
13.12.2017 09:23:07.361 GMT-0000,2664.73,2663.9500000000003,0.0021,0.0019
13.12.2017 09:23:34.023 GMT-0000,2664.73,2664.27,0.0016,0.0005
13.12.2017 09:23:34.225 GMT-0000,2664.73,2664.07,0.0021,0.0019
13.12.2017 09:23:35.265 GMT-0000,2664.73,2663.9500000000003,0.0021,0.0019
13.12.2017 09:23:35.315 GMT-0000,2664.73,2664.0190000000002,0.0021,0.0019
13.12.2017 09:23:35.402 GMT-0000,2664.73,2663.949,0.0021,0.0019
13.12.2017 09:23:39.688 GMT-0000,2664.73,2664.2000000000003,0.0016,0.0005
13.12.2017 09:23:39.792 GMT-0000,2664.73,2663.949,0.0021,0.0019
13.12.2017 09:23:40.494 GMT-0000,2664.73,2663.9500000000003,0.0021,0.0019
13.12.2017 09:23:46.913 GMT-0000,2664.73,2664.2000000000003,0.0016,0.0005
13.12.2017 09:23:47.013 GMT-0000,2664.73,2664.2690000000002,0.0016,0.0005
13.12.2017 09:23:47.311 GMT-0000,2664.73,2664.0690000000004,0.0021,0.0019
13.12.2017 09:23:49.108 GMT-0000,2664.73,2663.949,0.0021,0.0019
13.12.2017 09:23:49.847 GMT-0000,2664.73,2663.9500000000003,0.0021,0.0019
13.12.2017 09:24:26.508 GMT-0000,2664.73,2664.07,0.0021,0.0019
13.12.2017 09:24:30.182 GMT-0000,2664.73,2663.949,0.0021,0.0019
13.12.2017 09:24:47.750 GMT-0000,2664.73,2664.07,0.0021,0.0019
13.12.2017 09:24:50.747 GMT-0000,2664.73,2663.9500000000003,0.0021,0.0019
13.12.2017 09:24:50.801 GMT-0000,2664.73,2664.02,0.0021,0.0019
13.12.2017 09:24:50.924 GMT-0000,2664.43,2664.02,0.0016,0.0005
13.12.2017 09:25:01.934 GMT-0000,2664.43,2663.7000000000003,0.0021,0.0019
13.12.2017 09:25:01.991 GMT-0000,2664.43,2663.77,0.0021,0.0019
13.12.2017 09:25:02.067 GMT-0000,2664.23,2663.77,0.0016,0.0005
13.12.2017 09:25:02.921 GMT-0000,2664.23,2663.699,0.0016,0.0005
13.12.2017 09:25:02.972 GMT-0000,2664.431,2663.699,0.0021,0.0019
13.12.2017 09:25:03.974 GMT-0000,2664.23,2663.699,0.0016,0.0005
13.12.2017 09:25:17.143 GMT-0000,2664.23,2663.7690000000002,0.0016,0.0005
13.12.2017 09:25:18.032 GMT-0000,2664.3309999999997,2663.7690000000002,0.0016,0.0005
13.12.2017 09:25:18.124 GMT-0000,2664.3309999999997,2663.699,0.0021,0.0005
13.12.2017 09:25:18.492 GMT-0000,2664.2309999999998,2663.7690000000002,0.0016,0.0005
13.12.2017 09:25:20.243 GMT-0000,2664.2309999999998,2663.699,0.0016,0.0005
13.12.2017 09:25:20.312 GMT-0000,2664.43,2663.699,0.0021,0.0019
13.12.2017 09:25:25.250 GMT-0000,2664.43,2663.949,0.0016,0.0005
13.12.2017 09:25:25.402 GMT-0000,2664.43,2663.82,0.0021,0.0005
13.12.2017 09:25:42.852 GMT-0000,2664.43,2663.699,0.0021,0.0019
13.12.2017 09:25:47.669 GMT-0000,2664.43,2663.87,0.0016,0.0005
13.12.2017 09:25:47.719 GMT-0000,2664.43,2663.82,0.0021,0.0005
13.12.2017 09:25:59.066 GMT-0000,2664.43,2663.87,0.0016,0.0005
13.12.2017 09:25:59.502 GMT-0000,2664.43,2663.82,0.0021,0.0005
13.12.2017 09:26:00.252 GMT-0000,2664.43,2663.87,0.0016,0.0005
13.12.2017 09:26:03.389 GMT-0000,2664.43,2663.699,0.0021,0.0019
13.12.2017 09:26:04.618 GMT-0000,2664.43,2663.9500000000003,0.0016,0.0005
13.12.2017 09:26:04.721 GMT-0000,2664.43,2663.7000000000003,0.0021,0.0019
13.12.2017 09:26:04.773 GMT-0000,2664.43,2663.7690000000002,0.0021,0.0019
13.12.2017 09:26:04.824 GMT-0000,2664.43,2663.699,0.0021,0.0019
13.12.2017 09:26:12.186 GMT-0000,2664.43,2663.9500000000003,0.0016,0.0005
13.12.2017 09:26:12.677 GMT-0000,2664.43,2663.82,0.0021,0.0005
13.12.2017 09:26:18.346 GMT-0000,2664.43,2663.949,0.0016,0.0005
13.12.2017 09:26:18.700 GMT-0000,2664.43,2664.0190000000002,0.0016,0.0005
13.12.2017 09:26:49.775 GMT-0000,2664.43,2663.949,0.0016,0.0005
13.12.2017 09:27:00.373 GMT-0000,2664.43,2664.02,0.0016,0.0005
13.12.2017 09:27:00.474 GMT-0000,2664.43,2663.9500000000003,0.0016,0.0005
13.12.2017 09:27:01.526 GMT-0000,2664.43,2664.0190000000002,0.0016,0.0005
13.12.2017 09:27:01.576 GMT-0000,2664.43,2663.9500000000003,0.0016,0.0005
13.12.2017 09:27:02.124 GMT-0000,2664.631,2663.9500000000003,0.0021,0.0019
13.12.2017 09:27:02.667 GMT-0000,2664.73,2663.9500000000003,0.0021,0.0019
13.12.2017 09:27:05.209 GMT-0000,2664.73,2664.0190000000002,0.0021,0.0019
13.12.2017 09:27:05.355 GMT-0000,2664.431,2664.0190000000002,0.0016,0.0005
13.12.2017 09:27:07.579 GMT-0000,2664.431,2663.9500000000003,0.0016,0.0005
13.12.2017 09:27:09.428 GMT-0000,2664.431,2664.0190000000002,0.0016,0.0005
13.12.2017 09:27:13.807 GMT-0000,2664.431,2663.949,0.0016,0.0005
13.12.2017 09:27:15.798 GMT-0000,2664.631,2663.949,0.0021,0.0019
13.12.2017 09:27:17.937 GMT-0000,2664.7309999999998,2663.949,0.0021,0.0019
13.12.2017 09:27:45.710 GMT-0000,2664.7309999999998,2664.199,0.0016,0.0005
13.12.2017 09:27:45.774 GMT-0000,2664.7309999999998,2664.2690000000002,0.0016,0.0005
13.12.2017 09:27:51.587 GMT-0000,2664.931,2664.2690000000002,0.0021,0.0019
13.12.2017 09:27:59.283 GMT-0000,2664.931,2664.5690000000004,0.0016,0.0005
13.12.2017 09:27:59.439 GMT-0000,2665.23,2664.77,0.0016,0.0005
13.12.2017 09:27:59.490 GMT-0000,2665.23,2664.57,0.0021,0.0019
13.12.2017 09:28:01.305 GMT-0000,2665.23,2664.449,0.0021,0.0019
13.12.2017 09:28:05.858 GMT-0000,2665.23,2664.5190000000002,0.0021,0.0019
13.12.2017 09:28:05.975 GMT-0000,2664.93,2664.5190000000002,0.0016,0.0005
13.12.2017 09:28:19.610 GMT-0000,2664.93,2664.32,0.0021,0.0005
13.12.2017 09:28:19.717 GMT-0000,2664.93,2664.37,0.0016,0.0005
13.12.2017 09:28:20.147 GMT-0000,2664.93,2664.4500000000003,0.0016,0.0005
13.12.2017 09:28:20.757 GMT-0000,2664.93,2664.5190000000002,0.0016,0.0005
13.12.2017 09:28:46.349 GMT-0000,2664.93,2664.4500000000003,0.0016,0.0005
13.12.2017 09:29:18.759 GMT-0000,2664.93,2664.44,0.0016,0.0005
13.12.2017 09:29:20.518 GMT-0000,2664.93,2664.5190000000002,0.0016,0.0005
13.12.2017 09:29:20.642 GMT-0000,2664.93,2664.44,0.0016,0.0005
13.12.2017 09:29:27.718 GMT-0000,2664.93,2664.52,0.0016,0.0005
13.12.2017 09:29:35.633 GMT-0000,2664.93,2664.4390000000003,0.0016,0.0005
13.12.2017 09:29:48.280 GMT-0000,2664.93,2664.52,0.0016,0.0005
13.12.2017 09:29:57.076 GMT-0000,2664.93,2664.4390000000003,0.0016,0.0005
13.12.2017 09:29:59.361 GMT-0000,2664.93,2664.52,0.0016,0.0005
13.12.2017 09:30:00.311 GMT-0000,2664.93,2664.4390000000003,0.0016,0.0005
13.12.2017 09:30:01.922 GMT-0000,2664.93,2664.5190000000002,0.0016,0.0005
13.12.2017 09:30:01.972 GMT-0000,2664.93,2664.44,0.0016,0.0005
13.12.2017 09:30:03.706 GMT-0000,2664.93,2664.5190000000002,0.0016,0.0005
13.12.2017 09:30:03.773 GMT-0000,2664.93,2664.44,0.0016,0.0005
13.12.2017 09:30:03.824 GMT-0000,2664.93,2664.52,0.0016,0.0005
13.12.2017 09:30:04.109 GMT-0000,2664.93,2664.4390000000003,0.0016,0.0005
13.12.2017 09:30:04.916 GMT-0000,2664.93,2664.5190000000002,0.0016,0.0005
13.12.2017 09:30:06.367 GMT-0000,2664.93,2664.4390000000003,0.0016,0.0005
13.12.2017 09:30:13.290 GMT-0000,2664.93,2664.52,0.0016,0.0005
13.12.2017 09:30:14.339 GMT-0000,2664.93,2664.44,0.0016,0.0005
13.12.2017 09:30:14.390 GMT-0000,2664.93,2664.52,0.0016,0.0005
13.12.2017 09:30:16.782 GMT-0000,2664.93,2664.44,0.0016,0.0005
13.12.2017 09:30:16.849 GMT-0000,2665.23,2664.44,0.0021,0.0019
13.12.2017 09:30:17.686 GMT-0000,2665.23,2664.62,0.0016,0.0005
13.12.2017 09:30:17.736 GMT-0000,2665.23,2664.6890000000003,0.0016,0.0005
13.12.2017 09:30:17.884 GMT-0000,2665.23,2664.5690000000004,0.0021,0.0019
13.12.2017 09:30:17.935 GMT-0000,2665.23,2664.4390000000003,0.0021,0.0019
13.12.2017 09:30:17.985 GMT-0000,2665.23,2664.4700000000003,0.0021,0.0019
13.12.2017 09:30:18.036 GMT-0000,2665.23,2664.44,0.0021,0.0019
13.12.2017 09:30:21.624 GMT-0000,2665.23,2664.5190000000002,0.0021,0.0019
13.12.2017 09:30:21.737 GMT-0000,2664.931,2664.5190000000002,0.0016,0.0005
13.12.2017 09:30:23.304 GMT-0000,2664.931,2664.32,0.0021,0.0005
13.12.2017 09:30:24.617 GMT-0000,2664.931,2664.4390000000003,0.0016,0.0005
13.12.2017 09:30:24.959 GMT-0000,2664.931,2664.52,0.0016,0.0005
13.12.2017 09:30:49.355 GMT-0000,2664.931,2664.4390000000003,0.0016,0.0005
13.12.2017 09:31:02.971 GMT-0000,2664.931,2664.3190000000004,0.0021,0.0005
13.12.2017 09:31:03.022 GMT-0000,2664.931,2664.1890000000003,0.0021,0.0019
13.12.2017 09:31:05.150 GMT-0000,2664.931,2664.2690000000002,0.0021,0.0019
13.12.2017 09:31:05.238 GMT-0000,2664.73,2664.2690000000002,0.0016,0.0005
13.12.2017 09:31:05.878 GMT-0000,2664.73,2664.19,0.0016,0.0005
13.12.2017 09:31:06.600 GMT-0000,2664.73,2664.2690000000002,0.0016,0.0005
13.12.2017 09:31:08.027 GMT-0000,2664.73,2664.1890000000003,0.0016,0.0005
13.12.2017 09:31:08.723 GMT-0000,2664.73,2664.2690000000002,0.0016,0.0005
13.12.2017 09:31:09.678 GMT-0000,2664.73,2664.19,0.0016,0.0005
13.12.2017 09:31:14.649 GMT-0000,2664.73,2664.0690000000004,0.0021,0.0019
13.12.2017 09:31:14.841 GMT-0000,2664.73,2663.94,0.0021,0.0019
13.12.2017 09:31:23.367 GMT-0000,2664.73,2664.19,0.0016,0.0005
13.12.2017 09:31:23.418 GMT-0000,2664.73,2664.2690000000002,0.0016,0.0005
