Local time,Ask,Bid,AskVolume,BidVolume
15.03.2020 22:00:37.540 GMT+0100,1.10779,1.10705,0.75,0.75
15.03.2020 22:00:40.377 GMT+0100,1.10779,1.1070600000000002,0.75,0.75
15.03.2020 22:00:41.563 GMT+0100,1.10838,1.10788,0.75,0.75
15.03.2020 22:00:44.592 GMT+0100,1.1083200000000002,1.10779,0.75,0.75
15.03.2020 22:00:44.783 GMT+0100,1.1083200000000002,1.1078100000000002,0.75,0.75
15.03.2020 22:00:44.998 GMT+0100,1.1083200000000002,1.10782,0.75,0.75
15.03.2020 22:00:45.170 GMT+0100,1.1083200000000002,1.1078299999999999,0.75,0.75
15.03.2020 22:00:45.754 GMT+0100,1.1083200000000002,1.10784,0.75,0.75
15.03.2020 22:00:45.883 GMT+0100,1.10836,1.10792,0.75,0.75
15.03.2020 22:00:45.934 GMT+0100,1.10838,1.10792,0.75,0.75
15.03.2020 22:00:46.034 GMT+0100,1.10851,1.10809,0.75,0.75
15.03.2020 22:00:46.607 GMT+0100,1.10856,1.10834,0.75,0.75
15.03.2020 22:00:47.132 GMT+0100,1.10851,1.10833,0.75,0.75
15.03.2020 22:00:47.183 GMT+0100,1.1085500000000001,1.10833,0.75,0.75
15.03.2020 22:00:48.013 GMT+0100,1.10851,1.1083200000000002,0.75,0.75
15.03.2020 22:00:48.063 GMT+0100,1.10851,1.10809,0.75,0.75
15.03.2020 22:00:49.152 GMT+0100,1.1085200000000002,1.10819,0.75,0.75
15.03.2020 22:00:49.202 GMT+0100,1.1086200000000002,1.10819,0.75,0.75
15.03.2020 22:00:49.354 GMT+0100,1.1087200000000001,1.10828,0.75,0.75
15.03.2020 22:00:49.507 GMT+0100,1.1087600000000002,1.1084,0.75,0.75
15.03.2020 22:00:49.558 GMT+0100,1.1090600000000002,1.1084,0.75,0.75
15.03.2020 22:00:53.052 GMT+0100,1.1099100000000002,1.1091900000000001,0.75,0.75
15.03.2020 22:00:54.965 GMT+0100,1.1099100000000002,1.1091900000000001,0.75,0.75
15.03.2020 22:00:55.779 GMT+0100,1.10999,1.10925,0.75,0.75
15.03.2020 22:00:55.892 GMT+0100,1.1101,1.10989,0.75,0.75
15.03.2020 22:00:55.942 GMT+0100,1.1101,1.1098700000000001,0.75,0.75
15.03.2020 22:00:55.993 GMT+0100,1.1102200000000002,1.1098700000000001,0.75,0.75
15.03.2020 22:00:56.809 GMT+0100,1.1102100000000001,1.1098700000000001,0.75,0.75
15.03.2020 22:00:57.543 GMT+0100,1.1105500000000001,1.1100200000000002,0.75,0.75
15.03.2020 22:00:57.646 GMT+0100,1.1105500000000001,1.11019,0.75,0.75
15.03.2020 22:00:58.024 GMT+0100,1.11054,1.11019,0.75,0.75
15.03.2020 22:00:58.153 GMT+0100,1.11049,1.11017,0.75,0.75
15.03.2020 22:00:59.778 GMT+0100,1.11048,1.11017,0.75,0.75
15.03.2020 22:01:00.447 GMT+0100,1.11049,1.11018,0.75,0.75
15.03.2020 22:01:01.084 GMT+0100,1.11048,1.11018,0.75,0.75
15.03.2020 22:01:01.235 GMT+0100,1.11091,1.11036,0.75,0.75
15.03.2020 22:01:01.285 GMT+0100,1.1109700000000002,1.11056,0.75,0.75
15.03.2020 22:01:01.543 GMT+0100,1.11099,1.11058,0.75,0.75
15.03.2020 22:01:04.753 GMT+0100,1.11098,1.11058,0.75,0.75
15.03.2020 22:01:05.659 GMT+0100,1.11122,1.11066,0.75,0.75
15.03.2020 22:01:05.810 GMT+0100,1.1111600000000001,1.1106200000000002,0.75,0.75
15.03.2020 22:01:06.598 GMT+0100,1.11122,1.11066,0.75,0.75
15.03.2020 22:01:09.443 GMT+0100,1.1112600000000001,1.11094,0.75,0.75
15.03.2020 22:01:09.493 GMT+0100,1.11163,1.11122,0.75,0.75
15.03.2020 22:01:09.544 GMT+0100,1.1117000000000001,1.11122,0.75,0.75
15.03.2020 22:01:10.277 GMT+0100,1.11179,1.11133,0.75,0.75
15.03.2020 22:01:10.377 GMT+0100,1.1124200000000002,1.11186,0.75,0.75
15.03.2020 22:01:10.490 GMT+0100,1.1124200000000002,1.11189,0.75,0.75
15.03.2020 22:01:10.616 GMT+0100,1.11237,1.1118700000000001,0.75,0.75
15.03.2020 22:01:10.666 GMT+0100,1.1124100000000001,1.11189,0.75,0.75
15.03.2020 22:01:10.767 GMT+0100,1.1124200000000002,1.11186,0.75,0.75
15.03.2020 22:01:12.120 GMT+0100,1.1124100000000001,1.11209,0.75,0.75
15.03.2020 22:01:12.221 GMT+0100,1.11238,1.11209,0.75,0.75
15.03.2020 22:01:12.372 GMT+0100,1.11233,1.1120700000000001,0.75,0.75
15.03.2020 22:01:12.623 GMT+0100,1.1123200000000002,1.1120700000000001,0.75,0.75
15.03.2020 22:01:12.878 GMT+0100,1.11238,1.11205,1.5,0.75
15.03.2020 22:01:12.986 GMT+0100,1.11238,1.11174,0.75,0.75
15.03.2020 22:01:13.087 GMT+0100,1.1124200000000002,1.11174,0.75,0.75
15.03.2020 22:01:13.199 GMT+0100,1.11251,1.1117000000000001,0.75,0.75
15.03.2020 22:01:13.467 GMT+0100,1.1128,1.11196,0.75,0.75
15.03.2020 22:01:13.567 GMT+0100,1.1128200000000001,1.11196,0.75,0.75
15.03.2020 22:01:14.504 GMT+0100,1.1126500000000001,1.11196,0.75,0.75
15.03.2020 22:01:14.711 GMT+0100,1.11301,1.1127200000000002,0.75,0.75
15.03.2020 22:01:14.761 GMT+0100,1.11301,1.11269,0.75,0.75
15.03.2020 22:01:14.812 GMT+0100,1.11301,1.1126500000000001,0.75,0.75
15.03.2020 22:01:14.950 GMT+0100,1.1131700000000002,1.11264,0.75,0.75
15.03.2020 22:01:15.001 GMT+0100,1.11312,1.11264,0.75,0.75
15.03.2020 22:01:15.370 GMT+0100,1.1131600000000001,1.11264,1.5,0.75
15.03.2020 22:01:15.486 GMT+0100,1.1132,1.11264,1.5,0.75
15.03.2020 22:01:22.788 GMT+0100,1.11308,1.1129600000000002,0.86,0.75
15.03.2020 22:01:22.889 GMT+0100,1.11308,1.1129700000000002,0.86,0.75
15.03.2020 22:01:23.042 GMT+0100,1.11308,1.1129600000000002,0.86,0.75
15.03.2020 22:01:23.093 GMT+0100,1.11308,1.11293,0.86,1.5
15.03.2020 22:01:23.795 GMT+0100,1.11308,1.1130700000000002,0.11,0.75
15.03.2020 22:01:25.761 GMT+0100,1.1137299999999999,1.11342,0.86,0.75
15.03.2020 22:01:26.064 GMT+0100,1.1137299999999999,1.11341,0.86,0.75
15.03.2020 22:01:26.250 GMT+0100,1.1137299999999999,1.1134,0.86,0.75
15.03.2020 22:01:27.444 GMT+0100,1.1137299999999999,1.11334,0.86,0.75
15.03.2020 22:02:05.533 GMT+0100,1.1111600000000001,1.11101,0.75,1.5
15.03.2020 22:02:05.634 GMT+0100,1.11151,1.111,0.75,0.75
15.03.2020 22:02:05.790 GMT+0100,1.1115000000000002,1.111,0.75,0.75
15.03.2020 22:02:06.010 GMT+0100,1.11153,1.11101,0.75,0.75
15.03.2020 22:02:06.122 GMT+0100,1.11153,1.11111,0.75,0.75
15.03.2020 22:02:06.273 GMT+0100,1.11153,1.1111,0.75,0.75
15.03.2020 22:02:06.323 GMT+0100,1.1115000000000002,1.111,0.75,0.75
15.03.2020 22:02:06.373 GMT+0100,1.11153,1.11111,0.75,0.75
15.03.2020 22:02:06.515 GMT+0100,1.1114700000000002,1.111,0.75,0.75
15.03.2020 22:02:06.744 GMT+0100,1.1114600000000001,1.111,0.75,0.75
15.03.2020 22:02:06.985 GMT+0100,1.11145,1.111,0.75,0.75
15.03.2020 22:02:07.036 GMT+0100,1.11148,1.11104,0.75,0.75
15.03.2020 22:02:07.141 GMT+0100,1.11145,1.1110200000000001,0.75,0.75
15.03.2020 22:02:07.572 GMT+0100,1.11144,1.1110200000000001,0.75,0.75
15.03.2020 22:02:07.787 GMT+0100,1.11153,1.1111,0.75,0.75
15.03.2020 22:02:07.837 GMT+0100,1.11153,1.11148,0.75,0.75
15.03.2020 22:02:07.991 GMT+0100,1.11268,1.1118100000000002,0.75,0.75
15.03.2020 22:02:52.827 GMT+0100,1.1120100000000002,1.11149,0.75,0.75
15.03.2020 22:02:55.441 GMT+0100,1.11199,1.1114600000000001,0.75,0.75
15.03.2020 22:02:55.492 GMT+0100,1.11199,1.11143,0.75,0.75
15.03.2020 22:03:01.882 GMT+0100,1.11251,1.11179,0.75,0.75
15.03.2020 22:03:02.034 GMT+0100,1.1124500000000002,1.11168,0.75,0.75
15.03.2020 22:03:02.085 GMT+0100,1.11248,1.11174,0.75,0.75
15.03.2020 22:03:02.353 GMT+0100,1.1125200000000002,1.11174,0.75,0.75
15.03.2020 22:03:03.432 GMT+0100,1.1124500000000002,1.11169,0.75,0.75
15.03.2020 22:03:03.583 GMT+0100,1.11248,1.11174,0.75,0.75
15.03.2020 22:03:05.792 GMT+0100,1.1124500000000002,1.1117000000000001,0.75,0.75
15.03.2020 22:03:06.042 GMT+0100,1.11248,1.11175,0.75,0.75
15.03.2020 22:03:06.187 GMT+0100,1.1125200000000002,1.11174,0.75,0.75
15.03.2020 22:03:09.227 GMT+0100,1.11365,1.1129,0.75,0.75
15.03.2020 22:03:09.278 GMT+0100,1.11365,1.1129700000000002,0.75,0.75
15.03.2020 22:03:09.457 GMT+0100,1.1131900000000001,1.1129700000000002,0.75,0.75
15.03.2020 22:03:09.508 GMT+0100,1.11362,1.1129700000000002,0.75,0.75
15.03.2020 22:03:10.299 GMT+0100,1.11362,1.11287,0.75,0.75
15.03.2020 22:03:10.981 GMT+0100,1.11359,1.11284,0.75,0.75
15.03.2020 22:03:11.651 GMT+0100,1.11352,1.11277,0.75,0.75
15.03.2020 22:03:13.211 GMT+0100,1.11289,1.1124,0.75,0.37
15.03.2020 22:03:13.299 GMT+0100,1.11289,1.1123,0.75,0.75
15.03.2020 22:03:13.564 GMT+0100,1.11294,1.11238,0.75,0.75
15.03.2020 22:03:14.622 GMT+0100,1.1129700000000002,1.11236,0.75,0.75
15.03.2020 22:03:42.970 GMT+0100,1.1137100000000002,1.11295,0.75,0.75
15.03.2020 22:03:43.126 GMT+0100,1.1137000000000001,1.11295,0.75,0.75
15.03.2020 22:03:43.992 GMT+0100,1.1137100000000002,1.11295,0.75,0.75
15.03.2020 22:03:44.368 GMT+0100,1.1137299999999999,1.11363,1.5,0.75
15.03.2020 22:03:44.519 GMT+0100,1.1137299999999999,1.11364,0.75,0.75
15.03.2020 22:03:44.670 GMT+0100,1.1137299999999999,1.11363,0.75,0.75
15.03.2020 22:03:44.871 GMT+0100,1.1137299999999999,1.11364,0.75,0.75
15.03.2020 22:03:45.247 GMT+0100,1.1137299999999999,1.11363,0.75,0.75
15.03.2020 22:03:45.711 GMT+0100,1.1137299999999999,1.11363,0.75,0.75
15.03.2020 22:03:45.822 GMT+0100,1.1137299999999999,1.11362,0.75,0.75
15.03.2020 22:03:46.549 GMT+0100,1.1137299999999999,1.11362,0.75,0.75
15.03.2020 22:03:50.626 GMT+0100,1.1138299999999999,1.11368,0.75,0.75
15.03.2020 22:03:50.717 GMT+0100,1.1138299999999999,1.11372,0.75,0.75
15.03.2020 22:03:54.069 GMT+0100,1.1138299999999999,1.11368,0.75,0.75
15.03.2020 22:03:55.207 GMT+0100,1.1138299999999999,1.11364,0.75,1.5
15.03.2020 22:03:55.398 GMT+0100,1.11382,1.11364,0.75,0.75
15.03.2020 22:03:55.448 GMT+0100,1.1137700000000001,1.11364,0.75,0.75
15.03.2020 22:03:56.881 GMT+0100,1.11386,1.11364,1.5,0.75
15.03.2020 22:03:56.931 GMT+0100,1.11386,1.11368,0.75,0.75
15.03.2020 22:03:57.167 GMT+0100,1.11386,1.11374,0.75,0.75
15.03.2020 22:03:57.218 GMT+0100,1.1140200000000002,1.11374,0.75,0.75
15.03.2020 22:03:57.813 GMT+0100,1.11398,1.11352,0.75,0.75
15.03.2020 22:03:59.602 GMT+0100,1.11393,1.1130700000000002,0.75,0.75
15.03.2020 22:03:59.653 GMT+0100,1.11389,1.1130700000000002,0.75,0.75
15.03.2020 22:03:59.754 GMT+0100,1.11393,1.11315,0.75,0.75
15.03.2020 22:04:00.759 GMT+0100,1.11393,1.11304,0.75,0.75
15.03.2020 22:04:00.993 GMT+0100,1.11393,1.1133700000000002,0.75,0.75
15.03.2020 22:04:03.036 GMT+0100,1.11393,1.1133600000000001,0.75,0.75
15.03.2020 22:04:10.829 GMT+0100,1.11393,1.1133700000000002,0.75,0.75
15.03.2020 22:04:10.930 GMT+0100,1.11393,1.1133600000000001,0.75,0.75
15.03.2020 22:04:13.188 GMT+0100,1.11365,1.1133600000000001,0.19,0.75
15.03.2020 22:04:33.352 GMT+0100,1.11365,1.1132700000000002,0.19,0.75
15.03.2020 22:04:33.402 GMT+0100,1.1134700000000002,1.1133600000000001,0.75,0.75
15.03.2020 22:04:33.452 GMT+0100,1.11365,1.1133600000000001,0.19,0.75
15.03.2020 22:05:09.922 GMT+0100,1.11484,1.11468,0.19,0.75
15.03.2020 22:05:10.074 GMT+0100,1.1147500000000001,1.11461,0.19,0.75
15.03.2020 22:05:10.125 GMT+0100,1.11459,1.11416,0.19,0.37
15.03.2020 22:05:10.176 GMT+0100,1.1147200000000002,1.11416,0.19,0.37
15.03.2020 22:05:10.227 GMT+0100,1.1147200000000002,1.11419,0.19,0.37
15.03.2020 22:05:10.328 GMT+0100,1.11484,1.11468,0.19,0.75
15.03.2020 22:05:10.631 GMT+0100,1.11484,1.11469,0.19,0.75
15.03.2020 22:05:10.733 GMT+0100,1.11484,1.11468,0.19,0.75
15.03.2020 22:05:13.755 GMT+0100,1.1149200000000001,1.1147200000000002,0.19,0.75
15.03.2020 22:05:17.027 GMT+0100,1.1148,1.11414,0.19,0.75
15.03.2020 22:05:17.128 GMT+0100,1.1148,1.11467,0.19,0.75
15.03.2020 22:05:17.179 GMT+0100,1.11493,1.1147200000000002,0.19,0.75
15.03.2020 22:05:20.221 GMT+0100,1.11493,1.11463,0.19,0.75
15.03.2020 22:05:20.272 GMT+0100,1.11491,1.11463,0.19,0.75
15.03.2020 22:05:20.323 GMT+0100,1.1148500000000001,1.1144,0.19,0.75
15.03.2020 22:05:20.374 GMT+0100,1.11493,1.1147200000000002,0.19,0.75
15.03.2020 22:05:20.842 GMT+0100,1.11493,1.11466,0.19,0.75
15.03.2020 22:05:20.893 GMT+0100,1.1148500000000001,1.1144,0.19,0.75
15.03.2020 22:05:20.994 GMT+0100,1.1148500000000001,1.1147200000000002,0.19,0.75
15.03.2020 22:05:21.045 GMT+0100,1.11493,1.1147200000000002,0.19,0.75
15.03.2020 22:05:23.441 GMT+0100,1.1148500000000001,1.1144200000000002,0.19,0.75
15.03.2020 22:05:23.492 GMT+0100,1.1148500000000001,1.11439,0.19,0.75
15.03.2020 22:05:23.593 GMT+0100,1.11493,1.1147200000000002,0.19,0.75
15.03.2020 22:05:26.382 GMT+0100,1.11497,1.11474,0.19,0.75
15.03.2020 22:05:26.735 GMT+0100,1.11501,1.1147600000000002,0.19,0.75
15.03.2020 22:05:27.138 GMT+0100,1.11514,1.1150200000000001,0.94,0.75
15.03.2020 22:05:27.340 GMT+0100,1.1151200000000001,1.1150200000000001,0.19,1.5
15.03.2020 22:05:27.443 GMT+0100,1.11514,1.1150200000000001,0.94,0.75
15.03.2020 22:05:27.544 GMT+0100,1.11514,1.11504,0.75,0.75
15.03.2020 22:05:27.960 GMT+0100,1.11514,1.1151,0.75,0.75
15.03.2020 22:05:30.374 GMT+0100,1.11514,1.11509,0.75,0.75
15.03.2020 22:05:31.457 GMT+0100,1.11514,1.1151,0.75,0.75
15.03.2020 22:05:32.171 GMT+0100,1.11514,1.1150200000000001,0.94,0.75
15.03.2020 22:05:32.322 GMT+0100,1.11514,1.1147600000000002,0.94,0.75
15.03.2020 22:05:35.530 GMT+0100,1.1147600000000002,1.11467,0.75,0.19
15.03.2020 22:05:35.581 GMT+0100,1.11514,1.11477,0.94,0.75
15.03.2020 22:05:36.832 GMT+0100,1.11514,1.11469,0.94,0.75
15.03.2020 22:05:36.883 GMT+0100,1.11514,1.1145500000000002,0.75,0.75
15.03.2020 22:05:36.984 GMT+0100,1.11514,1.1147500000000001,0.94,0.75
15.03.2020 22:05:44.428 GMT+0100,1.11534,1.11483,0.75,0.75
15.03.2020 22:05:45.163 GMT+0100,1.11534,1.1147500000000001,0.75,0.75
15.03.2020 22:05:45.214 GMT+0100,1.11534,1.1146200000000002,0.75,0.75
15.03.2020 22:05:45.315 GMT+0100,1.11534,1.11483,0.75,0.75
15.03.2020 22:05:53.262 GMT+0100,1.11535,1.11483,0.19,0.75
15.03.2020 22:06:01.421 GMT+0100,1.11509,1.11483,0.19,0.75
15.03.2020 22:06:01.472 GMT+0100,1.11518,1.11483,0.19,0.75
15.03.2020 22:06:06.891 GMT+0100,1.11518,1.11489,0.19,0.75
15.03.2020 22:06:06.942 GMT+0100,1.11535,1.11489,0.19,0.75
15.03.2020 22:06:07.059 GMT+0100,1.11579,1.11572,0.21,0.75
15.03.2020 22:06:07.110 GMT+0100,1.11614,1.1158100000000002,0.19,0.75
15.03.2020 22:06:16.217 GMT+0100,1.11614,1.11574,0.19,0.75
15.03.2020 22:06:16.268 GMT+0100,1.1158000000000001,1.11572,0.0187,0.75
15.03.2020 22:06:21.693 GMT+0100,1.11593,1.11572,0.19,0.75
15.03.2020 22:06:22.073 GMT+0100,1.11584,1.11539,0.19,0.75
15.03.2020 22:06:25.827 GMT+0100,1.11584,1.1152900000000001,0.19,4.05
15.03.2020 22:06:25.877 GMT+0100,1.1162100000000001,1.1157000000000001,0.1,0.75
15.03.2020 22:06:26.029 GMT+0100,1.1162100000000001,1.11613,0.1,0.75
15.03.2020 22:06:26.206 GMT+0100,1.1162100000000001,1.11614,0.1,0.75
15.03.2020 22:06:27.583 GMT+0100,1.1162100000000001,1.1161100000000002,0.1,0.75
15.03.2020 22:06:27.684 GMT+0100,1.1162100000000001,1.11606,0.1,0.75
15.03.2020 22:06:29.615 GMT+0100,1.1162100000000001,1.11604,0.1,0.19
15.03.2020 22:06:29.924 GMT+0100,1.1162100000000001,1.1160200000000002,0.1,0.75
15.03.2020 22:06:31.751 GMT+0100,1.1162100000000001,1.11608,0.1,0.75
15.03.2020 22:06:40.167 GMT+0100,1.1162200000000002,1.11613,0.075,0.75
15.03.2020 22:06:43.773 GMT+0100,1.1162100000000001,1.11608,0.075,0.75
15.03.2020 22:06:43.879 GMT+0100,1.11625,1.1161200000000002,0.075,0.75
15.03.2020 22:06:43.980 GMT+0100,1.1163100000000001,1.11616,0.075,0.75
15.03.2020 22:06:45.053 GMT+0100,1.11629,1.1161,0.075,5.77
15.03.2020 22:06:45.104 GMT+0100,1.11673,1.1165200000000002,0.19,0.75
15.03.2020 22:06:45.155 GMT+0100,1.11673,1.1165,0.19,0.75
15.03.2020 22:06:45.995 GMT+0100,1.1167600000000002,1.11654,0.19,0.19
15.03.2020 22:06:50.359 GMT+0100,1.1168,1.1165500000000002,0.19,0.19
15.03.2020 22:06:50.410 GMT+0100,1.11689,1.1167600000000002,0.94,0.19
15.03.2020 22:06:50.511 GMT+0100,1.11708,1.11687,0.75,0.19
15.03.2020 22:06:50.562 GMT+0100,1.11708,1.11677,0.75,0.19
15.03.2020 22:06:50.613 GMT+0100,1.11708,1.1169200000000001,0.75,0.19
15.03.2020 22:06:50.663 GMT+0100,1.11708,1.11687,0.75,0.19
15.03.2020 22:06:51.074 GMT+0100,1.11708,1.1169200000000001,0.75,0.19
15.03.2020 22:06:51.282 GMT+0100,1.11713,1.1169200000000001,0.75,0.19
15.03.2020 22:06:51.383 GMT+0100,1.1173,1.1170200000000001,0.19,0.75
15.03.2020 22:06:51.639 GMT+0100,1.1173,1.117,0.19,0.75
15.03.2020 22:06:54.473 GMT+0100,1.1173,1.11697,0.19,0.75
15.03.2020 22:06:54.797 GMT+0100,1.11735,1.11724,0.75,0.75
15.03.2020 22:06:54.948 GMT+0100,1.1172900000000001,1.11693,0.19,0.19
15.03.2020 22:06:58.301 GMT+0100,1.1172900000000001,1.11687,0.19,1.5
15.03.2020 22:06:58.352 GMT+0100,1.1172900000000001,1.11677,0.19,0.75
15.03.2020 22:06:58.453 GMT+0100,1.1172900000000001,1.11669,0.19,0.19
15.03.2020 22:06:58.554 GMT+0100,1.1172900000000001,1.1167,0.19,0.75
15.03.2020 22:06:59.230 GMT+0100,1.1169,1.1167,0.37,0.75
15.03.2020 22:07:00.894 GMT+0100,1.11671,1.11649,0.37,0.75
15.03.2020 22:07:00.944 GMT+0100,1.11648,1.11608,0.75,0.75
15.03.2020 22:07:01.045 GMT+0100,1.11643,1.11608,0.75,0.75
15.03.2020 22:07:01.197 GMT+0100,1.11634,1.11608,0.19,0.75
15.03.2020 22:07:03.055 GMT+0100,1.11634,1.1161,0.19,0.75
15.03.2020 22:07:07.078 GMT+0100,1.11634,1.1161200000000002,0.19,0.75
15.03.2020 22:07:11.543 GMT+0100,1.1159100000000002,1.11574,0.19,0.75
15.03.2020 22:07:11.644 GMT+0100,1.1159100000000002,1.11531,0.19,0.75
15.03.2020 22:07:11.695 GMT+0100,1.11585,1.11531,0.19,0.75
15.03.2020 22:07:13.310 GMT+0100,1.11585,1.11535,0.19,0.75
15.03.2020 22:07:13.892 GMT+0100,1.11585,1.11545,0.19,0.75
15.03.2020 22:07:13.943 GMT+0100,1.11619,1.11545,0.19,0.75
15.03.2020 22:07:14.044 GMT+0100,1.11619,1.1155000000000002,0.19,0.75
15.03.2020 22:07:14.414 GMT+0100,1.11638,1.1155000000000002,0.19,0.75
15.03.2020 22:07:17.882 GMT+0100,1.1158000000000001,1.1153700000000002,0.75,0.75
15.03.2020 22:07:17.933 GMT+0100,1.11558,1.1151600000000002,0.75,0.75
15.03.2020 22:07:17.983 GMT+0100,1.1155000000000002,1.1151600000000002,0.19,0.75
15.03.2020 22:07:18.095 GMT+0100,1.1155000000000002,1.1151700000000002,0.19,0.75
15.03.2020 22:07:18.608 GMT+0100,1.11599,1.11531,0.19,0.75
15.03.2020 22:07:19.043 GMT+0100,1.11599,1.11539,0.19,0.75
15.03.2020 22:07:19.390 GMT+0100,1.11599,1.11535,0.19,0.75
15.03.2020 22:07:21.051 GMT+0100,1.11599,1.11543,0.19,0.75
15.03.2020 22:07:21.205 GMT+0100,1.11599,1.1155000000000002,0.19,0.75
15.03.2020 22:07:21.382 GMT+0100,1.11599,1.11556,0.19,0.75
15.03.2020 22:07:22.435 GMT+0100,1.11599,1.11563,0.19,0.75
15.03.2020 22:07:22.586 GMT+0100,1.11599,1.11561,0.19,0.75
15.03.2020 22:07:22.647 GMT+0100,1.11599,1.1156700000000002,0.19,0.75
15.03.2020 22:07:22.748 GMT+0100,1.116,1.1156700000000002,0.19,0.75
15.03.2020 22:07:23.003 GMT+0100,1.11599,1.11574,0.19,0.75
15.03.2020 22:07:23.205 GMT+0100,1.116,1.1158100000000002,0.19,0.75
15.03.2020 22:07:23.425 GMT+0100,1.11599,1.1158700000000001,0.19,0.75
15.03.2020 22:07:23.668 GMT+0100,1.11599,1.11592,0.19,0.75
15.03.2020 22:07:23.718 GMT+0100,1.11605,1.11593,0.19,0.75
15.03.2020 22:07:23.962 GMT+0100,1.11634,1.11614,0.75,0.75
15.03.2020 22:07:24.013 GMT+0100,1.11639,1.11614,0.19,0.75
15.03.2020 22:07:26.838 GMT+0100,1.11639,1.11617,0.19,0.75
15.03.2020 22:07:26.888 GMT+0100,1.1165,1.11617,0.19,0.75
15.03.2020 22:07:26.998 GMT+0100,1.11671,1.1164200000000002,0.37,0.75
15.03.2020 22:07:27.099 GMT+0100,1.1167500000000001,1.1165200000000002,0.37,0.75
15.03.2020 22:07:27.150 GMT+0100,1.1171,1.11689,0.75,0.75
15.03.2020 22:07:27.201 GMT+0100,1.11722,1.11689,0.75,0.75
15.03.2020 22:07:27.684 GMT+0100,1.11722,1.11677,0.75,0.75
15.03.2020 22:07:28.467 GMT+0100,1.11722,1.11669,0.75,0.75
15.03.2020 22:07:28.518 GMT+0100,1.1171,1.11637,0.75,0.75
15.03.2020 22:07:28.569 GMT+0100,1.1171,1.1164100000000001,0.75,0.75
15.03.2020 22:07:28.672 GMT+0100,1.1170700000000002,1.1164100000000001,0.75,0.75
15.03.2020 22:07:28.818 GMT+0100,1.1172,1.1164100000000001,0.75,0.75
15.03.2020 22:07:31.778 GMT+0100,1.11728,1.1164100000000001,0.19,0.75
15.03.2020 22:07:44.707 GMT+0100,1.11683,1.11628,0.75,0.75
15.03.2020 22:07:44.809 GMT+0100,1.11654,1.11618,0.75,0.75
15.03.2020 22:07:44.910 GMT+0100,1.11643,1.11618,0.19,0.75
15.03.2020 22:07:45.043 GMT+0100,1.11643,1.11613,0.19,0.75
15.03.2020 22:07:49.946 GMT+0100,1.11643,1.1160700000000001,0.19,0.19
15.03.2020 22:07:50.561 GMT+0100,1.11643,1.11608,0.19,0.75
15.03.2020 22:07:54.191 GMT+0100,1.11643,1.1160700000000001,0.19,0.19
15.03.2020 22:07:54.454 GMT+0100,1.1165100000000001,1.11614,0.75,0.19
15.03.2020 22:07:55.133 GMT+0100,1.1167200000000002,1.11643,0.75,0.19
15.03.2020 22:07:55.184 GMT+0100,1.11653,1.11618,0.19,0.75
15.03.2020 22:07:55.695 GMT+0100,1.11653,1.11619,0.19,0.75
15.03.2020 22:07:59.204 GMT+0100,1.11653,1.1162200000000002,0.19,0.75
15.03.2020 22:08:04.427 GMT+0100,1.11684,1.1165200000000002,0.75,0.75
15.03.2020 22:08:04.528 GMT+0100,1.117,1.1165200000000002,0.75,0.75
15.03.2020 22:08:11.422 GMT+0100,1.117,1.11643,0.75,0.19
15.03.2020 22:08:11.473 GMT+0100,1.1170600000000002,1.11639,0.19,0.75
15.03.2020 22:08:11.524 GMT+0100,1.11703,1.11639,0.75,0.75
15.03.2020 22:08:12.685 GMT+0100,1.11703,1.1163,0.75,0.75
15.03.2020 22:08:12.736 GMT+0100,1.11703,1.11628,0.75,0.19
15.03.2020 22:08:19.033 GMT+0100,1.1170200000000001,1.11628,0.75,0.19
15.03.2020 22:08:19.483 GMT+0100,1.11703,1.11628,0.75,0.19
15.03.2020 22:08:22.938 GMT+0100,1.1168799999999999,1.11628,0.75,0.19
15.03.2020 22:08:23.039 GMT+0100,1.11653,1.11614,0.19,0.19
15.03.2020 22:08:28.379 GMT+0100,1.1167500000000001,1.11623,0.75,0.19
15.03.2020 22:08:28.480 GMT+0100,1.11683,1.11623,0.75,0.19
15.03.2020 22:08:28.581 GMT+0100,1.11684,1.11623,0.75,0.19
15.03.2020 22:08:30.174 GMT+0100,1.117,1.11628,0.75,0.19
15.03.2020 22:08:30.225 GMT+0100,1.1164200000000002,1.1161100000000002,0.19,0.19
15.03.2020 22:08:30.657 GMT+0100,1.1164100000000001,1.1161100000000002,0.75,0.19
15.03.2020 22:08:30.759 GMT+0100,1.11619,1.1160100000000002,0.75,0.19
15.03.2020 22:08:30.916 GMT+0100,1.1162,1.1160100000000002,0.75,0.19
15.03.2020 22:08:31.017 GMT+0100,1.11619,1.1160100000000002,0.75,0.19
15.03.2020 22:08:31.268 GMT+0100,1.11634,1.11628,0.75,0.19
15.03.2020 22:08:31.319 GMT+0100,1.11617,1.1160100000000002,0.75,0.19
15.03.2020 22:08:31.370 GMT+0100,1.11619,1.1160100000000002,0.75,0.19
15.03.2020 22:08:31.420 GMT+0100,1.11659,1.1162,0.75,0.19
15.03.2020 22:08:38.961 GMT+0100,1.11664,1.1162,0.75,0.19
15.03.2020 22:08:39.012 GMT+0100,1.1167200000000002,1.11628,0.0187,0.19
15.03.2020 22:08:46.532 GMT+0100,1.1165100000000001,1.11628,0.75,0.19
15.03.2020 22:08:46.583 GMT+0100,1.1165100000000001,1.11614,0.75,0.19
15.03.2020 22:08:54.650 GMT+0100,1.11617,1.11614,0.75,0.19
15.03.2020 22:08:54.701 GMT+0100,1.1162100000000001,1.11614,0.75,0.19
15.03.2020 22:08:55.007 GMT+0100,1.11615,1.1159700000000001,0.19,0.94
15.03.2020 22:08:55.159 GMT+0100,1.11643,1.11614,0.75,0.19
15.03.2020 22:08:55.209 GMT+0100,1.11614,1.1159700000000001,0.19,0.94
15.03.2020 22:08:55.361 GMT+0100,1.1164200000000002,1.11614,0.75,0.19
15.03.2020 22:08:55.411 GMT+0100,1.11606,1.1158700000000001,0.75,0.75
15.03.2020 22:08:55.462 GMT+0100,1.11614,1.11578,0.37,0.75
15.03.2020 22:08:55.513 GMT+0100,1.1164200000000002,1.11584,0.75,0.37
15.03.2020 22:08:55.564 GMT+0100,1.11614,1.11596,0.19,0.75
15.03.2020 22:08:55.614 GMT+0100,1.1163100000000001,1.11599,0.75,0.75
15.03.2020 22:08:55.665 GMT+0100,1.11619,1.11606,0.75,0.75
15.03.2020 22:08:55.718 GMT+0100,1.1165100000000001,1.11606,0.75,0.75
15.03.2020 22:08:55.768 GMT+0100,1.1165100000000001,1.11614,0.75,0.19
15.03.2020 22:08:55.883 GMT+0100,1.11614,1.11598,0.19,0.75
15.03.2020 22:08:55.933 GMT+0100,1.1164500000000002,1.11614,0.37,0.19
15.03.2020 22:08:55.984 GMT+0100,1.1165100000000001,1.11614,0.75,0.19
15.03.2020 22:08:58.058 GMT+0100,1.11653,1.11614,0.94,0.19
15.03.2020 22:08:59.336 GMT+0100,1.11614,1.11598,0.19,0.94
15.03.2020 22:08:59.387 GMT+0100,1.11644,1.11614,0.37,0.19
15.03.2020 22:08:59.438 GMT+0100,1.11653,1.11614,0.94,0.19
15.03.2020 22:09:04.135 GMT+0100,1.1166200000000002,1.11628,0.0187,0.19
15.03.2020 22:09:04.267 GMT+0100,1.1166200000000002,1.11656,0.0187,0.75
15.03.2020 22:09:04.318 GMT+0100,1.11703,1.11664,1.05,0.19
15.03.2020 22:09:04.520 GMT+0100,1.1166200000000002,1.1163200000000002,0.0187,0.19
15.03.2020 22:09:04.681 GMT+0100,1.1166200000000002,1.11628,0.0187,0.19
15.03.2020 22:09:05.595 GMT+0100,1.1166200000000002,1.11623,0.0187,0.19
15.03.2020 22:09:13.348 GMT+0100,1.1166200000000002,1.11627,0.0187,0.19
15.03.2020 22:09:13.398 GMT+0100,1.1166200000000002,1.11623,0.0187,0.19
15.03.2020 22:09:13.499 GMT+0100,1.1166200000000002,1.11627,0.0187,0.19
15.03.2020 22:09:13.708 GMT+0100,1.1166200000000002,1.11628,0.0187,0.19
15.03.2020 22:09:14.598 GMT+0100,1.11658,1.11615,0.19,0.19
15.03.2020 22:09:18.270 GMT+0100,1.1165100000000001,1.11615,0.1,0.19
15.03.2020 22:09:18.371 GMT+0100,1.1165100000000001,1.11627,0.1,0.19
15.03.2020 22:09:18.643 GMT+0100,1.11653,1.1163,0.075,0.19
15.03.2020 22:09:18.694 GMT+0100,1.11654,1.11628,0.075,0.19
15.03.2020 22:09:19.702 GMT+0100,1.11644,1.11613,0.75,0.75
15.03.2020 22:09:19.803 GMT+0100,1.11644,1.1161200000000002,0.75,0.19
15.03.2020 22:09:19.854 GMT+0100,1.1164200000000002,1.1161100000000002,0.19,0.19
15.03.2020 22:09:19.904 GMT+0100,1.1165100000000001,1.11615,0.1,0.19
15.03.2020 22:09:19.955 GMT+0100,1.1165100000000001,1.11627,0.1,0.19
15.03.2020 22:09:20.678 GMT+0100,1.11671,1.1165500000000002,0.0187,0.75
15.03.2020 22:09:20.780 GMT+0100,1.1166200000000002,1.11638,0.0187,0.37
15.03.2020 22:09:20.881 GMT+0100,1.1166200000000002,1.11628,0.0187,0.19
15.03.2020 22:09:24.640 GMT+0100,1.11658,1.11615,0.19,0.19
15.03.2020 22:09:24.842 GMT+0100,1.1166200000000002,1.11628,0.0187,0.19
15.03.2020 22:09:26.572 GMT+0100,1.1167,1.1165100000000001,0.0187,0.75
15.03.2020 22:09:26.673 GMT+0100,1.11703,1.11664,0.94,0.19
15.03.2020 22:09:29.254 GMT+0100,1.1171900000000001,1.11668,0.19,0.19
15.03.2020 22:09:30.417 GMT+0100,1.1168600000000002,1.11668,0.75,0.19
15.03.2020 22:09:30.468 GMT+0100,1.1166500000000001,1.11658,0.0187,0.19
15.03.2020 22:09:30.749 GMT+0100,1.11704,1.11668,0.75,0.19
15.03.2020 22:09:30.799 GMT+0100,1.1166500000000001,1.11638,0.0187,0.37
15.03.2020 22:09:30.850 GMT+0100,1.11661,1.11633,0.0187,0.19
15.03.2020 22:09:30.951 GMT+0100,1.1167799999999999,1.11658,0.0187,0.75
15.03.2020 22:09:31.155 GMT+0100,1.1171900000000001,1.11668,0.19,0.19
15.03.2020 22:09:32.975 GMT+0100,1.11684,1.11668,0.0187,0.19
15.03.2020 22:09:39.833 GMT+0100,1.1171900000000001,1.11668,0.94,0.19
15.03.2020 22:09:39.883 GMT+0100,1.11723,1.1167600000000002,0.0187,0.19
15.03.2020 22:09:41.953 GMT+0100,1.11723,1.11673,0.0187,0.19
15.03.2020 22:10:00.905 GMT+0100,1.11658,1.1165100000000001,0.75,0.75
15.03.2020 22:10:00.956 GMT+0100,1.1169200000000001,1.11659,0.19,0.75
15.03.2020 22:10:01.057 GMT+0100,1.11701,1.11637,0.75,0.19
15.03.2020 22:10:01.107 GMT+0100,1.11723,1.1166200000000002,0.0187,0.75
15.03.2020 22:10:01.158 GMT+0100,1.11723,1.11646,0.0187,0.19
15.03.2020 22:10:01.209 GMT+0100,1.11723,1.11637,0.0187,0.19
15.03.2020 22:10:01.802 GMT+0100,1.11614,1.11603,0.75,0.94
15.03.2020 22:10:01.853 GMT+0100,1.11684,1.11637,0.19,0.19
15.03.2020 22:10:01.904 GMT+0100,1.11656,1.11637,0.75,0.19
15.03.2020 22:10:02.006 GMT+0100,1.11689,1.11637,0.75,0.19
15.03.2020 22:10:05.980 GMT+0100,1.11689,1.1165,0.75,0.0187
15.03.2020 22:10:07.429 GMT+0100,1.11689,1.11637,0.75,0.19
15.03.2020 22:10:08.805 GMT+0100,1.11687,1.11637,0.75,0.19
15.03.2020 22:10:17.094 GMT+0100,1.1167200000000002,1.11603,0.75,0.37
15.03.2020 22:10:17.195 GMT+0100,1.1167200000000002,1.11574,0.75,0.75
15.03.2020 22:10:17.245 GMT+0100,1.11687,1.11603,0.75,0.37
15.03.2020 22:10:17.397 GMT+0100,1.11687,1.11637,0.75,0.19
15.03.2020 22:10:27.515 GMT+0100,1.11687,1.11637,0.77,0.19
15.03.2020 22:10:44.307 GMT+0100,1.11661,1.11637,0.75,0.19
15.03.2020 22:10:44.357 GMT+0100,1.11661,1.11625,0.75,0.19
15.03.2020 22:10:44.508 GMT+0100,1.11669,1.11625,0.94,0.19
15.03.2020 22:10:44.559 GMT+0100,1.1168,1.11637,0.0187,0.19
15.03.2020 22:10:44.861 GMT+0100,1.1168,1.11633,0.77,0.19
15.03.2020 22:10:56.269 GMT+0100,1.1168500000000001,1.11637,0.77,0.19
15.03.2020 22:10:56.622 GMT+0100,1.11684,1.11619,0.77,0.75
15.03.2020 22:10:56.723 GMT+0100,1.1168500000000001,1.11582,0.77,0.19
15.03.2020 22:10:56.823 GMT+0100,1.1168500000000001,1.11574,0.77,0.75
15.03.2020 22:10:56.975 GMT+0100,1.1168,1.11566,0.0187,0.75
15.03.2020 22:10:57.076 GMT+0100,1.1168500000000001,1.11633,0.77,0.19
15.03.2020 22:10:57.579 GMT+0100,1.1164200000000002,1.11633,0.75,0.19
15.03.2020 22:10:57.629 GMT+0100,1.1164200000000002,1.11617,0.75,0.19
15.03.2020 22:10:58.092 GMT+0100,1.11644,1.11617,0.75,0.19
15.03.2020 22:11:00.402 GMT+0100,1.1164500000000002,1.11617,0.75,0.19
15.03.2020 22:11:01.062 GMT+0100,1.11618,1.11578,0.75,0.75
15.03.2020 22:11:01.112 GMT+0100,1.11639,1.11613,0.75,0.94
15.03.2020 22:11:01.163 GMT+0100,1.11582,1.1156700000000002,0.75,0.75
15.03.2020 22:11:01.214 GMT+0100,1.1161,1.1159700000000001,0.75,0.19
15.03.2020 22:11:01.264 GMT+0100,1.11635,1.1159000000000001,0.75,0.19
15.03.2020 22:11:01.315 GMT+0100,1.11647,1.11617,0.75,0.19
15.03.2020 22:11:01.567 GMT+0100,1.1164500000000002,1.11617,0.75,0.19
15.03.2020 22:11:03.608 GMT+0100,1.11637,1.11617,0.75,0.19
15.03.2020 22:11:03.658 GMT+0100,1.11637,1.11614,0.75,0.19
15.03.2020 22:11:10.419 GMT+0100,1.1163200000000002,1.116,0.75,0.19
15.03.2020 22:11:10.520 GMT+0100,1.11633,1.116,0.75,0.19
15.03.2020 22:11:10.571 GMT+0100,1.11637,1.11614,0.75,0.19
15.03.2020 22:11:11.077 GMT+0100,1.1163200000000002,1.11614,0.75,0.19
15.03.2020 22:11:11.128 GMT+0100,1.1163200000000002,1.116,0.75,0.19
15.03.2020 22:11:11.179 GMT+0100,1.11595,1.11585,0.75,0.19
15.03.2020 22:11:11.229 GMT+0100,1.1159700000000001,1.11585,0.75,0.19
15.03.2020 22:11:11.548 GMT+0100,1.11599,1.11585,0.75,0.19
15.03.2020 22:11:13.170 GMT+0100,1.11598,1.11585,0.75,0.19
15.03.2020 22:11:15.027 GMT+0100,1.11599,1.11592,0.94,0.75
15.03.2020 22:11:15.077 GMT+0100,1.11629,1.11614,0.86,0.19
15.03.2020 22:11:15.128 GMT+0100,1.1164200000000002,1.11614,0.75,0.19
15.03.2020 22:11:15.179 GMT+0100,1.11639,1.11614,0.37,0.19
15.03.2020 22:11:15.280 GMT+0100,1.11637,1.11614,0.75,0.19
15.03.2020 22:11:15.330 GMT+0100,1.1164200000000002,1.11614,0.75,0.19
15.03.2020 22:11:18.717 GMT+0100,1.11639,1.11614,0.75,0.19
15.03.2020 22:11:18.768 GMT+0100,1.11639,1.116,0.75,0.37
15.03.2020 22:11:20.068 GMT+0100,1.1164200000000002,1.116,0.75,0.19
15.03.2020 22:11:24.988 GMT+0100,1.1163,1.1159000000000001,0.19,0.75
15.03.2020 22:11:25.039 GMT+0100,1.1163,1.11572,0.19,0.94
15.03.2020 22:11:29.707 GMT+0100,1.1163,1.11576,0.19,0.19
15.03.2020 22:11:31.408 GMT+0100,1.1163,1.11578,0.19,0.75
15.03.2020 22:11:31.509 GMT+0100,1.1163,1.11579,0.19,0.75
15.03.2020 22:11:44.161 GMT+0100,1.1164,1.1159000000000001,0.94,0.19
15.03.2020 22:11:46.837 GMT+0100,1.11639,1.1159000000000001,0.75,0.19
15.03.2020 22:11:55.398 GMT+0100,1.1164100000000001,1.1160700000000001,0.75,0.19
15.03.2020 22:11:55.550 GMT+0100,1.11638,1.1159000000000001,0.75,0.19
15.03.2020 22:11:58.399 GMT+0100,1.11635,1.1156700000000002,0.75,0.19
15.03.2020 22:12:07.656 GMT+0100,1.1163100000000001,1.1156700000000002,0.75,0.19
15.03.2020 22:12:08.278 GMT+0100,1.11636,1.1159000000000001,0.75,0.19
15.03.2020 22:12:08.542 GMT+0100,1.11639,1.1159000000000001,0.75,0.19
15.03.2020 22:12:09.353 GMT+0100,1.11599,1.1158299999999999,0.75,0.19
15.03.2020 22:12:09.454 GMT+0100,1.11598,1.1158299999999999,0.19,0.19
15.03.2020 22:12:13.682 GMT+0100,1.1159100000000002,1.1157700000000002,0.75,0.75
15.03.2020 22:12:13.733 GMT+0100,1.11588,1.11572,0.19,0.19
15.03.2020 22:12:13.846 GMT+0100,1.11588,1.11532,0.19,0.19
15.03.2020 22:12:14.047 GMT+0100,1.11584,1.11532,0.75,0.19
15.03.2020 22:12:20.407 GMT+0100,1.11544,1.11524,0.75,0.19
15.03.2020 22:12:20.458 GMT+0100,1.1155000000000002,1.11524,1.5,0.19
15.03.2020 22:12:20.508 GMT+0100,1.1154600000000001,1.11524,0.19,0.19
15.03.2020 22:12:20.610 GMT+0100,1.11552,1.11528,0.19,0.19
15.03.2020 22:12:23.307 GMT+0100,1.11551,1.11528,0.75,0.19
15.03.2020 22:12:24.672 GMT+0100,1.1159000000000001,1.11564,0.94,0.19
15.03.2020 22:12:24.723 GMT+0100,1.116,1.11564,0.75,0.19
15.03.2020 22:12:27.381 GMT+0100,1.11599,1.11564,0.75,0.19
15.03.2020 22:12:27.432 GMT+0100,1.11594,1.11564,0.75,0.19
15.03.2020 22:12:42.654 GMT+0100,1.1160100000000002,1.11564,0.75,0.19
15.03.2020 22:12:44.711 GMT+0100,1.11599,1.11564,0.75,0.19
15.03.2020 22:12:44.812 GMT+0100,1.11594,1.11564,0.75,0.19
15.03.2020 22:12:55.604 GMT+0100,1.11603,1.1157000000000001,0.94,0.75
15.03.2020 22:12:57.254 GMT+0100,1.11603,1.11589,0.94,0.75
15.03.2020 22:12:57.305 GMT+0100,1.11556,1.11554,0.75,0.19
15.03.2020 22:12:57.355 GMT+0100,1.11553,1.11551,1.5,0.75
15.03.2020 22:12:59.376 GMT+0100,1.11553,1.11551,1.5,0.75
15.03.2020 22:13:00.387 GMT+0100,1.11553,1.11551,0.75,0.75
15.03.2020 22:13:05.400 GMT+0100,1.11554,1.11551,1.5,0.75
15.03.2020 22:13:06.315 GMT+0100,1.11554,1.11552,1.5,0.75
15.03.2020 22:13:16.448 GMT+0100,1.11554,1.11551,1.5,0.75
15.03.2020 22:13:16.499 GMT+0100,1.11554,1.11549,1.5,1.5
15.03.2020 22:13:16.601 GMT+0100,1.11553,1.11549,0.97,1.5
15.03.2020 22:13:17.802 GMT+0100,1.11584,1.1157000000000001,0.75,0.75
15.03.2020 22:13:17.904 GMT+0100,1.11604,1.1157000000000001,0.75,0.75
15.03.2020 22:13:18.059 GMT+0100,1.11604,1.11572,0.75,0.75
15.03.2020 22:13:18.609 GMT+0100,1.1160100000000002,1.11572,0.75,0.75
15.03.2020 22:13:20.212 GMT+0100,1.11614,1.11572,0.75,0.75
15.03.2020 22:13:20.909 GMT+0100,1.1161,1.11572,0.1,0.75
15.03.2020 22:13:21.060 GMT+0100,1.11604,1.11553,0.75,0.75
15.03.2020 22:13:21.111 GMT+0100,1.1158700000000001,1.11553,0.75,0.75
15.03.2020 22:13:21.162 GMT+0100,1.11595,1.11553,1.5,0.75
15.03.2020 22:13:21.212 GMT+0100,1.11586,1.11553,1.5,0.75
15.03.2020 22:13:21.313 GMT+0100,1.11571,1.11549,0.75,0.75
15.03.2020 22:13:21.364 GMT+0100,1.11571,1.1154,0.75,0.75
15.03.2020 22:13:21.465 GMT+0100,1.11571,1.11533,0.75,0.19
15.03.2020 22:13:21.565 GMT+0100,1.11571,1.1152900000000001,0.75,0.19
15.03.2020 22:13:21.667 GMT+0100,1.11571,1.11533,0.75,0.19
15.03.2020 22:13:22.007 GMT+0100,1.11555,1.11522,0.75,0.75
15.03.2020 22:13:22.058 GMT+0100,1.11554,1.1152,0.75,0.75
15.03.2020 22:13:22.233 GMT+0100,1.11553,1.1152,0.75,0.75
15.03.2020 22:13:23.441 GMT+0100,1.11554,1.1152,0.75,0.75
15.03.2020 22:13:23.912 GMT+0100,1.11534,1.1152,0.75,0.75
15.03.2020 22:13:23.963 GMT+0100,1.11522,1.11505,0.19,0.19
15.03.2020 22:13:24.189 GMT+0100,1.11518,1.1150200000000001,0.19,0.19
15.03.2020 22:13:36.048 GMT+0100,1.1151700000000002,1.1150200000000001,0.75,0.19
15.03.2020 22:13:37.090 GMT+0100,1.1151,1.11491,0.75,0.19
15.03.2020 22:13:37.297 GMT+0100,1.1151,1.1149,0.75,0.0187
15.03.2020 22:13:37.562 GMT+0100,1.11508,1.1149,0.75,0.0187
15.03.2020 22:13:46.431 GMT+0100,1.11508,1.11469,0.75,0.19
15.03.2020 22:13:50.838 GMT+0100,1.11499,1.11467,0.75,0.19
15.03.2020 22:13:54.997 GMT+0100,1.11508,1.11469,0.75,0.19
15.03.2020 22:14:01.293 GMT+0100,1.11498,1.1144200000000002,0.75,0.19
15.03.2020 22:14:01.394 GMT+0100,1.11498,1.11418,0.75,0.21
15.03.2020 22:14:01.545 GMT+0100,1.11494,1.11418,0.75,0.21
15.03.2020 22:14:04.482 GMT+0100,1.11477,1.11415,0.75,0.21
15.03.2020 22:14:11.994 GMT+0100,1.11477,1.1142400000000001,0.75,0.19
15.03.2020 22:14:18.038 GMT+0100,1.1148600000000002,1.1142400000000001,0.75,0.19
15.03.2020 22:14:18.089 GMT+0100,1.11497,1.1142400000000001,0.75,0.19
15.03.2020 22:14:30.665 GMT+0100,1.1148500000000001,1.11415,0.19,0.21
15.03.2020 22:14:36.962 GMT+0100,1.1150200000000001,1.11418,0.19,0.21
15.03.2020 22:14:37.063 GMT+0100,1.1148500000000001,1.11415,0.19,0.21
15.03.2020 22:14:43.311 GMT+0100,1.11477,1.11413,0.19,0.21
15.03.2020 22:14:43.412 GMT+0100,1.11477,1.11413,0.19,0.21
15.03.2020 22:14:44.318 GMT+0100,1.11477,1.11413,0.19,0.21
15.03.2020 22:15:10.978 GMT+0100,1.11474,1.11413,0.75,0.21
15.03.2020 22:15:11.079 GMT+0100,1.1146,1.1142,0.19,0.0187
15.03.2020 22:15:27.703 GMT+0100,1.1145500000000002,1.1142,0.19,0.0187
15.03.2020 22:15:27.754 GMT+0100,1.11404,1.11379,0.75,0.82
15.03.2020 22:15:28.013 GMT+0100,1.11395,1.1137000000000001,0.19,0.19
15.03.2020 22:15:28.253 GMT+0100,1.1141100000000002,1.1139000000000001,0.19,0.19
15.03.2020 22:15:28.303 GMT+0100,1.11416,1.1138000000000001,0.75,0.19
15.03.2020 22:15:28.354 GMT+0100,1.11405,1.1138000000000001,0.75,0.19
15.03.2020 22:15:28.404 GMT+0100,1.11416,1.1138000000000001,0.82,0.19
15.03.2020 22:15:28.455 GMT+0100,1.1145500000000002,1.1138000000000001,0.19,0.19
15.03.2020 22:15:37.008 GMT+0100,1.1145500000000002,1.11389,0.19,0.75
15.03.2020 22:15:40.278 GMT+0100,1.11474,1.11389,0.19,0.75
15.03.2020 22:15:41.624 GMT+0100,1.11446,1.1138100000000002,0.19,0.75
15.03.2020 22:15:41.725 GMT+0100,1.11435,1.1137700000000001,0.19,0.75
15.03.2020 22:15:42.042 GMT+0100,1.11435,1.1137299999999999,0.19,0.75
15.03.2020 22:15:43.521 GMT+0100,1.11474,1.1134,0.75,0.75
15.03.2020 22:15:43.572 GMT+0100,1.11474,1.11334,0.75,0.75
15.03.2020 22:15:43.673 GMT+0100,1.11474,1.11196,0.75,0.75
15.03.2020 22:15:48.463 GMT+0100,1.11474,1.1124,0.75,0.75
15.03.2020 22:15:48.565 GMT+0100,1.11413,1.1124,0.19,0.75
15.03.2020 22:15:53.769 GMT+0100,1.11413,1.11264,0.19,0.75
15.03.2020 22:15:53.871 GMT+0100,1.11419,1.1128600000000002,0.19,0.75
15.03.2020 22:15:54.023 GMT+0100,1.1142,1.1128600000000002,0.19,0.75
15.03.2020 22:16:00.359 GMT+0100,1.11423,1.11304,0.19,0.75
15.03.2020 22:16:06.300 GMT+0100,1.1140100000000002,1.11298,0.94,0.75
15.03.2020 22:16:06.401 GMT+0100,1.1138100000000002,1.11298,0.19,0.75
15.03.2020 22:16:07.097 GMT+0100,1.1138100000000002,1.1132700000000002,0.19,0.75
15.03.2020 22:16:07.148 GMT+0100,1.11386,1.11324,0.19,0.75
15.03.2020 22:16:19.835 GMT+0100,1.11386,1.11331,0.19,0.75
15.03.2020 22:16:29.058 GMT+0100,1.11386,1.11328,0.19,0.75
15.03.2020 22:16:30.448 GMT+0100,1.1138100000000002,1.11298,0.19,0.75
15.03.2020 22:16:30.549 GMT+0100,1.1138100000000002,1.11303,0.19,0.75
15.03.2020 22:16:50.954 GMT+0100,1.1138100000000002,1.11298,0.19,0.75
15.03.2020 22:16:52.498 GMT+0100,1.1138000000000001,1.11281,0.19,0.75
15.03.2020 22:16:53.036 GMT+0100,1.1140100000000002,1.11288,0.94,0.19
15.03.2020 22:16:55.165 GMT+0100,1.114,1.11288,0.75,0.19
15.03.2020 22:16:55.422 GMT+0100,1.1140100000000002,1.11288,0.94,0.19
15.03.2020 22:16:55.523 GMT+0100,1.11398,1.11293,0.19,0.19
15.03.2020 22:16:56.063 GMT+0100,1.11398,1.1129700000000002,0.19,0.75
15.03.2020 22:17:06.709 GMT+0100,1.11398,1.11323,0.19,0.75
15.03.2020 22:17:06.811 GMT+0100,1.11399,1.11323,0.19,0.75
15.03.2020 22:17:06.912 GMT+0100,1.11399,1.11324,0.19,0.19
15.03.2020 22:17:08.216 GMT+0100,1.11385,1.11323,0.19,0.75
15.03.2020 22:17:17.754 GMT+0100,1.11385,1.11324,0.19,0.75
15.03.2020 22:17:17.935 GMT+0100,1.11399,1.11324,0.19,0.94
15.03.2020 22:18:03.788 GMT+0100,1.1140100000000002,1.11315,0.19,0.19
15.03.2020 22:18:03.839 GMT+0100,1.11308,1.11301,0.75,0.19
15.03.2020 22:18:03.889 GMT+0100,1.11308,1.11299,0.75,0.19
15.03.2020 22:18:03.940 GMT+0100,1.11304,1.11299,0.19,0.19
15.03.2020 22:18:04.142 GMT+0100,1.11338,1.11315,0.75,0.75
15.03.2020 22:18:04.193 GMT+0100,1.11376,1.11315,0.19,0.75
15.03.2020 22:18:04.294 GMT+0100,1.11382,1.1131600000000001,0.19,0.75
15.03.2020 22:18:05.056 GMT+0100,1.11385,1.11331,0.19,0.75
15.03.2020 22:18:10.934 GMT+0100,1.11393,1.1136700000000002,0.19,0.75
15.03.2020 22:18:11.085 GMT+0100,1.11393,1.11365,0.19,0.75
15.03.2020 22:18:14.762 GMT+0100,1.11394,1.11372,0.19,0.75
15.03.2020 22:18:14.914 GMT+0100,1.11398,1.11378,0.19,0.75
15.03.2020 22:18:15.116 GMT+0100,1.11392,1.11385,0.19,0.75
15.03.2020 22:18:15.470 GMT+0100,1.11406,1.11389,0.26,0.75
15.03.2020 22:18:16.199 GMT+0100,1.11406,1.11388,0.26,0.75
15.03.2020 22:18:16.300 GMT+0100,1.11385,1.11323,0.19,0.75
15.03.2020 22:18:16.351 GMT+0100,1.11406,1.1132900000000001,0.075,0.75
15.03.2020 22:18:16.401 GMT+0100,1.11434,1.1141,0.19,0.75
15.03.2020 22:18:16.553 GMT+0100,1.11434,1.1141200000000002,0.19,0.75
15.03.2020 22:18:21.508 GMT+0100,1.1145,1.11435,0.82,0.75
15.03.2020 22:18:21.558 GMT+0100,1.11456,1.11433,0.82,7.42
15.03.2020 22:18:21.609 GMT+0100,1.11524,1.11446,0.19,0.75
15.03.2020 22:18:21.902 GMT+0100,1.11524,1.11484,0.19,0.75
15.03.2020 22:18:21.953 GMT+0100,1.11531,1.11484,0.94,0.75
15.03.2020 22:18:22.055 GMT+0100,1.11531,1.1148,0.19,0.75
15.03.2020 22:18:22.207 GMT+0100,1.11531,1.11469,0.19,0.75
15.03.2020 22:18:30.222 GMT+0100,1.11548,1.11473,0.75,0.75
15.03.2020 22:18:30.374 GMT+0100,1.11554,1.11473,0.19,0.75
15.03.2020 22:18:38.064 GMT+0100,1.11578,1.11483,1.5,0.19
15.03.2020 22:18:43.104 GMT+0100,1.1157700000000002,1.11483,0.75,0.19
15.03.2020 22:18:47.507 GMT+0100,1.11576,1.11483,0.75,0.19
15.03.2020 22:18:48.593 GMT+0100,1.11576,1.11487,0.75,0.75
15.03.2020 22:18:50.440 GMT+0100,1.1157700000000002,1.11487,0.75,0.75
15.03.2020 22:19:13.818 GMT+0100,1.1157700000000002,1.1148799999999999,0.75,0.75
15.03.2020 22:19:13.868 GMT+0100,1.1158299999999999,1.1148799999999999,0.82,0.75
15.03.2020 22:19:14.818 GMT+0100,1.11569,1.11481,0.19,0.75
15.03.2020 22:19:14.919 GMT+0100,1.11553,1.11481,0.75,0.75
15.03.2020 22:19:15.259 GMT+0100,1.11553,1.1148799999999999,0.82,0.75
15.03.2020 22:19:15.360 GMT+0100,1.1158299999999999,1.1148799999999999,0.82,0.75
15.03.2020 22:19:19.297 GMT+0100,1.1158299999999999,1.1152600000000001,0.82,0.75
15.03.2020 22:19:19.549 GMT+0100,1.1158299999999999,1.11523,0.82,0.94
15.03.2020 22:19:29.668 GMT+0100,1.1156000000000001,1.11515,0.19,0.75
15.03.2020 22:19:30.053 GMT+0100,1.1156000000000001,1.11514,0.19,0.19
15.03.2020 22:19:32.257 GMT+0100,1.11575,1.11556,0.75,0.75
15.03.2020 22:19:32.359 GMT+0100,1.11575,1.11558,0.75,0.19
15.03.2020 22:19:32.409 GMT+0100,1.11582,1.11558,0.75,0.19
15.03.2020 22:19:32.460 GMT+0100,1.11582,1.11562,0.75,0.75
15.03.2020 22:19:32.562 GMT+0100,1.11582,1.11548,0.75,0.19
15.03.2020 22:19:32.663 GMT+0100,1.11582,1.1153700000000002,0.75,0.75
15.03.2020 22:19:34.312 GMT+0100,1.11582,1.11564,0.75,0.75
15.03.2020 22:19:34.413 GMT+0100,1.11582,1.11548,0.75,0.19
15.03.2020 22:19:34.464 GMT+0100,1.11582,1.11533,0.75,0.75
15.03.2020 22:19:34.514 GMT+0100,1.1156000000000001,1.1152,0.19,0.75
15.03.2020 22:19:36.482 GMT+0100,1.1154700000000002,1.1151600000000002,0.19,0.75
15.03.2020 22:19:38.963 GMT+0100,1.11564,1.1153,0.75,0.75
15.03.2020 22:19:39.064 GMT+0100,1.11582,1.11533,0.75,0.75
15.03.2020 22:19:39.913 GMT+0100,1.11555,1.11518,0.19,0.75
15.03.2020 22:19:47.735 GMT+0100,1.11553,1.11518,0.82,0.75
15.03.2020 22:19:48.477 GMT+0100,1.11554,1.11518,0.86,0.75
15.03.2020 22:19:49.496 GMT+0100,1.11555,1.11518,0.19,0.75
15.03.2020 22:19:50.121 GMT+0100,1.11553,1.11518,0.86,0.75
15.03.2020 22:19:50.703 GMT+0100,1.11553,1.1153,0.86,0.75
15.03.2020 22:19:50.804 GMT+0100,1.11582,1.1153,0.75,0.75
15.03.2020 22:19:50.967 GMT+0100,1.11582,1.11561,0.75,0.75
15.03.2020 22:19:51.069 GMT+0100,1.11582,1.1156700000000002,0.75,0.75
15.03.2020 22:19:54.941 GMT+0100,1.11566,1.11554,0.19,0.19
15.03.2020 22:19:54.992 GMT+0100,1.11582,1.11564,0.75,0.75
15.03.2020 22:19:55.043 GMT+0100,1.1158100000000002,1.1156700000000002,0.19,0.75
15.03.2020 22:19:57.675 GMT+0100,1.11582,1.11558,0.75,0.19
15.03.2020 22:19:57.726 GMT+0100,1.11582,1.11533,0.75,0.75
15.03.2020 22:19:57.972 GMT+0100,1.1158100000000002,1.11569,0.19,0.75
15.03.2020 22:19:58.073 GMT+0100,1.1158100000000002,1.1156700000000002,0.19,0.75
15.03.2020 22:19:59.108 GMT+0100,1.1158100000000002,1.11568,0.19,0.75
15.03.2020 22:19:59.209 GMT+0100,1.1158100000000002,1.11569,0.19,0.75
15.03.2020 22:20:01.673 GMT+0100,1.1162100000000001,1.11598,0.0187,1.69
15.03.2020 22:20:01.724 GMT+0100,1.1158100000000002,1.1157700000000002,0.19,0.19
15.03.2020 22:20:01.775 GMT+0100,1.1158100000000002,1.11569,0.19,0.75
15.03.2020 22:20:01.979 GMT+0100,1.1157700000000002,1.11569,0.19,0.75
15.03.2020 22:20:02.231 GMT+0100,1.11579,1.11569,0.19,0.75
15.03.2020 22:20:05.855 GMT+0100,1.1158100000000002,1.11569,0.19,0.75
15.03.2020 22:20:06.408 GMT+0100,1.11592,1.11589,0.75,0.75
15.03.2020 22:20:06.459 GMT+0100,1.11592,1.11589,0.75,0.75
15.03.2020 22:20:06.560 GMT+0100,1.11599,1.11589,0.86,0.75
15.03.2020 22:20:07.378 GMT+0100,1.11599,1.11578,0.19,0.75
15.03.2020 22:20:19.593 GMT+0100,1.11671,1.11647,0.0187,0.75
15.03.2020 22:20:21.218 GMT+0100,1.1168,1.11647,0.0187,0.75
15.03.2020 22:20:27.738 GMT+0100,1.1167,1.11637,0.37,0.75
15.03.2020 22:20:27.789 GMT+0100,1.11674,1.11637,0.75,1.5
15.03.2020 22:20:27.839 GMT+0100,1.11649,1.11615,0.19,0.75
15.03.2020 22:20:31.321 GMT+0100,1.11649,1.11616,0.19,0.75
15.03.2020 22:20:32.095 GMT+0100,1.11684,1.11647,0.21,0.75
15.03.2020 22:20:32.252 GMT+0100,1.1168,1.11635,0.018,5.92
15.03.2020 22:20:32.304 GMT+0100,1.1169,1.1167500000000001,0.018,11.85
15.03.2020 22:20:34.259 GMT+0100,1.1168200000000001,1.11658,0.018,0.19
15.03.2020 22:20:34.310 GMT+0100,1.1168,1.11647,0.018,0.75
15.03.2020 22:20:55.867 GMT+0100,1.1168,1.1165100000000001,0.018,0.75
15.03.2020 22:21:10.288 GMT+0100,1.11689,1.11643,0.21,0.75
15.03.2020 22:21:16.091 GMT+0100,1.11721,1.1171,0.19,0.75
15.03.2020 22:21:16.193 GMT+0100,1.1172600000000001,1.11714,0.24,0.75
15.03.2020 22:21:16.244 GMT+0100,1.1172600000000001,1.1170600000000002,0.24,0.75
15.03.2020 22:21:16.648 GMT+0100,1.1172600000000001,1.11705,0.24,0.75
15.03.2020 22:21:18.077 GMT+0100,1.1172600000000001,1.11704,0.24,0.19
15.03.2020 22:21:20.002 GMT+0100,1.11704,1.11697,0.75,1.5
15.03.2020 22:21:22.284 GMT+0100,1.11715,1.117,0.75,1.5
15.03.2020 22:21:22.385 GMT+0100,1.11721,1.1170200000000001,0.0375,0.19
15.03.2020 22:21:22.587 GMT+0100,1.11723,1.1170600000000002,0.0375,0.19
15.03.2020 22:21:22.889 GMT+0100,1.11773,1.11755,0.19,0.75
15.03.2020 22:21:22.990 GMT+0100,1.11763,1.11753,0.75,0.75
15.03.2020 22:21:23.091 GMT+0100,1.11763,1.1175000000000002,0.75,0.75
15.03.2020 22:21:23.141 GMT+0100,1.11763,1.1175000000000002,0.75,0.94
15.03.2020 22:21:27.974 GMT+0100,1.11773,1.11763,0.75,0.19
15.03.2020 22:21:28.025 GMT+0100,1.118,1.11788,1.5,0.0225
15.03.2020 22:21:28.076 GMT+0100,1.11773,1.11763,0.75,0.19
15.03.2020 22:21:28.126 GMT+0100,1.1183,1.11803,0.37,0.19
15.03.2020 22:21:28.177 GMT+0100,1.1183200000000002,1.11803,0.19,0.19
15.03.2020 22:21:28.279 GMT+0100,1.1183400000000001,1.11806,0.19,0.19
15.03.2020 22:21:28.380 GMT+0100,1.1182200000000002,1.11806,0.75,0.19
15.03.2020 22:21:33.586 GMT+0100,1.11828,1.1180700000000001,0.75,0.19
15.03.2020 22:21:33.738 GMT+0100,1.1182200000000002,1.11806,0.75,0.19
15.03.2020 22:21:33.889 GMT+0100,1.11816,1.11804,0.75,0.19
15.03.2020 22:21:39.522 GMT+0100,1.1182100000000001,1.11806,0.75,0.19
15.03.2020 22:21:42.237 GMT+0100,1.11827,1.11806,8.59,0.19
15.03.2020 22:21:42.288 GMT+0100,1.11804,1.1178700000000001,0.75,0.22
15.03.2020 22:21:42.541 GMT+0100,1.11778,1.1175700000000002,0.75,0.19
15.03.2020 22:21:53.664 GMT+0100,1.11804,1.11789,0.75,0.0225
15.03.2020 22:21:55.207 GMT+0100,1.11784,1.11761,0.75,0.19
15.03.2020 22:21:55.258 GMT+0100,1.11784,1.11759,0.75,0.19
15.03.2020 22:22:09.669 GMT+0100,1.1178700000000001,1.11759,0.75,0.19
15.03.2020 22:22:09.720 GMT+0100,1.11813,1.11785,0.88,0.78
15.03.2020 22:22:10.093 GMT+0100,1.11793,1.11772,0.19,0.75
15.03.2020 22:22:11.948 GMT+0100,1.1176700000000002,1.11758,0.19,0.75
15.03.2020 22:22:12.099 GMT+0100,1.1176700000000002,1.1175700000000002,0.19,0.75
15.03.2020 22:22:12.463 GMT+0100,1.11778,1.11768,0.37,0.75
15.03.2020 22:22:12.564 GMT+0100,1.11793,1.1177000000000001,0.3,0.75
15.03.2020 22:22:13.605 GMT+0100,1.1182,1.1178100000000002,0.97,0.75
15.03.2020 22:22:13.757 GMT+0100,1.11793,1.1177000000000001,0.19,0.75
15.03.2020 22:22:13.858 GMT+0100,1.11815,1.11782,0.22,0.75
15.03.2020 22:22:14.069 GMT+0100,1.1182,1.11785,0.22,0.75
15.03.2020 22:22:16.947 GMT+0100,1.11818,1.11776,0.78,0.94
15.03.2020 22:22:16.998 GMT+0100,1.11793,1.11772,0.19,0.75
15.03.2020 22:22:17.049 GMT+0100,1.11793,1.1177000000000001,0.19,0.75
15.03.2020 22:22:19.308 GMT+0100,1.11815,1.1178100000000002,0.22,0.75
15.03.2020 22:22:19.543 GMT+0100,1.1182,1.11785,0.22,0.75
15.03.2020 22:22:19.864 GMT+0100,1.11813,1.11786,0.0225,0.75
15.03.2020 22:22:23.060 GMT+0100,1.1179100000000002,1.11764,0.94,0.75
15.03.2020 22:22:23.161 GMT+0100,1.11784,1.11764,0.19,0.75
15.03.2020 22:22:23.792 GMT+0100,1.11784,1.11779,0.19,0.75
15.03.2020 22:22:23.843 GMT+0100,1.11803,1.11779,0.19,0.75
15.03.2020 22:22:23.944 GMT+0100,1.11813,1.11779,0.0225,0.75
15.03.2020 22:22:24.046 GMT+0100,1.11813,1.11786,0.0225,0.75
15.03.2020 22:22:24.147 GMT+0100,1.11813,1.11775,0.0225,0.75
15.03.2020 22:22:24.198 GMT+0100,1.11813,1.11764,0.0225,0.75
15.03.2020 22:22:25.057 GMT+0100,1.11809,1.11761,0.75,0.19
15.03.2020 22:22:25.159 GMT+0100,1.11793,1.11758,0.19,0.75
15.03.2020 22:22:25.411 GMT+0100,1.11793,1.1175700000000002,0.19,0.19
15.03.2020 22:22:38.718 GMT+0100,1.11799,1.11763,0.19,0.19
15.03.2020 22:22:41.597 GMT+0100,1.11799,1.11764,0.19,0.86
15.03.2020 22:22:44.559 GMT+0100,1.11799,1.1177000000000001,0.19,0.75
15.03.2020 22:22:50.077 GMT+0100,1.11793,1.1177000000000001,0.19,0.75
15.03.2020 22:22:50.632 GMT+0100,1.11793,1.1176700000000002,0.19,0.75
15.03.2020 22:22:51.763 GMT+0100,1.1176700000000002,1.1175700000000002,0.19,0.75
15.03.2020 22:22:52.815 GMT+0100,1.11771,1.1175700000000002,0.19,0.75
15.03.2020 22:22:53.839 GMT+0100,1.11786,1.11774,0.75,0.75
15.03.2020 22:22:53.940 GMT+0100,1.1179700000000001,1.1177700000000002,0.75,0.75
15.03.2020 22:22:54.041 GMT+0100,1.11818,1.11782,0.78,0.75
15.03.2020 22:22:54.092 GMT+0100,1.11818,1.11786,0.78,0.75
15.03.2020 22:22:54.193 GMT+0100,1.1184,1.11818,0.19,0.75
15.03.2020 22:22:54.244 GMT+0100,1.1184,1.11814,0.19,0.75
15.03.2020 22:22:54.345 GMT+0100,1.1184200000000002,1.11814,0.19,0.75
15.03.2020 22:22:54.546 GMT+0100,1.1182200000000002,1.1181200000000002,0.0225,0.75
15.03.2020 22:22:56.817 GMT+0100,1.1181200000000002,1.11803,0.75,0.19
15.03.2020 22:22:56.867 GMT+0100,1.11808,1.11798,0.75,0.75
15.03.2020 22:22:56.918 GMT+0100,1.11808,1.11798,0.75,0.75
15.03.2020 22:22:57.019 GMT+0100,1.11808,1.1179700000000001,0.75,0.75
15.03.2020 22:22:57.351 GMT+0100,1.11818,1.1181100000000002,0.0225,0.19
15.03.2020 22:22:57.553 GMT+0100,1.1182200000000002,1.1181200000000002,0.0225,0.75
15.03.2020 22:22:58.797 GMT+0100,1.1182200000000002,1.1181100000000002,0.0225,0.19
15.03.2020 22:23:04.654 GMT+0100,1.1184200000000002,1.1181100000000002,0.19,0.19
15.03.2020 22:23:04.755 GMT+0100,1.1184100000000001,1.1181200000000002,0.19,0.19
15.03.2020 22:23:12.334 GMT+0100,1.1184200000000002,1.1181100000000002,0.19,0.19
15.03.2020 22:23:19.068 GMT+0100,1.11828,1.1181100000000002,0.75,0.19
15.03.2020 22:23:19.169 GMT+0100,1.11816,1.11804,0.19,0.19
15.03.2020 22:23:30.058 GMT+0100,1.11816,1.11809,0.19,0.75
15.03.2020 22:23:30.109 GMT+0100,1.11815,1.11804,0.75,0.19
15.03.2020 22:23:30.210 GMT+0100,1.11816,1.11805,0.94,0.75
15.03.2020 22:23:30.311 GMT+0100,1.11816,1.11804,0.94,0.19
15.03.2020 22:23:34.101 GMT+0100,1.11815,1.11804,0.75,0.19
15.03.2020 22:23:34.293 GMT+0100,1.11813,1.1180200000000002,0.19,2.44
15.03.2020 22:23:35.164 GMT+0100,1.11813,1.11804,0.19,0.75
15.03.2020 22:23:36.173 GMT+0100,1.11813,1.1180200000000002,0.19,0.19
15.03.2020 22:23:38.497 GMT+0100,1.11815,1.11803,0.94,0.19
15.03.2020 22:23:43.161 GMT+0100,1.11813,1.1180200000000002,0.19,0.19
15.03.2020 22:23:45.130 GMT+0100,1.11815,1.11803,0.19,0.19
15.03.2020 22:23:46.908 GMT+0100,1.11815,1.1180700000000001,0.19,0.75
15.03.2020 22:23:53.917 GMT+0100,1.11808,1.11803,0.19,1.69
15.03.2020 22:23:54.413 GMT+0100,1.11814,1.11805,0.19,0.75
15.03.2020 22:23:54.582 GMT+0100,1.11814,1.1180700000000001,0.19,0.75
15.03.2020 22:23:56.108 GMT+0100,1.1183,1.1182200000000002,0.86,0.75
15.03.2020 22:23:56.158 GMT+0100,1.1185,1.1182200000000002,0.19,0.75
15.03.2020 22:23:57.710 GMT+0100,1.11835,1.11816,0.19,0.75
15.03.2020 22:24:02.678 GMT+0100,1.11837,1.11816,0.19,0.75
15.03.2020 22:24:05.265 GMT+0100,1.1185,1.1184200000000002,0.19,0.19
15.03.2020 22:24:05.366 GMT+0100,1.1185,1.11844,0.19,0.75
15.03.2020 22:24:05.674 GMT+0100,1.11849,1.11844,0.19,0.75
15.03.2020 22:24:05.775 GMT+0100,1.11849,1.11843,0.19,0.75
15.03.2020 22:24:06.124 GMT+0100,1.11849,1.11844,0.19,0.75
15.03.2020 22:24:19.801 GMT+0100,1.11849,1.11843,0.19,0.75
15.03.2020 22:24:20.017 GMT+0100,1.11849,1.1184100000000001,0.19,0.19
15.03.2020 22:24:20.068 GMT+0100,1.1187200000000002,1.11864,0.75,0.75
15.03.2020 22:24:20.322 GMT+0100,1.1188500000000001,1.11864,0.19,0.75
15.03.2020 22:24:20.779 GMT+0100,1.11891,1.11866,0.19,0.75
15.03.2020 22:24:21.081 GMT+0100,1.11899,1.11866,0.19,0.75
15.03.2020 22:24:26.064 GMT+0100,1.11899,1.11867,0.19,0.75
15.03.2020 22:24:30.032 GMT+0100,1.1189600000000002,1.11867,0.75,0.75
15.03.2020 22:24:30.086 GMT+0100,1.1189600000000002,1.11806,0.75,0.75
15.03.2020 22:24:30.237 GMT+0100,1.1189600000000002,1.11775,0.75,0.75
15.03.2020 22:24:30.288 GMT+0100,1.1189600000000002,1.1177000000000001,0.75,0.0187
15.03.2020 22:24:30.898 GMT+0100,1.1189,1.1177000000000001,0.75,0.0187
15.03.2020 22:24:31.000 GMT+0100,1.1188,1.1177000000000001,0.19,0.0187
15.03.2020 22:24:31.317 GMT+0100,1.11883,1.1177000000000001,0.86,0.0187
15.03.2020 22:24:31.418 GMT+0100,1.11894,1.1177000000000001,0.37,0.0187
15.03.2020 22:24:31.469 GMT+0100,1.1189600000000002,1.1177000000000001,0.75,0.0187
15.03.2020 22:24:35.087 GMT+0100,1.1189600000000002,1.11849,0.75,3.67
15.03.2020 22:24:35.138 GMT+0100,1.119,1.11858,0.19,0.75
15.03.2020 22:24:48.216 GMT+0100,1.1189600000000002,1.11884,0.75,0.75
15.03.2020 22:24:50.927 GMT+0100,1.119,1.11884,0.0187,0.75
15.03.2020 22:24:51.886 GMT+0100,1.119,1.11858,0.0187,0.19
15.03.2020 22:24:51.937 GMT+0100,1.119,1.11847,0.0187,0.75
15.03.2020 22:24:51.988 GMT+0100,1.1178700000000001,1.1177000000000001,0.75,0.0187
15.03.2020 22:24:53.052 GMT+0100,1.11788,1.1177000000000001,0.75,0.0187
15.03.2020 22:24:55.564 GMT+0100,1.1179000000000001,1.1177000000000001,0.75,0.0187
15.03.2020 22:24:59.865 GMT+0100,1.1179100000000002,1.1177000000000001,0.75,0.0187
15.03.2020 22:25:00.089 GMT+0100,1.11792,1.1177000000000001,0.75,0.0187
15.03.2020 22:25:01.771 GMT+0100,1.1179700000000001,1.1177000000000001,0.75,0.0187
15.03.2020 22:25:09.684 GMT+0100,1.11798,1.1177000000000001,0.19,0.0187
15.03.2020 22:25:10.269 GMT+0100,1.11752,1.11698,0.19,0.75
15.03.2020 22:25:10.370 GMT+0100,1.11776,1.11755,0.37,0.0187
15.03.2020 22:25:10.421 GMT+0100,1.1178100000000002,1.11758,0.75,0.0187
15.03.2020 22:25:10.522 GMT+0100,1.1179100000000002,1.11763,0.86,0.0187
15.03.2020 22:25:10.744 GMT+0100,1.1180100000000002,1.11766,0.19,0.0187
15.03.2020 22:25:13.721 GMT+0100,1.11786,1.11761,0.19,0.0187
15.03.2020 22:25:18.232 GMT+0100,1.11796,1.1177700000000002,0.75,0.75
15.03.2020 22:25:18.434 GMT+0100,1.11796,1.11779,1.5,0.75
15.03.2020 22:25:18.543 GMT+0100,1.11796,1.11778,1.5,0.75
15.03.2020 22:25:21.168 GMT+0100,1.11796,1.11779,1.5,0.75
15.03.2020 22:25:22.036 GMT+0100,1.11795,1.11779,0.75,0.75
15.03.2020 22:25:22.710 GMT+0100,1.11795,1.11778,0.75,0.75
15.03.2020 22:25:22.811 GMT+0100,1.11794,1.11775,0.19,1.5
15.03.2020 22:25:22.862 GMT+0100,1.11794,1.11778,0.19,0.75
15.03.2020 22:25:23.811 GMT+0100,1.11774,1.11769,0.19,0.0187
15.03.2020 22:25:23.912 GMT+0100,1.11793,1.11776,0.19,0.75
15.03.2020 22:25:24.013 GMT+0100,1.11793,1.1177700000000002,0.19,0.75
15.03.2020 22:25:24.064 GMT+0100,1.11789,1.1177700000000002,0.75,0.75
15.03.2020 22:25:24.165 GMT+0100,1.11789,1.11778,0.75,0.75
15.03.2020 22:25:24.266 GMT+0100,1.11788,1.11778,0.75,0.75
15.03.2020 22:25:26.532 GMT+0100,1.11788,1.11779,0.75,0.75
15.03.2020 22:25:27.764 GMT+0100,1.11793,1.11779,0.19,0.75
15.03.2020 22:25:27.865 GMT+0100,1.11793,1.11775,0.19,0.75
15.03.2020 22:25:29.979 GMT+0100,1.11793,1.1177700000000002,0.19,0.75
15.03.2020 22:25:33.083 GMT+0100,1.1178100000000002,1.11775,0.19,0.75
15.03.2020 22:25:33.134 GMT+0100,1.11792,1.1177700000000002,0.19,0.75
15.03.2020 22:25:33.388 GMT+0100,1.11792,1.11776,0.19,0.75
15.03.2020 22:25:36.003 GMT+0100,1.1180200000000002,1.1177000000000001,0.75,0.75
15.03.2020 22:25:36.054 GMT+0100,1.1181100000000002,1.11771,0.11,0.75
15.03.2020 22:25:39.218 GMT+0100,1.1187600000000002,1.11819,0.19,0.75
15.03.2020 22:25:39.543 GMT+0100,1.1187600000000002,1.11815,0.19,0.75
15.03.2020 22:25:44.194 GMT+0100,1.1188200000000001,1.11816,0.19,0.75
15.03.2020 22:25:58.990 GMT+0100,1.1188200000000001,1.1181100000000002,0.19,0.75
15.03.2020 22:26:04.908 GMT+0100,1.1188200000000001,1.11806,0.19,0.75
15.03.2020 22:26:20.568 GMT+0100,1.11873,1.1177700000000002,0.19,0.75
15.03.2020 22:26:20.619 GMT+0100,1.1188200000000001,1.1181100000000002,0.19,0.75
15.03.2020 22:26:20.669 GMT+0100,1.1188200000000001,1.11806,0.19,0.75
15.03.2020 22:26:23.260 GMT+0100,1.1188200000000001,1.1180200000000002,0.19,0.75
15.03.2020 22:26:26.091 GMT+0100,1.11836,1.1180200000000002,0.0187,0.75
15.03.2020 22:26:38.565 GMT+0100,1.1183,1.1177700000000002,0.0187,0.75
15.03.2020 22:26:38.616 GMT+0100,1.1183,1.11748,0.0187,0.75
15.03.2020 22:26:44.018 GMT+0100,1.1183,1.1174700000000002,0.0187,0.19
15.03.2020 22:26:45.412 GMT+0100,1.1183,1.11714,0.0187,0.75
15.03.2020 22:26:45.564 GMT+0100,1.1183,1.1170200000000001,0.0187,0.19
15.03.2020 22:26:45.817 GMT+0100,1.1170200000000001,1.1168600000000002,0.75,0.75
15.03.2020 22:26:45.868 GMT+0100,1.1170200000000001,1.1167200000000002,0.75,0.75
15.03.2020 22:26:45.918 GMT+0100,1.11694,1.1167200000000002,0.19,0.75
15.03.2020 22:26:46.071 GMT+0100,1.11742,1.1172600000000001,0.11,0.75
15.03.2020 22:26:46.224 GMT+0100,1.11883,1.1187200000000002,0.37,0.75
15.03.2020 22:26:46.275 GMT+0100,1.11893,1.11846,0.19,0.75
15.03.2020 22:26:46.426 GMT+0100,1.1189200000000001,1.11858,0.19,0.19
15.03.2020 22:26:51.923 GMT+0100,1.11891,1.11858,0.75,0.19
15.03.2020 22:26:52.025 GMT+0100,1.1189200000000001,1.11858,0.19,0.19
15.03.2020 22:27:03.577 GMT+0100,1.1188,1.1185500000000002,0.19,0.19
15.03.2020 22:27:07.249 GMT+0100,1.11873,1.1185200000000002,0.19,0.19
15.03.2020 22:27:08.244 GMT+0100,1.1188,1.1185500000000002,0.19,0.19
15.03.2020 22:27:10.228 GMT+0100,1.1189,1.1186200000000002,0.75,0.19
15.03.2020 22:27:10.329 GMT+0100,1.11898,1.1186200000000002,0.0375,0.19
15.03.2020 22:27:10.531 GMT+0100,1.1192700000000002,1.11903,0.19,0.19
15.03.2020 22:27:11.577 GMT+0100,1.11921,1.11899,0.75,0.75
15.03.2020 22:27:13.125 GMT+0100,1.1192,1.11898,0.75,1.69
15.03.2020 22:27:15.868 GMT+0100,1.11915,1.11898,0.75,0.19
15.03.2020 22:27:16.002 GMT+0100,1.11913,1.11898,0.75,0.19
15.03.2020 22:27:16.575 GMT+0100,1.11919,1.11904,0.75,0.19
15.03.2020 22:27:16.924 GMT+0100,1.11923,1.11904,1.69,0.19
15.03.2020 22:27:16.975 GMT+0100,1.1192600000000001,1.11904,0.19,0.19
15.03.2020 22:27:17.283 GMT+0100,1.1192600000000001,1.11905,0.19,0.75
15.03.2020 22:27:17.537 GMT+0100,1.1192600000000001,1.11904,0.19,0.19
15.03.2020 22:27:22.174 GMT+0100,1.11924,1.11904,0.75,0.19
15.03.2020 22:27:24.521 GMT+0100,1.1192600000000001,1.11904,0.94,0.19
15.03.2020 22:27:24.782 GMT+0100,1.11924,1.11904,0.75,0.19
15.03.2020 22:27:25.754 GMT+0100,1.1192600000000001,1.11904,0.19,0.19
15.03.2020 22:27:25.806 GMT+0100,1.11928,1.1190700000000002,0.75,0.19
15.03.2020 22:27:25.856 GMT+0100,1.1193,1.1190700000000002,1.87,0.19
15.03.2020 22:27:26.719 GMT+0100,1.1192600000000001,1.11904,0.19,0.19
15.03.2020 22:27:28.528 GMT+0100,1.11918,1.11897,0.19,0.75
15.03.2020 22:27:28.629 GMT+0100,1.11918,1.1186200000000002,0.19,0.19
15.03.2020 22:27:28.679 GMT+0100,1.11918,1.11883,0.19,0.75
15.03.2020 22:27:37.009 GMT+0100,1.1192700000000002,1.11883,0.75,0.75
15.03.2020 22:27:37.060 GMT+0100,1.11933,1.11883,0.75,0.75
15.03.2020 22:27:42.173 GMT+0100,1.11933,1.11913,0.75,0.75
15.03.2020 22:27:42.224 GMT+0100,1.1193,1.119,0.75,0.75
15.03.2020 22:27:42.275 GMT+0100,1.1193,1.11904,0.75,0.75
15.03.2020 22:27:42.394 GMT+0100,1.1193,1.11908,0.75,0.19
15.03.2020 22:27:46.014 GMT+0100,1.11931,1.11899,0.75,0.19
15.03.2020 22:27:46.116 GMT+0100,1.11931,1.11873,0.75,0.19
15.03.2020 22:27:46.218 GMT+0100,1.11901,1.11864,0.75,0.19
15.03.2020 22:27:48.135 GMT+0100,1.1190200000000001,1.11864,0.75,0.19
15.03.2020 22:27:48.237 GMT+0100,1.119,1.11863,0.19,0.75
15.03.2020 22:27:49.916 GMT+0100,1.11905,1.11864,0.19,0.75
15.03.2020 22:27:50.068 GMT+0100,1.11897,1.11863,0.19,0.75
15.03.2020 22:27:51.602 GMT+0100,1.1187500000000001,1.11857,0.19,0.75
15.03.2020 22:27:51.805 GMT+0100,1.11887,1.11863,0.11,0.75
15.03.2020 22:27:51.906 GMT+0100,1.119,1.11863,0.19,0.75
15.03.2020 22:27:52.193 GMT+0100,1.119,1.1186200000000002,0.19,0.19
15.03.2020 22:27:53.184 GMT+0100,1.11893,1.11857,0.19,0.94
15.03.2020 22:28:12.908 GMT+0100,1.1187600000000002,1.11854,0.19,0.19
15.03.2020 22:28:15.431 GMT+0100,1.1187600000000002,1.1185500000000002,0.19,0.75
15.03.2020 22:28:15.828 GMT+0100,1.1187600000000002,1.11859,0.19,0.75
15.03.2020 22:28:18.257 GMT+0100,1.1187600000000002,1.1186500000000001,0.19,0.75
15.03.2020 22:28:18.308 GMT+0100,1.11887,1.1186500000000001,0.75,0.75
15.03.2020 22:28:18.487 GMT+0100,1.11893,1.1186500000000001,0.19,0.75
15.03.2020 22:28:23.798 GMT+0100,1.11893,1.11868,0.19,0.75
15.03.2020 22:28:29.555 GMT+0100,1.11866,1.11857,0.94,0.75
15.03.2020 22:28:29.606 GMT+0100,1.1186,1.11854,0.19,0.75
15.03.2020 22:28:29.707 GMT+0100,1.1186,1.11853,0.19,0.75
15.03.2020 22:28:30.043 GMT+0100,1.1186,1.1185200000000002,0.19,0.75
15.03.2020 22:28:32.068 GMT+0100,1.1186,1.1185,0.19,0.19
15.03.2020 22:28:37.353 GMT+0100,1.11868,1.1184200000000002,0.94,0.19
15.03.2020 22:28:37.404 GMT+0100,1.1183400000000001,1.11806,0.19,0.75
15.03.2020 22:28:37.505 GMT+0100,1.1183400000000001,1.1178700000000001,0.19,0.32
15.03.2020 22:28:40.499 GMT+0100,1.1183400000000001,1.1178700000000001,0.19,0.32
15.03.2020 22:28:41.583 GMT+0100,1.11863,1.1178700000000001,0.86,0.32
15.03.2020 22:28:41.685 GMT+0100,1.11868,1.1178700000000001,0.19,0.32
15.03.2020 22:28:52.477 GMT+0100,1.11869,1.11849,0.19,2.1
15.03.2020 22:28:52.528 GMT+0100,1.11893,1.11868,0.19,0.75
15.03.2020 22:28:52.579 GMT+0100,1.11893,1.11863,0.19,0.75
15.03.2020 22:28:56.032 GMT+0100,1.11893,1.11857,0.19,0.19
15.03.2020 22:29:01.592 GMT+0100,1.1188600000000002,1.11857,0.75,0.19
15.03.2020 22:29:01.693 GMT+0100,1.1188,1.1185500000000002,0.19,0.19
15.03.2020 22:29:12.256 GMT+0100,1.1187500000000001,1.11849,0.19,0.75
15.03.2020 22:29:13.190 GMT+0100,1.1187799999999999,1.1185500000000002,1.5,0.19
15.03.2020 22:29:13.241 GMT+0100,1.1188,1.1185500000000002,0.19,0.19
15.03.2020 22:29:14.961 GMT+0100,1.11879,1.1185500000000002,0.75,0.19
15.03.2020 22:29:15.439 GMT+0100,1.1187500000000001,1.11848,0.19,0.19
15.03.2020 22:29:16.759 GMT+0100,1.11879,1.1185500000000002,0.75,0.19
15.03.2020 22:29:18.080 GMT+0100,1.1188,1.1185500000000002,0.19,0.19
15.03.2020 22:29:20.511 GMT+0100,1.1187600000000002,1.1185500000000002,0.75,0.19
15.03.2020 22:29:20.612 GMT+0100,1.1188,1.1185500000000002,0.94,0.19
15.03.2020 22:29:28.624 GMT+0100,1.11858,1.11844,0.19,0.75
15.03.2020 22:29:28.675 GMT+0100,1.1188,1.11845,0.19,1.5
15.03.2020 22:29:28.884 GMT+0100,1.1188,1.1185500000000002,0.19,0.19
15.03.2020 22:29:36.374 GMT+0100,1.11858,1.11839,0.19,0.19
15.03.2020 22:29:36.425 GMT+0100,1.11858,1.1182400000000001,0.19,0.75
15.03.2020 22:29:36.476 GMT+0100,1.11858,1.1178700000000001,0.19,0.32
15.03.2020 22:29:36.678 GMT+0100,1.11887,1.1187799999999999,0.37,0.75
15.03.2020 22:29:36.728 GMT+0100,1.1189200000000001,1.11887,0.75,0.19
15.03.2020 22:29:37.304 GMT+0100,1.11893,1.1188799999999999,0.75,0.19
15.03.2020 22:29:37.704 GMT+0100,1.1189200000000001,1.1188799999999999,0.75,0.19
15.03.2020 22:29:37.969 GMT+0100,1.11894,1.1188799999999999,0.75,0.19
15.03.2020 22:29:38.272 GMT+0100,1.11893,1.1188799999999999,0.75,0.19
15.03.2020 22:29:38.525 GMT+0100,1.1189500000000001,1.1188799999999999,0.75,0.19
15.03.2020 22:29:38.704 GMT+0100,1.11893,1.1188799999999999,0.75,0.19
15.03.2020 22:29:38.956 GMT+0100,1.11894,1.1188799999999999,0.75,0.19
15.03.2020 22:29:39.057 GMT+0100,1.11893,1.1188799999999999,0.75,0.19
15.03.2020 22:29:39.260 GMT+0100,1.11894,1.1188799999999999,0.75,0.19
15.03.2020 22:29:39.361 GMT+0100,1.1189600000000002,1.1188799999999999,0.75,0.19
15.03.2020 22:29:39.411 GMT+0100,1.1189200000000001,1.1188799999999999,0.75,0.19
15.03.2020 22:29:39.512 GMT+0100,1.11894,1.1188799999999999,0.75,0.19
15.03.2020 22:29:39.675 GMT+0100,1.1189200000000001,1.1188799999999999,0.75,0.19
15.03.2020 22:29:40.029 GMT+0100,1.11893,1.1188799999999999,0.75,0.19
15.03.2020 22:29:40.281 GMT+0100,1.11894,1.1188799999999999,0.75,0.19
15.03.2020 22:29:41.095 GMT+0100,1.11894,1.1188799999999999,0.75,0.19
15.03.2020 22:29:46.345 GMT+0100,1.11894,1.1188799999999999,0.75,0.19
15.03.2020 22:29:48.669 GMT+0100,1.1189500000000001,1.1188799999999999,0.75,0.19
15.03.2020 22:29:48.770 GMT+0100,1.11894,1.1188799999999999,0.75,0.19
15.03.2020 22:29:51.267 GMT+0100,1.1189600000000002,1.1188799999999999,0.75,0.19
15.03.2020 22:30:00.688 GMT+0100,1.11897,1.1188799999999999,0.75,0.19
15.03.2020 22:30:01.446 GMT+0100,1.1189600000000002,1.1188799999999999,0.75,0.19
15.03.2020 22:30:01.547 GMT+0100,1.1189600000000002,1.1188600000000002,0.75,0.19
15.03.2020 22:30:01.687 GMT+0100,1.11894,1.1188600000000002,0.75,0.19
15.03.2020 22:30:03.846 GMT+0100,1.119,1.11898,0.1,0.19
15.03.2020 22:30:04.197 GMT+0100,1.11894,1.11883,0.75,0.75
15.03.2020 22:30:04.299 GMT+0100,1.119,1.11891,1.01,1.5
15.03.2020 22:30:04.349 GMT+0100,1.1190200000000001,1.11899,0.075,0.19
15.03.2020 22:30:14.089 GMT+0100,1.11904,1.11898,0.075,0.19
15.03.2020 22:30:14.343 GMT+0100,1.11919,1.1190600000000002,0.75,0.37
15.03.2020 22:30:14.447 GMT+0100,1.11921,1.1190200000000001,0.75,0.82
15.03.2020 22:30:14.549 GMT+0100,1.11904,1.11898,0.075,0.19
15.03.2020 22:30:23.416 GMT+0100,1.11905,1.11897,0.075,0.19
15.03.2020 22:30:35.075 GMT+0100,1.11928,1.11898,0.75,0.75
15.03.2020 22:31:06.523 GMT+0100,1.11919,1.11898,0.75,0.75
15.03.2020 22:31:43.957 GMT+0100,1.11919,1.11905,0.75,0.19
15.03.2020 22:31:44.615 GMT+0100,1.11909,1.11905,0.75,0.19
15.03.2020 22:31:44.716 GMT+0100,1.11919,1.11905,0.75,0.19
15.03.2020 22:31:46.598 GMT+0100,1.11915,1.11905,0.75,0.19
15.03.2020 22:31:46.879 GMT+0100,1.1191700000000002,1.11905,0.75,0.19
15.03.2020 22:31:46.930 GMT+0100,1.1191200000000001,1.11905,0.86,0.19
15.03.2020 22:31:47.031 GMT+0100,1.11919,1.11905,0.75,0.19
15.03.2020 22:31:48.074 GMT+0100,1.1191600000000002,1.11905,0.75,0.19
15.03.2020 22:31:48.125 GMT+0100,1.11919,1.11905,1.5,0.19
15.03.2020 22:31:48.226 GMT+0100,1.1191200000000001,1.11905,0.37,0.19
15.03.2020 22:31:48.277 GMT+0100,1.11919,1.11905,0.75,0.19
15.03.2020 22:31:48.759 GMT+0100,1.11915,1.11905,0.75,0.19
15.03.2020 22:31:50.409 GMT+0100,1.11913,1.11901,0.75,0.19
15.03.2020 22:31:50.517 GMT+0100,1.11919,1.11905,0.75,0.19
15.03.2020 22:31:54.475 GMT+0100,1.1191600000000002,1.1190200000000001,0.75,0.19
15.03.2020 22:31:54.759 GMT+0100,1.11897,1.1189200000000001,0.75,0.11
15.03.2020 22:31:54.911 GMT+0100,1.11867,1.1183100000000001,0.75,0.75
15.03.2020 22:31:54.962 GMT+0100,1.11867,1.1182400000000001,0.75,0.19
15.03.2020 22:31:55.013 GMT+0100,1.11867,1.1184100000000001,0.75,0.75
15.03.2020 22:31:55.063 GMT+0100,1.11867,1.1179000000000001,0.75,0.0187
15.03.2020 22:31:55.114 GMT+0100,1.11867,1.1182100000000001,0.75,0.37
15.03.2020 22:31:55.215 GMT+0100,1.1186500000000001,1.1182100000000001,0.75,0.37
15.03.2020 22:31:55.317 GMT+0100,1.11818,1.1179000000000001,0.23,0.0187
15.03.2020 22:31:55.534 GMT+0100,1.11867,1.1179000000000001,0.75,0.0187
15.03.2020 22:31:56.082 GMT+0100,1.11863,1.1179000000000001,0.75,0.0187
15.03.2020 22:31:56.184 GMT+0100,1.11827,1.1179000000000001,0.75,0.0187
15.03.2020 22:31:57.270 GMT+0100,1.1180700000000001,1.1178100000000002,0.75,0.0187
15.03.2020 22:32:01.327 GMT+0100,1.11763,1.11735,0.75,0.19
15.03.2020 22:32:01.378 GMT+0100,1.11762,1.1172600000000001,0.75,0.19
15.03.2020 22:32:01.479 GMT+0100,1.11762,1.1171900000000001,0.75,0.19
15.03.2020 22:32:01.580 GMT+0100,1.11789,1.1172600000000001,0.19,0.19
15.03.2020 22:32:02.076 GMT+0100,1.11795,1.11765,0.37,0.0187
15.03.2020 22:32:02.177 GMT+0100,1.11794,1.11764,0.75,0.0187
15.03.2020 22:32:02.833 GMT+0100,1.11795,1.11766,0.75,0.0187
15.03.2020 22:32:02.934 GMT+0100,1.11793,1.11765,0.75,0.0187
15.03.2020 22:32:04.237 GMT+0100,1.11794,1.11764,0.75,0.0187
15.03.2020 22:32:07.733 GMT+0100,1.11786,1.1171900000000001,0.19,0.19
15.03.2020 22:32:07.965 GMT+0100,1.1178100000000002,1.11703,0.75,0.75
15.03.2020 22:32:08.066 GMT+0100,1.1178100000000002,1.11687,0.75,0.19
15.03.2020 22:32:09.584 GMT+0100,1.1178000000000001,1.11687,0.75,0.19
15.03.2020 22:32:11.328 GMT+0100,1.11778,1.1167200000000002,0.19,0.19
15.03.2020 22:32:11.630 GMT+0100,1.11778,1.11679,0.75,0.19
15.03.2020 22:32:11.681 GMT+0100,1.1167500000000001,1.11657,0.75,0.75
15.03.2020 22:32:11.732 GMT+0100,1.11709,1.11687,0.75,0.19
15.03.2020 22:32:11.783 GMT+0100,1.11779,1.11687,0.37,0.19
15.03.2020 22:32:11.883 GMT+0100,1.1178299999999999,1.11687,0.56,0.19
15.03.2020 22:32:12.044 GMT+0100,1.1178299999999999,1.11689,0.56,0.75
15.03.2020 22:32:12.403 GMT+0100,1.11785,1.1171900000000001,0.19,0.75
15.03.2020 22:32:12.505 GMT+0100,1.11789,1.11723,0.19,0.75
15.03.2020 22:32:12.606 GMT+0100,1.11789,1.11724,0.19,0.75
15.03.2020 22:32:13.724 GMT+0100,1.11785,1.1171900000000001,0.19,0.75
15.03.2020 22:32:14.512 GMT+0100,1.11785,1.11715,0.19,0.19
15.03.2020 22:32:16.898 GMT+0100,1.11768,1.1171200000000001,0.19,0.19
15.03.2020 22:32:17.049 GMT+0100,1.11778,1.1171200000000001,0.19,0.19
15.03.2020 22:32:17.502 GMT+0100,1.11768,1.1171200000000001,0.19,0.19
15.03.2020 22:32:18.318 GMT+0100,1.11756,1.11709,0.19,0.19
15.03.2020 22:32:20.843 GMT+0100,1.11759,1.1171600000000002,0.19,0.19
15.03.2020 22:32:28.433 GMT+0100,1.11756,1.11709,0.19,0.19
15.03.2020 22:32:29.738 GMT+0100,1.11771,1.11714,0.75,0.19
15.03.2020 22:32:29.789 GMT+0100,1.11785,1.11714,0.19,0.19
15.03.2020 22:32:38.687 GMT+0100,1.11785,1.11762,0.19,2.92
15.03.2020 22:32:38.738 GMT+0100,1.11806,1.1180100000000002,0.86,0.75
15.03.2020 22:32:38.789 GMT+0100,1.1181100000000002,1.1179000000000001,0.75,0.75
15.03.2020 22:32:38.840 GMT+0100,1.11814,1.11792,0.75,0.75
15.03.2020 22:32:38.891 GMT+0100,1.11849,1.11803,0.0187,0.75
15.03.2020 22:32:39.047 GMT+0100,1.11849,1.11815,0.0187,0.19
15.03.2020 22:32:39.148 GMT+0100,1.1185,1.11815,0.0187,0.19
15.03.2020 22:32:47.665 GMT+0100,1.1185,1.11814,0.0187,0.19
15.03.2020 22:32:48.220 GMT+0100,1.1185,1.11772,0.0187,0.94
15.03.2020 22:32:48.421 GMT+0100,1.1180100000000002,1.1175700000000002,0.37,0.19
15.03.2020 22:32:48.573 GMT+0100,1.11793,1.1175700000000002,0.19,0.19
15.03.2020 22:32:49.638 GMT+0100,1.11816,1.1176700000000002,0.11,0.19
15.03.2020 22:32:49.739 GMT+0100,1.1185,1.11772,0.0187,0.19
15.03.2020 22:32:52.469 GMT+0100,1.1185,1.11775,0.0187,0.75
15.03.2020 22:32:54.043 GMT+0100,1.1183200000000002,1.11775,0.75,0.75
15.03.2020 22:32:54.145 GMT+0100,1.11793,1.1176000000000001,0.19,0.75
15.03.2020 22:32:54.582 GMT+0100,1.11793,1.11758,0.19,0.75
15.03.2020 22:33:00.905 GMT+0100,1.11796,1.11775,0.19,0.75
15.03.2020 22:33:05.042 GMT+0100,1.11796,1.11774,0.19,0.19
15.03.2020 22:33:07.963 GMT+0100,1.1182,1.1181,0.75,0.75
15.03.2020 22:33:08.064 GMT+0100,1.1185,1.11814,0.0187,0.19
15.03.2020 22:33:09.467 GMT+0100,1.1185100000000001,1.1180700000000001,1.71,0.19
15.03.2020 22:33:09.679 GMT+0100,1.11843,1.1180700000000001,0.19,0.19
15.03.2020 22:33:18.413 GMT+0100,1.1185200000000002,1.11808,0.77,0.19
15.03.2020 22:33:18.514 GMT+0100,1.1186,1.11849,0.0187,1.69
15.03.2020 22:33:18.666 GMT+0100,1.1188799999999999,1.11849,0.75,1.69
15.03.2020 22:33:18.717 GMT+0100,1.11887,1.11857,0.75,0.19
15.03.2020 22:33:18.856 GMT+0100,1.1188799999999999,1.11857,0.75,0.19
15.03.2020 22:33:19.563 GMT+0100,1.11889,1.11857,0.75,0.19
15.03.2020 22:33:19.665 GMT+0100,1.1188600000000002,1.11854,0.19,0.19
15.03.2020 22:33:19.917 GMT+0100,1.1188799999999999,1.1186,0.75,0.19
15.03.2020 22:33:21.447 GMT+0100,1.11889,1.1186,1.5,0.19
15.03.2020 22:33:21.624 GMT+0100,1.1188799999999999,1.1186,0.11,0.19
15.03.2020 22:33:21.927 GMT+0100,1.11889,1.1186,0.75,0.19
15.03.2020 22:33:22.507 GMT+0100,1.1188799999999999,1.11864,0.75,0.19
15.03.2020 22:33:23.129 GMT+0100,1.1188799999999999,1.1186,0.75,0.19
15.03.2020 22:33:23.180 GMT+0100,1.1188799999999999,1.11843,0.75,0.75
15.03.2020 22:33:23.281 GMT+0100,1.1188799999999999,1.1183400000000001,0.86,0.75
15.03.2020 22:33:23.382 GMT+0100,1.1188799999999999,1.1183100000000001,0.75,0.19
15.03.2020 22:33:24.078 GMT+0100,1.1188200000000001,1.1183100000000001,0.75,0.19
15.03.2020 22:33:24.180 GMT+0100,1.11848,1.11816,0.75,0.19
15.03.2020 22:33:24.230 GMT+0100,1.11847,1.1181,0.75,0.19
15.03.2020 22:33:24.636 GMT+0100,1.1185,1.11814,0.75,0.19
15.03.2020 22:33:24.787 GMT+0100,1.1185500000000002,1.11814,0.75,0.19
15.03.2020 22:33:26.132 GMT+0100,1.11859,1.11853,1.5,0.75
15.03.2020 22:33:26.183 GMT+0100,1.11889,1.11853,0.75,1.12
15.03.2020 22:33:26.234 GMT+0100,1.11889,1.11863,1.5,0.19
15.03.2020 22:33:26.335 GMT+0100,1.1188799999999999,1.11863,0.75,0.19
15.03.2020 22:33:26.587 GMT+0100,1.1188799999999999,1.1184200000000002,0.75,0.19
15.03.2020 22:33:26.638 GMT+0100,1.1188799999999999,1.11828,0.75,0.19
15.03.2020 22:33:28.694 GMT+0100,1.11887,1.11828,0.75,0.19
15.03.2020 22:33:29.363 GMT+0100,1.1188799999999999,1.11828,0.75,0.19
15.03.2020 22:33:30.637 GMT+0100,1.11891,1.11828,0.75,0.19
15.03.2020 22:33:30.789 GMT+0100,1.1189200000000001,1.1183400000000001,0.75,0.19
15.03.2020 22:33:31.662 GMT+0100,1.1188500000000001,1.1183400000000001,0.75,0.19
15.03.2020 22:33:31.764 GMT+0100,1.11893,1.1183400000000001,0.75,0.19
15.03.2020 22:33:32.103 GMT+0100,1.1189200000000001,1.1183400000000001,0.75,0.19
15.03.2020 22:33:40.081 GMT+0100,1.11894,1.1183400000000001,0.75,0.19
15.03.2020 22:33:45.997 GMT+0100,1.1186500000000001,1.1183400000000001,0.75,0.19
15.03.2020 22:33:46.048 GMT+0100,1.1186,1.1182,0.37,0.19
15.03.2020 22:33:46.099 GMT+0100,1.11856,1.1182,0.75,0.19
15.03.2020 22:33:46.150 GMT+0100,1.11856,1.11814,0.75,0.19
15.03.2020 22:33:46.403 GMT+0100,1.11859,1.11814,0.86,0.19
15.03.2020 22:33:47.509 GMT+0100,1.11856,1.11814,0.75,0.19
15.03.2020 22:33:48.215 GMT+0100,1.1185500000000002,1.11814,0.86,0.19
15.03.2020 22:33:49.462 GMT+0100,1.11856,1.11814,0.86,0.19
15.03.2020 22:33:49.790 GMT+0100,1.11856,1.11815,0.86,0.75
15.03.2020 22:33:51.398 GMT+0100,1.11854,1.11815,0.86,0.75
15.03.2020 22:33:51.562 GMT+0100,1.11853,1.11815,0.75,0.75
15.03.2020 22:33:53.759 GMT+0100,1.11853,1.1182200000000002,0.75,0.75
15.03.2020 22:33:53.861 GMT+0100,1.1185500000000002,1.1183,0.11,0.75
15.03.2020 22:33:53.963 GMT+0100,1.11887,1.11829,0.75,0.75
15.03.2020 22:33:54.014 GMT+0100,1.11889,1.11829,0.75,0.75
15.03.2020 22:33:56.958 GMT+0100,1.1189,1.11829,0.75,0.75
15.03.2020 22:33:57.060 GMT+0100,1.1189,1.1183,0.75,0.75
15.03.2020 22:34:05.847 GMT+0100,1.1187200000000002,1.1183,0.75,0.75
15.03.2020 22:34:05.898 GMT+0100,1.1189,1.11826,0.75,0.75
15.03.2020 22:34:05.999 GMT+0100,1.11891,1.11826,0.75,0.75
15.03.2020 22:34:07.898 GMT+0100,1.11889,1.11826,0.75,0.75
15.03.2020 22:34:09.568 GMT+0100,1.11891,1.11826,0.75,0.75
15.03.2020 22:34:09.669 GMT+0100,1.1189,1.11826,0.37,0.75
15.03.2020 22:34:09.770 GMT+0100,1.1188600000000002,1.11826,0.75,0.75
15.03.2020 22:34:09.821 GMT+0100,1.1189200000000001,1.11826,0.75,0.75
15.03.2020 22:34:09.972 GMT+0100,1.1189,1.11826,0.37,0.75
15.03.2020 22:34:10.073 GMT+0100,1.11891,1.11826,0.75,0.75
15.03.2020 22:34:10.174 GMT+0100,1.1189200000000001,1.11826,0.75,0.75
15.03.2020 22:34:10.279 GMT+0100,1.11891,1.11826,0.75,0.75
15.03.2020 22:34:10.380 GMT+0100,1.11887,1.1179100000000002,0.75,0.19
15.03.2020 22:34:10.481 GMT+0100,1.11887,1.11796,0.75,0.75
15.03.2020 22:34:10.582 GMT+0100,1.11823,1.1180100000000002,0.75,0.75
15.03.2020 22:34:10.684 GMT+0100,1.1181100000000002,1.1180100000000002,0.19,0.75
15.03.2020 22:34:10.735 GMT+0100,1.1183200000000002,1.11809,1.5,0.75
15.03.2020 22:34:10.785 GMT+0100,1.11846,1.11816,0.75,0.75
15.03.2020 22:34:10.836 GMT+0100,1.1183400000000001,1.11809,0.75,0.11
15.03.2020 22:34:10.937 GMT+0100,1.11891,1.1182400000000001,1.12,0.6
15.03.2020 22:34:11.038 GMT+0100,1.11889,1.1182400000000001,0.75,0.6
15.03.2020 22:34:11.089 GMT+0100,1.1188799999999999,1.1182,0.75,0.075
15.03.2020 22:34:11.190 GMT+0100,1.1188799999999999,1.1180100000000002,0.75,0.77
15.03.2020 22:34:15.967 GMT+0100,1.11837,1.1181,0.75,0.0187
15.03.2020 22:34:16.018 GMT+0100,1.11843,1.1180100000000002,0.75,0.77
15.03.2020 22:34:16.069 GMT+0100,1.11823,1.1180100000000002,1.5,0.77
15.03.2020 22:34:16.170 GMT+0100,1.11839,1.11816,0.75,0.75
15.03.2020 22:34:16.272 GMT+0100,1.11823,1.1180100000000002,0.75,0.77
15.03.2020 22:34:16.374 GMT+0100,1.11826,1.1180100000000002,0.37,0.77
15.03.2020 22:34:16.678 GMT+0100,1.11825,1.1180100000000002,0.37,0.77
15.03.2020 22:34:16.880 GMT+0100,1.11826,1.1180100000000002,0.37,0.77
15.03.2020 22:34:16.982 GMT+0100,1.11833,1.1180100000000002,0.11,0.77
15.03.2020 22:34:17.564 GMT+0100,1.11881,1.1180100000000002,0.37,0.77
15.03.2020 22:34:20.309 GMT+0100,1.1188200000000001,1.1180100000000002,0.75,0.77
15.03.2020 22:34:20.556 GMT+0100,1.1188,1.1180100000000002,0.75,0.77
15.03.2020 22:34:25.059 GMT+0100,1.11879,1.1180100000000002,0.75,0.77
15.03.2020 22:34:28.212 GMT+0100,1.1187799999999999,1.1180100000000002,0.75,0.77
15.03.2020 22:34:35.879 GMT+0100,1.11879,1.1180200000000002,0.37,0.77
15.03.2020 22:34:35.930 GMT+0100,1.11889,1.1180200000000002,0.11,0.77
15.03.2020 22:34:36.031 GMT+0100,1.11891,1.1180200000000002,0.75,0.77
15.03.2020 22:34:40.376 GMT+0100,1.1189200000000001,1.1180200000000002,1.12,0.77
15.03.2020 22:34:48.900 GMT+0100,1.11881,1.1181,0.19,0.0187
15.03.2020 22:35:00.774 GMT+0100,1.11856,1.1181,0.75,0.0187
15.03.2020 22:35:00.875 GMT+0100,1.1185500000000002,1.1181,0.75,0.0187
15.03.2020 22:35:04.370 GMT+0100,1.11854,1.1181,0.75,0.0187
15.03.2020 22:35:10.131 GMT+0100,1.11854,1.1181100000000002,0.75,0.0187
15.03.2020 22:35:19.058 GMT+0100,1.1185500000000002,1.1181,0.75,0.0187
15.03.2020 22:35:23.192 GMT+0100,1.11853,1.1181,0.37,0.0187
15.03.2020 22:35:23.294 GMT+0100,1.11817,1.1181,0.37,0.0187
15.03.2020 22:35:23.395 GMT+0100,1.11818,1.1181,0.11,0.0187
15.03.2020 22:35:23.445 GMT+0100,1.1182400000000001,1.1181,0.37,0.0187
15.03.2020 22:35:23.546 GMT+0100,1.11818,1.1181,0.11,0.0187
15.03.2020 22:35:23.648 GMT+0100,1.1184,1.1181,0.75,0.0187
15.03.2020 22:35:23.749 GMT+0100,1.11856,1.1181,0.19,0.0187
15.03.2020 22:35:23.951 GMT+0100,1.11846,1.1181,0.75,0.0187
15.03.2020 22:35:24.052 GMT+0100,1.11818,1.1181,0.11,0.0187
15.03.2020 22:35:24.153 GMT+0100,1.1184,1.11814,0.75,0.37
15.03.2020 22:35:24.254 GMT+0100,1.11858,1.11814,0.75,0.11
15.03.2020 22:35:28.935 GMT+0100,1.11857,1.11814,0.75,0.11
15.03.2020 22:35:29.036 GMT+0100,1.11857,1.1181,0.75,0.0187
15.03.2020 22:35:29.477 GMT+0100,1.11857,1.1182200000000002,0.75,0.75
15.03.2020 22:35:29.578 GMT+0100,1.11853,1.1182200000000002,0.19,0.75
15.03.2020 22:35:37.660 GMT+0100,1.1188799999999999,1.11839,0.75,0.75
15.03.2020 22:35:37.812 GMT+0100,1.1188799999999999,1.1187200000000002,0.75,0.75
15.03.2020 22:35:45.404 GMT+0100,1.1187799999999999,1.11864,0.75,0.19
15.03.2020 22:35:50.024 GMT+0100,1.11894,1.1186500000000001,0.75,0.19
15.03.2020 22:35:53.720 GMT+0100,1.11894,1.1187500000000001,0.75,0.37
15.03.2020 22:35:54.719 GMT+0100,1.11894,1.1186500000000001,0.86,0.19
15.03.2020 22:35:55.020 GMT+0100,1.11894,1.1187500000000001,0.86,0.37
15.03.2020 22:35:55.139 GMT+0100,1.11894,1.1187799999999999,0.86,0.19
15.03.2020 22:35:56.858 GMT+0100,1.11894,1.11867,0.86,0.19
15.03.2020 22:35:57.856 GMT+0100,1.11894,1.1187799999999999,0.86,0.19
15.03.2020 22:35:58.862 GMT+0100,1.11894,1.11871,0.86,0.75
15.03.2020 22:35:58.913 GMT+0100,1.1189200000000001,1.1186200000000002,0.75,0.75
15.03.2020 22:35:59.014 GMT+0100,1.11893,1.1186200000000002,0.75,0.75
15.03.2020 22:35:59.065 GMT+0100,1.11893,1.1186,0.75,0.75
15.03.2020 22:36:02.834 GMT+0100,1.11893,1.11861,0.75,0.75
15.03.2020 22:36:03.825 GMT+0100,1.11894,1.1186,0.86,0.75
15.03.2020 22:36:03.926 GMT+0100,1.1189500000000001,1.1186,0.11,0.75
15.03.2020 22:36:04.131 GMT+0100,1.1189500000000001,1.1186500000000001,0.11,0.75
15.03.2020 22:36:04.233 GMT+0100,1.1192700000000002,1.1190700000000002,0.75,0.19
15.03.2020 22:36:07.963 GMT+0100,1.1191200000000001,1.11901,0.75,0.19
15.03.2020 22:36:08.065 GMT+0100,1.11914,1.11901,0.75,0.19
15.03.2020 22:36:14.200 GMT+0100,1.11914,1.11905,0.75,0.75
15.03.2020 22:36:14.943 GMT+0100,1.11914,1.11901,0.75,0.19
15.03.2020 22:36:15.096 GMT+0100,1.11914,1.11904,0.75,0.75
15.03.2020 22:36:15.381 GMT+0100,1.11914,1.11905,0.75,0.75
15.03.2020 22:36:15.993 GMT+0100,1.11914,1.11904,0.75,0.75
15.03.2020 22:36:17.046 GMT+0100,1.11897,1.11889,8.44,0.19
15.03.2020 22:36:17.147 GMT+0100,1.11897,1.11889,12.94,0.19
15.03.2020 22:36:17.198 GMT+0100,1.1189500000000001,1.11883,17.62,0.22
15.03.2020 22:36:17.249 GMT+0100,1.11884,1.11856,0.75,0.19
15.03.2020 22:36:17.300 GMT+0100,1.11884,1.11854,0.75,0.19
15.03.2020 22:36:17.401 GMT+0100,1.11884,1.1185100000000001,0.75,0.19
15.03.2020 22:36:18.207 GMT+0100,1.11884,1.11854,0.75,0.19
15.03.2020 22:36:20.171 GMT+0100,1.11884,1.11853,0.75,0.19
15.03.2020 22:36:20.272 GMT+0100,1.11884,1.11854,0.75,0.94
15.03.2020 22:36:20.323 GMT+0100,1.11884,1.11843,0.75,0.19
15.03.2020 22:36:20.373 GMT+0100,1.11884,1.11853,0.75,0.19
15.03.2020 22:36:20.965 GMT+0100,1.11884,1.11854,0.75,0.75
15.03.2020 22:36:21.066 GMT+0100,1.11884,1.11861,0.75,0.37
15.03.2020 22:36:21.117 GMT+0100,1.11884,1.11854,0.75,1.5
15.03.2020 22:36:21.168 GMT+0100,1.11884,1.11861,0.75,0.37
15.03.2020 22:36:22.664 GMT+0100,1.1189500000000001,1.11881,0.75,0.75
15.03.2020 22:36:22.715 GMT+0100,1.11942,1.11931,0.75,0.75
15.03.2020 22:36:22.816 GMT+0100,1.11942,1.11935,0.75,0.19
15.03.2020 22:36:23.224 GMT+0100,1.11944,1.11935,0.75,0.19
15.03.2020 22:36:25.043 GMT+0100,1.11915,1.1188600000000002,0.75,0.75
15.03.2020 22:36:25.094 GMT+0100,1.11899,1.11866,0.75,0.19
15.03.2020 22:36:25.145 GMT+0100,1.11899,1.11843,0.75,0.19
15.03.2020 22:36:25.196 GMT+0100,1.11899,1.11854,0.75,0.94
15.03.2020 22:36:25.247 GMT+0100,1.11899,1.11849,0.75,0.19
15.03.2020 22:36:32.192 GMT+0100,1.11898,1.11849,0.75,0.19
15.03.2020 22:36:42.838 GMT+0100,1.11908,1.11849,0.75,0.19
15.03.2020 22:36:43.658 GMT+0100,1.11909,1.11849,0.75,0.19
15.03.2020 22:36:43.759 GMT+0100,1.11908,1.11849,0.75,0.19
15.03.2020 22:36:49.297 GMT+0100,1.11884,1.11845,0.75,1.5
15.03.2020 22:36:50.832 GMT+0100,1.1189500000000001,1.11845,0.75,1.5
15.03.2020 22:36:50.883 GMT+0100,1.11899,1.11849,0.75,1.69
15.03.2020 22:36:50.984 GMT+0100,1.11899,1.1187,0.75,0.19
15.03.2020 22:36:52.754 GMT+0100,1.119,1.1187,0.75,0.19
15.03.2020 22:37:13.813 GMT+0100,1.1189600000000002,1.11866,0.75,0.19
15.03.2020 22:37:23.392 GMT+0100,1.119,1.1187,0.75,0.19
15.03.2020 22:37:44.692 GMT+0100,1.11894,1.11864,0.75,0.19
15.03.2020 22:37:48.798 GMT+0100,1.11901,1.11866,0.19,0.19
15.03.2020 22:37:49.301 GMT+0100,1.11905,1.11866,0.15,0.19
15.03.2020 22:37:49.351 GMT+0100,1.11894,1.11864,0.75,0.19
15.03.2020 22:37:58.110 GMT+0100,1.11911,1.11866,0.75,0.19
15.03.2020 22:37:58.211 GMT+0100,1.1191200000000001,1.11866,0.75,0.19
15.03.2020 22:37:59.324 GMT+0100,1.1191700000000002,1.11866,0.94,0.19
15.03.2020 22:37:59.375 GMT+0100,1.1192,1.11866,0.19,0.19
15.03.2020 22:38:09.537 GMT+0100,1.11897,1.11858,0.19,0.75
15.03.2020 22:38:17.768 GMT+0100,1.11905,1.1187,0.19,0.75
15.03.2020 22:38:22.938 GMT+0100,1.11897,1.11867,0.19,0.75
15.03.2020 22:38:23.046 GMT+0100,1.11897,1.11864,0.19,0.75
15.03.2020 22:38:34.165 GMT+0100,1.11897,1.11867,0.19,0.75
15.03.2020 22:38:41.796 GMT+0100,1.11897,1.11861,0.19,0.75
15.03.2020 22:38:41.897 GMT+0100,1.11897,1.11858,0.19,0.19
15.03.2020 22:38:42.498 GMT+0100,1.11898,1.11848,0.19,0.75
15.03.2020 22:38:42.599 GMT+0100,1.11897,1.11849,0.19,2.06
15.03.2020 22:38:42.709 GMT+0100,1.11897,1.11858,0.19,0.19
15.03.2020 22:38:56.270 GMT+0100,1.11897,1.1187200000000002,0.19,0.75
15.03.2020 22:38:57.171 GMT+0100,1.11897,1.11867,0.19,0.75
15.03.2020 22:38:57.222 GMT+0100,1.11897,1.11864,0.19,0.75
15.03.2020 22:38:58.335 GMT+0100,1.11897,1.1187200000000002,0.19,0.75
15.03.2020 22:39:03.012 GMT+0100,1.11897,1.11866,0.19,1.69
15.03.2020 22:39:03.063 GMT+0100,1.11897,1.11864,0.19,0.75
15.03.2020 22:39:14.764 GMT+0100,1.11897,1.11867,0.19,0.94
15.03.2020 22:39:22.746 GMT+0100,1.11897,1.11869,0.19,0.94
15.03.2020 22:39:23.014 GMT+0100,1.1191,1.11874,0.19,0.94
15.03.2020 22:39:23.115 GMT+0100,1.1191,1.1187500000000001,0.19,0.75
15.03.2020 22:39:23.166 GMT+0100,1.11897,1.1187,0.19,0.94
15.03.2020 22:39:23.281 GMT+0100,1.11897,1.11869,0.19,0.94
15.03.2020 22:39:24.078 GMT+0100,1.11897,1.11867,0.19,0.94
15.03.2020 22:39:24.268 GMT+0100,1.11897,1.11869,0.19,0.94
15.03.2020 22:39:30.550 GMT+0100,1.11897,1.11874,0.19,0.75
15.03.2020 22:39:35.580 GMT+0100,1.11897,1.1187200000000002,0.19,0.75
15.03.2020 22:39:40.132 GMT+0100,1.11897,1.11874,0.19,0.75
15.03.2020 22:39:53.207 GMT+0100,1.11897,1.11884,0.19,0.75
15.03.2020 22:39:53.308 GMT+0100,1.11897,1.11874,0.19,0.75
15.03.2020 22:40:08.088 GMT+0100,1.11897,1.1187200000000002,0.19,0.75
15.03.2020 22:40:08.138 GMT+0100,1.1189,1.1187200000000002,0.19,0.75
15.03.2020 22:40:12.802 GMT+0100,1.1189,1.1185500000000002,0.19,0.19
15.03.2020 22:40:29.760 GMT+0100,1.1189,1.11858,0.19,0.75
15.03.2020 22:40:50.464 GMT+0100,1.11898,1.1187600000000002,0.19,0.67
15.03.2020 22:40:50.565 GMT+0100,1.11898,1.11873,0.19,0.86
15.03.2020 22:40:50.984 GMT+0100,1.11898,1.11874,0.19,0.67
15.03.2020 22:40:51.397 GMT+0100,1.11898,1.1187500000000001,0.19,0.86
15.03.2020 22:40:51.448 GMT+0100,1.1189,1.1187500000000001,0.19,0.86
15.03.2020 22:40:51.498 GMT+0100,1.1189,1.11858,0.19,0.75
15.03.2020 22:40:51.549 GMT+0100,1.11897,1.1187,0.19,0.37
15.03.2020 22:40:51.650 GMT+0100,1.11897,1.11874,0.19,0.16
15.03.2020 22:40:51.783 GMT+0100,1.11897,1.1187500000000001,0.19,0.16
15.03.2020 22:40:52.412 GMT+0100,1.11897,1.11877,0.19,0.16
15.03.2020 22:40:52.513 GMT+0100,1.11889,1.1186500000000001,0.19,0.75
15.03.2020 22:40:52.615 GMT+0100,1.119,1.11869,0.19,0.75
15.03.2020 22:40:52.666 GMT+0100,1.119,1.11873,0.19,0.37
15.03.2020 22:40:52.767 GMT+0100,1.119,1.11877,0.19,0.16
15.03.2020 22:40:52.932 GMT+0100,1.11903,1.1187799999999999,1.5,0.16
15.03.2020 22:40:53.584 GMT+0100,1.1189,1.1187799999999999,0.19,0.16
15.03.2020 22:40:53.635 GMT+0100,1.1189,1.1186500000000001,0.19,0.75
15.03.2020 22:40:53.762 GMT+0100,1.11899,1.1187600000000002,0.19,0.37
15.03.2020 22:40:53.863 GMT+0100,1.11899,1.11879,0.19,0.16
15.03.2020 22:40:54.089 GMT+0100,1.11897,1.11879,0.19,0.16
15.03.2020 22:40:54.140 GMT+0100,1.11897,1.11867,0.19,0.75
15.03.2020 22:40:57.668 GMT+0100,1.11909,1.1187,0.19,0.75
15.03.2020 22:40:57.908 GMT+0100,1.11909,1.11867,0.19,0.75
15.03.2020 22:40:57.959 GMT+0100,1.11897,1.11867,0.19,0.75
15.03.2020 22:40:58.110 GMT+0100,1.1191,1.1187,0.19,0.75
15.03.2020 22:41:03.387 GMT+0100,1.11923,1.1187600000000002,0.94,0.75
15.03.2020 22:41:03.539 GMT+0100,1.11935,1.11877,0.19,0.75
15.03.2020 22:41:08.283 GMT+0100,1.1195000000000002,1.11899,0.75,0.56
15.03.2020 22:41:09.204 GMT+0100,1.11935,1.11899,0.19,0.56
15.03.2020 22:41:09.305 GMT+0100,1.11935,1.11877,0.19,0.75
15.03.2020 22:41:30.448 GMT+0100,1.11935,1.11879,0.19,0.75
15.03.2020 22:41:30.549 GMT+0100,1.11938,1.1190700000000002,0.19,0.75
15.03.2020 22:41:30.600 GMT+0100,1.11938,1.11899,0.19,0.94
15.03.2020 22:41:32.455 GMT+0100,1.11944,1.11899,0.19,0.22
15.03.2020 22:41:32.505 GMT+0100,1.11938,1.11899,0.19,0.22
15.03.2020 22:41:33.365 GMT+0100,1.11938,1.11877,0.19,0.75
15.03.2020 22:41:47.424 GMT+0100,1.11938,1.11869,0.19,0.75
15.03.2020 22:41:47.475 GMT+0100,1.11938,1.11867,0.19,0.19
15.03.2020 22:42:11.953 GMT+0100,1.11918,1.11863,0.19,1.5
15.03.2020 22:42:12.888 GMT+0100,1.11918,1.1186200000000002,0.19,0.19
15.03.2020 22:42:14.251 GMT+0100,1.11918,1.11901,0.19,0.015
15.03.2020 22:42:44.183 GMT+0100,1.1192900000000001,1.11905,0.19,0.0142
15.03.2020 22:42:55.514 GMT+0100,1.11932,1.1190600000000002,0.19,0.0142
15.03.2020 22:43:05.570 GMT+0100,1.1192900000000001,1.1190600000000002,0.19,0.0142
15.03.2020 22:43:12.751 GMT+0100,1.11932,1.1190600000000002,0.19,0.0142
15.03.2020 22:43:12.903 GMT+0100,1.11939,1.1190600000000002,0.19,0.0142
15.03.2020 22:43:17.249 GMT+0100,1.11944,1.1190600000000002,0.19,0.0142
15.03.2020 22:43:17.300 GMT+0100,1.11944,1.11922,0.19,0.75
15.03.2020 22:43:17.351 GMT+0100,1.11948,1.11922,0.19,0.75
15.03.2020 22:43:17.452 GMT+0100,1.11951,1.11908,0.19,0.75
15.03.2020 22:43:17.554 GMT+0100,1.11951,1.1190700000000002,0.19,0.75
15.03.2020 22:43:18.059 GMT+0100,1.11951,1.11908,0.19,0.75
15.03.2020 22:43:18.160 GMT+0100,1.11951,1.1190700000000002,0.19,0.75
15.03.2020 22:43:18.766 GMT+0100,1.11951,1.11908,0.19,0.75
15.03.2020 22:43:18.867 GMT+0100,1.11951,1.1190700000000002,0.19,0.75
15.03.2020 22:43:19.170 GMT+0100,1.1194700000000002,1.1190700000000002,0.19,0.75
15.03.2020 22:43:20.230 GMT+0100,1.1194700000000002,1.11908,0.19,0.75
15.03.2020 22:43:20.332 GMT+0100,1.1194700000000002,1.1190700000000002,0.19,0.75
15.03.2020 22:43:20.433 GMT+0100,1.11953,1.11922,0.94,0.75
15.03.2020 22:43:20.534 GMT+0100,1.11952,1.1190700000000002,0.19,0.75
15.03.2020 22:43:20.635 GMT+0100,1.1194700000000002,1.1190700000000002,0.19,0.75
15.03.2020 22:43:22.336 GMT+0100,1.1194700000000002,1.1191,0.19,0.75
15.03.2020 22:43:22.387 GMT+0100,1.11964,1.11953,1.5,0.75
15.03.2020 22:43:22.488 GMT+0100,1.11953,1.1193600000000001,0.75,0.0135
15.03.2020 22:43:23.556 GMT+0100,1.11949,1.11922,0.75,0.75
15.03.2020 22:43:23.657 GMT+0100,1.11953,1.11939,0.94,0.0135
15.03.2020 22:43:23.708 GMT+0100,1.1194600000000001,1.1190700000000002,0.19,1.5
15.03.2020 22:43:23.859 GMT+0100,1.11953,1.11934,0.19,0.0135
15.03.2020 22:43:23.910 GMT+0100,1.1194600000000001,1.1190700000000002,0.19,0.75
15.03.2020 22:43:24.011 GMT+0100,1.11938,1.1190700000000002,0.19,0.75
15.03.2020 22:43:26.768 GMT+0100,1.11941,1.11922,0.19,0.75
15.03.2020 22:43:26.869 GMT+0100,1.11932,1.11903,0.19,0.75
15.03.2020 22:43:26.920 GMT+0100,1.11943,1.11898,0.19,0.75
15.03.2020 22:43:26.971 GMT+0100,1.11934,1.1190700000000002,0.19,0.75
15.03.2020 22:43:27.072 GMT+0100,1.11948,1.1190700000000002,0.19,0.75
15.03.2020 22:43:27.123 GMT+0100,1.11941,1.1190700000000002,0.19,0.75
15.03.2020 22:43:29.296 GMT+0100,1.11938,1.1190700000000002,0.19,0.75
15.03.2020 22:43:29.766 GMT+0100,1.1192600000000001,1.11884,0.19,0.19
15.03.2020 22:43:29.969 GMT+0100,1.1192600000000001,1.11877,0.19,0.75
15.03.2020 22:43:33.939 GMT+0100,1.11924,1.1186500000000001,0.19,1.69
15.03.2020 22:43:34.041 GMT+0100,1.11924,1.11863,0.19,0.94
15.03.2020 22:43:39.507 GMT+0100,1.11924,1.11889,0.19,0.75
15.03.2020 22:43:39.558 GMT+0100,1.1192700000000002,1.1188799999999999,0.19,0.19
15.03.2020 22:43:44.390 GMT+0100,1.1191200000000001,1.1188799999999999,0.75,0.19
15.03.2020 22:43:49.114 GMT+0100,1.11915,1.1188799999999999,0.75,0.19
15.03.2020 22:43:51.128 GMT+0100,1.1192700000000002,1.1188799999999999,0.19,0.19
15.03.2020 22:43:54.718 GMT+0100,1.1192900000000001,1.11877,0.19,0.75
15.03.2020 22:43:54.769 GMT+0100,1.1192900000000001,1.1187200000000002,0.19,0.19
15.03.2020 22:43:58.634 GMT+0100,1.1192700000000002,1.1187200000000002,0.75,0.19
15.03.2020 22:43:58.735 GMT+0100,1.1192900000000001,1.1187600000000002,0.56,0.75
15.03.2020 22:43:58.836 GMT+0100,1.11921,1.119,0.75,0.75
15.03.2020 22:43:58.887 GMT+0100,1.11923,1.1186200000000002,0.19,0.19
15.03.2020 22:43:59.582 GMT+0100,1.11923,1.1190200000000001,0.19,0.75
15.03.2020 22:43:59.633 GMT+0100,1.1193,1.11904,0.19,0.75
15.03.2020 22:43:59.784 GMT+0100,1.1193,1.11905,0.19,0.19
15.03.2020 22:44:06.064 GMT+0100,1.1192,1.11905,0.75,0.19
15.03.2020 22:44:06.711 GMT+0100,1.11921,1.11905,0.75,0.19
15.03.2020 22:44:10.698 GMT+0100,1.11933,1.11928,0.75,0.75
15.03.2020 22:44:11.003 GMT+0100,1.11932,1.11928,0.75,0.75
15.03.2020 22:44:11.205 GMT+0100,1.11919,1.11905,0.75,0.19
15.03.2020 22:44:11.255 GMT+0100,1.11931,1.11923,0.75,0.19
15.03.2020 22:44:11.370 GMT+0100,1.11932,1.11923,0.75,0.19
15.03.2020 22:44:14.862 GMT+0100,1.11933,1.11923,0.75,0.19
15.03.2020 22:44:15.257 GMT+0100,1.11932,1.11923,0.75,0.19
15.03.2020 22:44:15.360 GMT+0100,1.11933,1.11923,0.75,0.19
15.03.2020 22:44:19.050 GMT+0100,1.11933,1.11919,0.75,0.19
15.03.2020 22:44:19.152 GMT+0100,1.11931,1.11919,0.75,0.19
15.03.2020 22:44:20.060 GMT+0100,1.11931,1.1192,0.75,0.37
15.03.2020 22:44:20.701 GMT+0100,1.11931,1.11925,0.75,0.37
15.03.2020 22:44:27.039 GMT+0100,1.11931,1.11919,0.75,1.69
15.03.2020 22:44:27.090 GMT+0100,1.1192900000000001,1.11919,0.75,0.19
15.03.2020 22:44:27.983 GMT+0100,1.1193,1.11919,0.75,0.94
15.03.2020 22:44:28.085 GMT+0100,1.11928,1.11919,0.75,0.37
15.03.2020 22:44:30.107 GMT+0100,1.11919,1.1190700000000002,0.75,0.94
15.03.2020 22:44:30.259 GMT+0100,1.11919,1.11913,0.75,0.32
15.03.2020 22:44:30.309 GMT+0100,1.11919,1.11898,0.75,0.19
15.03.2020 22:44:33.255 GMT+0100,1.11928,1.11897,0.75,0.19
15.03.2020 22:44:39.983 GMT+0100,1.1191200000000001,1.11897,0.75,0.94
15.03.2020 22:44:40.034 GMT+0100,1.11928,1.11897,0.75,1.12
15.03.2020 22:44:40.122 GMT+0100,1.11925,1.11897,0.75,1.12
15.03.2020 22:44:40.173 GMT+0100,1.11928,1.11897,0.75,0.94
15.03.2020 22:44:44.282 GMT+0100,1.1191200000000001,1.11897,0.75,0.94
15.03.2020 22:44:44.382 GMT+0100,1.1191200000000001,1.1189500000000001,0.75,0.45
15.03.2020 22:44:44.484 GMT+0100,1.11908,1.1189500000000001,0.75,0.45
15.03.2020 22:44:48.091 GMT+0100,1.11908,1.11856,0.75,0.37
15.03.2020 22:44:54.946 GMT+0100,1.11908,1.11854,0.75,0.37
15.03.2020 22:45:00.400 GMT+0100,1.11908,1.1185500000000002,0.75,0.75
15.03.2020 22:45:01.362 GMT+0100,1.1190700000000002,1.11853,0.75,1.12
15.03.2020 22:45:03.075 GMT+0100,1.1190600000000002,1.11853,0.75,1.12
15.03.2020 22:45:03.176 GMT+0100,1.1190700000000002,1.11853,0.75,1.12
15.03.2020 22:45:03.378 GMT+0100,1.1187200000000002,1.11853,1.8,1.12
15.03.2020 22:45:03.428 GMT+0100,1.1190700000000002,1.11848,3,0.75
15.03.2020 22:45:03.530 GMT+0100,1.1190700000000002,1.1188600000000002,0.75,0.075
15.03.2020 22:45:03.631 GMT+0100,1.1190700000000002,1.1187,0.75,1.5
15.03.2020 22:45:03.732 GMT+0100,1.1190700000000002,1.11848,0.75,0.75
15.03.2020 22:45:10.084 GMT+0100,1.1190700000000002,1.11845,0.75,0.75
15.03.2020 22:45:11.012 GMT+0100,1.1190700000000002,1.11846,0.75,0.37
15.03.2020 22:45:24.963 GMT+0100,1.11901,1.11845,0.75,0.37
15.03.2020 22:45:25.115 GMT+0100,1.1190200000000001,1.11845,0.75,0.37
15.03.2020 22:45:25.266 GMT+0100,1.11901,1.11845,0.75,0.37
15.03.2020 22:45:30.209 GMT+0100,1.11901,1.11838,0.75,0.75
15.03.2020 22:46:10.683 GMT+0100,1.11901,1.11837,0.75,1.12
15.03.2020 22:46:32.248 GMT+0100,1.11898,1.11837,0.75,0.75
15.03.2020 22:46:34.375 GMT+0100,1.11898,1.11844,0.75,0.19
15.03.2020 22:46:36.018 GMT+0100,1.11897,1.11845,0.75,0.19
15.03.2020 22:46:36.221 GMT+0100,1.1190200000000001,1.11845,0.75,0.19
15.03.2020 22:46:38.410 GMT+0100,1.1188799999999999,1.11844,2.25,0.19
15.03.2020 22:46:38.461 GMT+0100,1.11905,1.11844,0.75,0.19
15.03.2020 22:46:38.512 GMT+0100,1.11905,1.11858,0.75,0.75
15.03.2020 22:46:38.563 GMT+0100,1.11905,1.11844,0.75,0.19
15.03.2020 22:46:38.715 GMT+0100,1.11909,1.11844,0.75,0.19
15.03.2020 22:46:39.608 GMT+0100,1.11898,1.11844,0.75,0.19
15.03.2020 22:46:39.659 GMT+0100,1.11918,1.11844,0.75,0.19
15.03.2020 22:46:39.710 GMT+0100,1.11921,1.11844,0.19,0.19
15.03.2020 22:46:49.807 GMT+0100,1.1192,1.11844,0.75,0.19
15.03.2020 22:46:49.908 GMT+0100,1.11921,1.11844,0.19,0.19
15.03.2020 22:46:50.060 GMT+0100,1.11921,1.11864,0.19,0.75
15.03.2020 22:46:50.161 GMT+0100,1.11921,1.1190600000000002,0.19,0.11
15.03.2020 22:46:50.211 GMT+0100,1.1192700000000002,1.11911,0.75,0.56
15.03.2020 22:46:50.313 GMT+0100,1.11925,1.1190600000000002,0.19,0.41
15.03.2020 22:46:50.414 GMT+0100,1.11925,1.1185,0.94,0.19
15.03.2020 22:46:53.180 GMT+0100,1.11899,1.1185,0.75,0.19
15.03.2020 22:46:57.606 GMT+0100,1.11903,1.1185,0.75,0.19
15.03.2020 22:46:59.742 GMT+0100,1.1190700000000002,1.1185,0.75,0.19
15.03.2020 22:46:59.844 GMT+0100,1.1190700000000002,1.1185100000000001,0.75,0.19
15.03.2020 22:46:59.944 GMT+0100,1.11911,1.11854,0.75,0.19
15.03.2020 22:47:03.527 GMT+0100,1.11909,1.11854,0.75,0.19
15.03.2020 22:47:03.578 GMT+0100,1.1190600000000002,1.11844,0.75,0.19
15.03.2020 22:47:19.862 GMT+0100,1.1190200000000001,1.11844,0.75,0.19
15.03.2020 22:47:26.653 GMT+0100,1.11898,1.11844,0.75,0.19
15.03.2020 22:47:28.955 GMT+0100,1.1190600000000002,1.11844,0.75,0.19
15.03.2020 22:47:42.513 GMT+0100,1.119,1.11818,0.75,0.19
15.03.2020 22:47:42.565 GMT+0100,1.1189500000000001,1.11818,0.75,0.19
15.03.2020 22:47:42.844 GMT+0100,1.1191,1.11818,0.75,0.19
15.03.2020 22:47:57.244 GMT+0100,1.1190600000000002,1.11823,0.75,0.19
15.03.2020 22:47:57.294 GMT+0100,1.11922,1.11823,0.19,0.19
15.03.2020 22:47:57.395 GMT+0100,1.1191700000000002,1.11818,0.19,0.19
15.03.2020 22:47:57.552 GMT+0100,1.1192,1.11825,0.19,0.19
15.03.2020 22:47:57.923 GMT+0100,1.11921,1.11829,0.19,0.19
15.03.2020 22:48:10.371 GMT+0100,1.11911,1.11827,0.75,0.19
15.03.2020 22:48:10.472 GMT+0100,1.11908,1.11848,0.75,0.75
15.03.2020 22:48:10.573 GMT+0100,1.11918,1.11848,0.19,0.75
15.03.2020 22:48:10.624 GMT+0100,1.11915,1.11848,0.75,0.75
15.03.2020 22:48:10.675 GMT+0100,1.11918,1.11848,0.19,0.75
15.03.2020 22:48:17.410 GMT+0100,1.11918,1.1191,0.19,0.41
15.03.2020 22:48:17.512 GMT+0100,1.11905,1.11848,0.75,0.75
15.03.2020 22:48:17.563 GMT+0100,1.11894,1.11835,0.19,0.75
15.03.2020 22:48:17.664 GMT+0100,1.11891,1.11835,0.19,0.75
15.03.2020 22:48:17.765 GMT+0100,1.11887,1.11835,0.19,0.75
15.03.2020 22:48:19.841 GMT+0100,1.11849,1.1182200000000002,0.75,0.75
15.03.2020 22:48:20.044 GMT+0100,1.11844,1.1182100000000001,0.19,0.75
15.03.2020 22:48:23.775 GMT+0100,1.11844,1.1182,0.19,0.75
15.03.2020 22:48:25.320 GMT+0100,1.11844,1.11816,0.19,0.19
15.03.2020 22:48:27.355 GMT+0100,1.1183200000000002,1.11816,0.75,0.19
15.03.2020 22:48:37.709 GMT+0100,1.1183200000000002,1.11808,0.75,0.21
15.03.2020 22:48:42.969 GMT+0100,1.11828,1.1180200000000002,0.75,0.96
15.03.2020 22:48:51.803 GMT+0100,1.1183,1.1181,0.75,0.0187
15.03.2020 22:48:59.344 GMT+0100,1.11829,1.1181,0.75,0.0187
15.03.2020 22:48:59.673 GMT+0100,1.11827,1.1181,0.75,0.0187
15.03.2020 22:49:00.043 GMT+0100,1.11829,1.1181,0.75,0.0187
15.03.2020 22:49:02.974 GMT+0100,1.1183,1.1181,0.19,0.0187
15.03.2020 22:49:19.093 GMT+0100,1.11827,1.1181,0.75,0.0187
15.03.2020 22:49:19.194 GMT+0100,1.1183,1.1181,0.75,0.0187
15.03.2020 22:49:21.463 GMT+0100,1.11836,1.1181,0.19,0.0187
15.03.2020 22:49:21.514 GMT+0100,1.11853,1.1181,0.75,0.0187
15.03.2020 22:49:21.666 GMT+0100,1.11857,1.1181,0.75,0.0187
15.03.2020 22:49:39.628 GMT+0100,1.1185100000000001,1.1181,0.75,0.0187
15.03.2020 22:49:39.679 GMT+0100,1.11857,1.1181,0.75,0.0187
15.03.2020 22:49:39.780 GMT+0100,1.1185500000000002,1.1181,0.75,0.0187
15.03.2020 22:49:39.881 GMT+0100,1.11857,1.1181,0.75,0.0187
15.03.2020 22:49:41.292 GMT+0100,1.11823,1.11809,0.75,0.0187
15.03.2020 22:49:41.343 GMT+0100,1.11853,1.1181,0.75,0.0187
15.03.2020 22:49:41.394 GMT+0100,1.11849,1.11836,1.12,0.37
15.03.2020 22:49:41.444 GMT+0100,1.11816,1.11808,2.25,0.37
15.03.2020 22:49:41.495 GMT+0100,1.11837,1.1181200000000002,0.75,0.67
15.03.2020 22:49:41.546 GMT+0100,1.11814,1.1181100000000002,0.75,0.67
15.03.2020 22:49:41.597 GMT+0100,1.11817,1.1181,0.6,0.0187
15.03.2020 22:49:41.648 GMT+0100,1.11866,1.11823,0.19,0.37
15.03.2020 22:49:41.698 GMT+0100,1.11866,1.11829,0.19,0.37
15.03.2020 22:49:41.799 GMT+0100,1.1187,1.11817,0.19,0.75
15.03.2020 22:49:41.900 GMT+0100,1.1187,1.11806,0.19,0.96
15.03.2020 22:49:44.879 GMT+0100,1.11866,1.1181,0.19,0.0187
15.03.2020 22:49:47.097 GMT+0100,1.11856,1.1181,0.75,0.0187
15.03.2020 22:49:47.572 GMT+0100,1.1185500000000002,1.1181,0.75,0.0187
15.03.2020 22:49:47.704 GMT+0100,1.1185200000000002,1.1181,0.37,0.0187
15.03.2020 22:49:48.096 GMT+0100,1.11847,1.1181,0.75,0.0187
15.03.2020 22:49:48.302 GMT+0100,1.11866,1.1181,0.19,0.0187
15.03.2020 22:50:03.848 GMT+0100,1.1187,1.1181,0.19,0.0187
15.03.2020 22:50:05.277 GMT+0100,1.11843,1.1180200000000002,0.75,0.96
15.03.2020 22:50:05.328 GMT+0100,1.1187,1.1180200000000002,0.19,0.96
15.03.2020 22:50:05.429 GMT+0100,1.11863,1.1181,0.75,0.0187
15.03.2020 22:50:05.531 GMT+0100,1.11846,1.1181,0.75,0.0187
15.03.2020 22:50:05.581 GMT+0100,1.11863,1.1181,0.75,0.0187
15.03.2020 22:50:05.632 GMT+0100,1.1185200000000002,1.1180100000000002,0.19,1.52
15.03.2020 22:50:05.683 GMT+0100,1.11854,1.1180100000000002,0.75,1.52
15.03.2020 22:50:05.784 GMT+0100,1.1185500000000002,1.1180200000000002,0.75,0.77
15.03.2020 22:50:06.238 GMT+0100,1.11846,1.11805,0.94,0.21
15.03.2020 22:50:06.289 GMT+0100,1.1185500000000002,1.1180200000000002,0.75,0.77
15.03.2020 22:50:06.541 GMT+0100,1.11846,1.11805,1.69,0.21
15.03.2020 22:50:06.592 GMT+0100,1.1185500000000002,1.1180200000000002,0.75,0.77
15.03.2020 22:50:06.693 GMT+0100,1.11849,1.1180200000000002,0.75,0.77
15.03.2020 22:50:06.744 GMT+0100,1.1185500000000002,1.1180200000000002,0.75,0.77
15.03.2020 22:50:06.845 GMT+0100,1.11846,1.11805,1.69,0.21
15.03.2020 22:50:06.896 GMT+0100,1.1185500000000002,1.1180200000000002,0.75,0.77
15.03.2020 22:50:06.997 GMT+0100,1.11846,1.11805,1.69,0.21
15.03.2020 22:50:07.047 GMT+0100,1.1185500000000002,1.1180200000000002,0.75,0.77
15.03.2020 22:50:07.149 GMT+0100,1.11846,1.11805,0.94,0.21
