Local time,Ask,Bid,AskVolume,BidVolume
15.03.2020 23:00:20.286 GMT+0100,2658.348,2657.64,0.003,0.003
15.03.2020 23:00:33.864 GMT+0100,2633.357,2632.6459999999997,0.0022,0.0022
15.03.2020 23:00:33.966 GMT+0100,2632.363,2631.6490000000003,0.0022,0.0022
15.03.2020 23:00:46.914 GMT+0100,2608.648,2608,0.0022,0.0022
15.03.2020 23:00:47.015 GMT+0100,2608.045,2607.349,0.0022,0.0022
15.03.2020 23:00:47.166 GMT+0100,2607.7000000000003,2607.052,0.0022,0.0022
15.03.2020 23:00:47.217 GMT+0100,2607.654,2606.9370000000004,0.0022,0.0022
15.03.2020 23:00:47.317 GMT+0100,2607.66,2606.9370000000004,0.0022,0.0022
15.03.2020 23:00:47.368 GMT+0100,2607.545,2606.846,0.0022,0.0022
15.03.2020 23:00:47.475 GMT+0100,2607.5660000000003,2606.9,0.0022,0.0022
15.03.2020 23:00:47.575 GMT+0100,2606.5660000000003,2605.837,0.0022,0.0022
15.03.2020 23:00:47.793 GMT+0100,2605.857,2605.146,0.0022,0.0022
15.03.2020 23:00:47.949 GMT+0100,2606.351,2605.634,0.0022,0.0022
15.03.2020 23:00:48.049 GMT+0100,2605.748,2605.052,0.0022,0.0022
15.03.2020 23:00:48.099 GMT+0100,2605.763,2605.043,0.0022,0.0022
15.03.2020 23:00:48.200 GMT+0100,2605.563,2604.846,0.0022,0.0022
15.03.2020 23:00:48.394 GMT+0100,2605.754,2605.0460000000003,0.0022,0.0022
15.03.2020 23:00:48.511 GMT+0100,2605.645,2604.9429999999998,0.0022,0.0022
15.03.2020 23:01:00.094 GMT+0100,2592.366,2591.655,0.0022,0.0022
15.03.2020 23:01:00.144 GMT+0100,2592.563,2591.855,0.0022,0.0022
15.03.2020 23:01:13.595 GMT+0100,2593.348,2592.655,0.0022,0.0022
15.03.2020 23:01:23.653 GMT+0100,2593.6,2592.934,0.0004,0.003
15.03.2020 23:01:23.704 GMT+0100,2594.148,2593.44,0.0027,0.003
15.03.2020 23:01:23.825 GMT+0100,2594.148,2593.855,0.0004,0.0022
15.03.2020 23:01:23.876 GMT+0100,2594.554,2593.855,0.0004,0.0022
15.03.2020 23:01:23.986 GMT+0100,2594.554,2594.155,0.0004,0.0022
15.03.2020 23:01:24.037 GMT+0100,2594.266,2593.5370000000003,0.0027,0.003
15.03.2020 23:01:24.087 GMT+0100,2594.86,2593.54,0.0027,0.003
15.03.2020 23:01:24.137 GMT+0100,2594.857,2594.146,0.0004,0.0022
15.03.2020 23:01:24.188 GMT+0100,2594.8450000000003,2594.143,0.0004,0.003
15.03.2020 23:01:24.298 GMT+0100,2594.86,2594.143,0.0027,0.003
15.03.2020 23:01:24.387 GMT+0100,2594.86,2593.5460000000003,0.0027,0.003
15.03.2020 23:01:24.437 GMT+0100,2594.266,2593.5460000000003,0.0027,0.0022
15.03.2020 23:01:24.548 GMT+0100,2594.266,2593.8520000000003,0.0004,0.0022
15.03.2020 23:01:24.598 GMT+0100,2594.548,2593.8520000000003,0.0004,0.0022
15.03.2020 23:01:24.710 GMT+0100,2594.548,2594.049,0.0004,0.0022
15.03.2020 23:01:24.760 GMT+0100,2594.751,2594.034,0.0004,0.003
15.03.2020 23:01:24.950 GMT+0100,2596.751,2596.0460000000003,0.0027,0.0045
15.03.2020 23:01:25.000 GMT+0100,2596.045,2595.4,0.0004,0.0022
15.03.2020 23:01:25.050 GMT+0100,2594.754,2594.0460000000003,0.0027,0.003
15.03.2020 23:01:25.101 GMT+0100,2596.3,2595.655,0.0004,0.003
15.03.2020 23:01:25.238 GMT+0100,2596.6510000000003,2595.94,0.0004,0.0022
15.03.2020 23:01:25.338 GMT+0100,2597.366,2596.643,0.0027,0.0022
15.03.2020 23:01:25.478 GMT+0100,2597.366,2597.0460000000003,0.0004,0.0022
15.03.2020 23:01:25.528 GMT+0100,2597.757,2597.0460000000003,0.0027,0.003
15.03.2020 23:01:25.578 GMT+0100,2597.266,2596.552,0.0027,0.003
15.03.2020 23:01:25.679 GMT+0100,2596.366,2595.637,0.0027,0.003
15.03.2020 23:01:25.779 GMT+0100,2596.366,2595.652,0.0004,0.0007
15.03.2020 23:01:25.829 GMT+0100,2596.363,2595.643,0.0027,0.0022
15.03.2020 23:01:25.880 GMT+0100,2597.763,2596.4370000000004,0.0027,0.003
15.03.2020 23:01:25.930 GMT+0100,2597.1510000000003,2596.44,0.0027,0.003
15.03.2020 23:01:25.980 GMT+0100,2598.2000000000003,2597.54,0.0027,0.0022
15.03.2020 23:01:26.081 GMT+0100,2599.851,2599.149,0.0004,0.0022
15.03.2020 23:01:26.194 GMT+0100,2599.851,2599.6,0.0004,0.0022
15.03.2020 23:01:26.245 GMT+0100,2599.763,2599.1,0.0027,0.0022
15.03.2020 23:01:26.375 GMT+0100,2599.763,2599.049,0.0004,0.0007
15.03.2020 23:01:26.425 GMT+0100,2601.666,2600.9370000000004,0.0027,0.003
15.03.2020 23:01:26.476 GMT+0100,2600.1510000000003,2599.455,0.0027,0.0022
15.03.2020 23:01:26.625 GMT+0100,2601.045,2600.343,0.0004,0.0022
15.03.2020 23:01:26.676 GMT+0100,2600.154,2599.449,0.0004,0.003
15.03.2020 23:01:26.726 GMT+0100,2601.063,2600.343,0.0027,0.0022
15.03.2020 23:01:26.776 GMT+0100,2600.145,2599.446,0.0004,0.003
15.03.2020 23:01:26.827 GMT+0100,2601.145,2600.434,0.0027,0.003
15.03.2020 23:01:26.969 GMT+0100,2601.145,2601.049,0.0004,0.0022
15.03.2020 23:01:27.019 GMT+0100,2602.357,2601.652,0.0027,0.0022
15.03.2020 23:01:27.070 GMT+0100,2602.654,2601.955,0.0027,0.0022
15.03.2020 23:01:27.120 GMT+0100,2601.863,2601.146,0.0004,0.003
15.03.2020 23:01:27.173 GMT+0100,2601.863,2601.7000000000003,0.0004,0.0022
15.03.2020 23:01:27.223 GMT+0100,2601.866,2601.149,0.0027,0.0022
15.03.2020 23:01:27.274 GMT+0100,2601.883,2601.843,0.0004,0.0022
15.03.2020 23:01:27.324 GMT+0100,2602.545,2601.843,0.0004,0.0022
15.03.2020 23:01:27.374 GMT+0100,2601.851,2601.152,0.0027,0.0022
15.03.2020 23:01:27.495 GMT+0100,2601.851,2601.455,0.0004,0.0022
15.03.2020 23:01:27.545 GMT+0100,2602.154,2601.455,0.0027,0.0022
15.03.2020 23:01:27.680 GMT+0100,2602.154,2601.9370000000004,0.0004,0.0022
15.03.2020 23:01:27.730 GMT+0100,2601.8450000000003,2601.137,0.0027,0.003
15.03.2020 23:01:27.780 GMT+0100,2602.56,2601.846,0.0027,0.0022
15.03.2020 23:01:27.881 GMT+0100,2602.36,2601.64,0.0027,0.003
15.03.2020 23:01:28.131 GMT+0100,2602.36,2602.152,0.0004,0.0022
15.03.2020 23:01:28.181 GMT+0100,2602.863,2602.152,0.0027,0.003
15.03.2020 23:01:28.520 GMT+0100,2603.0660000000003,2602.152,0.0027,0.003
15.03.2020 23:01:28.571 GMT+0100,2605.3,2604.649,0.0004,0.003
15.03.2020 23:01:38.734 GMT+0100,2613.357,2612.64,0.0027,0.0022
15.03.2020 23:01:38.838 GMT+0100,2610.866,2610.134,0.0027,0.003
15.03.2020 23:01:38.888 GMT+0100,2612.254,2611.555,0.0027,0.0022
15.03.2020 23:01:39.006 GMT+0100,2612.748,2612.04,0.0004,0.0022
15.03.2020 23:01:39.056 GMT+0100,2613.2000000000003,2612.54,0.0004,0.003
15.03.2020 23:01:39.162 GMT+0100,2612.3450000000003,2611.637,0.0004,0.003
15.03.2020 23:01:39.336 GMT+0100,2611.854,2611.14,0.0004,0.0007
15.03.2020 23:01:39.386 GMT+0100,2612.854,2612.143,0.0004,0.003
15.03.2020 23:01:39.436 GMT+0100,2613.66,2612.934,0.0004,0.003
15.03.2020 23:01:39.581 GMT+0100,2613.66,2612.84,0.0027,0.003
15.03.2020 23:01:39.631 GMT+0100,2613.5660000000003,2612.84,0.0027,0.003
15.03.2020 23:01:39.682 GMT+0100,2614.048,2613.349,0.0004,0.003
15.03.2020 23:01:39.732 GMT+0100,2615.0570000000002,2614.337,0.0027,0.003
15.03.2020 23:01:39.783 GMT+0100,2614.548,2613.837,0.0004,0.003
15.03.2020 23:01:39.894 GMT+0100,2614.866,2614.2000000000003,0.0027,0.0022
15.03.2020 23:01:40.030 GMT+0100,2614.866,2614.0370000000003,0.0027,0.003
15.03.2020 23:01:40.080 GMT+0100,2614.7000000000003,2614.0370000000003,0.0004,0.003
15.03.2020 23:01:40.191 GMT+0100,2614.7000000000003,2614.4429999999998,0.0004,0.0022
15.03.2020 23:01:40.241 GMT+0100,2615.154,2614.4429999999998,0.0004,0.0022
15.03.2020 23:01:40.291 GMT+0100,2615.154,2615.043,0.0004,0.0022
15.03.2020 23:01:40.342 GMT+0100,2615.248,2614.552,0.0004,0.003
15.03.2020 23:01:40.442 GMT+0100,2615.757,2615.04,0.0004,0.0022
15.03.2020 23:01:40.492 GMT+0100,2616.363,2615.7000000000003,0.0004,0.0022
15.03.2020 23:01:40.595 GMT+0100,2616.354,2615.634,0.0027,0.003
15.03.2020 23:01:40.737 GMT+0100,2616.354,2615.5370000000003,0.0027,0.003
15.03.2020 23:01:40.787 GMT+0100,2616.263,2615.5370000000003,0.0027,0.003
15.03.2020 23:01:40.886 GMT+0100,2616.263,2616.04,0.0004,0.0022
15.03.2020 23:01:40.937 GMT+0100,2615.76,2615.052,0.0027,0.0022
15.03.2020 23:01:40.987 GMT+0100,2616.6,2615.955,0.0004,0.0022
15.03.2020 23:01:41.150 GMT+0100,2616.754,2616.055,0.0027,0.0022
15.03.2020 23:01:41.251 GMT+0100,2616.251,2615.6,0.0027,0.0022
15.03.2020 23:01:41.304 GMT+0100,2616.251,2615.552,0.0004,0.0007
15.03.2020 23:01:41.355 GMT+0100,2617.166,2616.4429999999998,0.0027,0.0052
15.03.2020 23:01:41.405 GMT+0100,2615.148,2614.4429999999998,0.0004,0.0022
15.03.2020 23:01:41.455 GMT+0100,2616.048,2615.355,0.0004,0.0022
15.03.2020 23:01:41.556 GMT+0100,2616.063,2615.334,0.0027,0.003
15.03.2020 23:01:41.606 GMT+0100,2619.366,2618.652,0.0027,0.0022
15.03.2020 23:01:41.813 GMT+0100,2619.366,2618.646,0.0004,0.0007
15.03.2020 23:01:41.864 GMT+0100,2619.251,2618.6,0.0027,0.003
15.03.2020 23:01:41.914 GMT+0100,2619.26,2618.54,0.0027,0.003
15.03.2020 23:01:42.020 GMT+0100,2619.263,2618.555,0.0022,0.0022
15.03.2020 23:01:42.071 GMT+0100,2619.254,2618.555,0.0004,0.0022
15.03.2020 23:01:42.171 GMT+0100,2620.545,2619.837,0.0027,0.003
15.03.2020 23:01:42.222 GMT+0100,2620.054,2619.349,0.0004,0.0022
15.03.2020 23:01:42.272 GMT+0100,2620.357,2619.64,0.0004,0.003
15.03.2020 23:01:42.322 GMT+0100,2620.0570000000002,2619.349,0.0022,0.0022
15.03.2020 23:01:42.423 GMT+0100,2618.2000000000003,2617.5370000000003,0.0022,0.0022
15.03.2020 23:01:42.523 GMT+0100,2620.145,2619.446,0.0004,0.0022
15.03.2020 23:01:42.624 GMT+0100,2619.266,2618.555,0.0027,0.003
15.03.2020 23:01:42.676 GMT+0100,2619.266,2618.6,0.0004,0.0007
15.03.2020 23:01:42.911 GMT+0100,2620.063,2619.349,0.0022,0.0022
15.03.2020 23:01:42.961 GMT+0100,2620.6510000000003,2619.94,0.0027,0.003
15.03.2020 23:01:43.062 GMT+0100,2621.763,2621.052,0.0004,0.0022
15.03.2020 23:01:43.269 GMT+0100,2621.5570000000002,2620.84,0.0022,0.0022
15.03.2020 23:01:43.429 GMT+0100,2622.551,2621.8520000000003,0.0027,0.003
15.03.2020 23:01:43.480 GMT+0100,2621.7590000000005,2621.052,0.0027,0.003
15.03.2020 23:01:53.692 GMT+0100,2628.863,2628.1459999999997,0.0027,0.0022
15.03.2020 23:01:53.742 GMT+0100,2627.8540000000003,2627.137,0.0022,0.0022
15.03.2020 23:01:53.793 GMT+0100,2628.2000000000003,2627.543,0.0004,0.003
15.03.2020 23:01:53.893 GMT+0100,2628.66,2627.955,0.0022,0.0022
15.03.2020 23:01:53.994 GMT+0100,2631.2540000000004,2630.6,0.0027,0.0022
15.03.2020 23:01:54.124 GMT+0100,2629.66,2628.9429999999998,0.0022,0.0022
15.03.2020 23:01:54.275 GMT+0100,2627.648,2626.9370000000004,0.0004,0.0022
15.03.2020 23:01:54.325 GMT+0100,2628.763,2628.052,0.0027,0.0022
15.03.2020 23:01:54.426 GMT+0100,2628.16,2627.452,0.0027,0.003
15.03.2020 23:01:54.476 GMT+0100,2630.051,2629.4,0.0004,0.003
15.03.2020 23:01:54.630 GMT+0100,2631.56,2630.846,0.0022,0.0022
15.03.2020 23:01:54.781 GMT+0100,2631.7540000000004,2631.043,0.0004,0.0022
15.03.2020 23:01:54.959 GMT+0100,2631.866,2631.152,0.0022,0.0022
15.03.2020 23:01:55.060 GMT+0100,2631.757,2631.0490000000004,0.0027,0.0022
15.03.2020 23:01:55.212 GMT+0100,2631.7509999999997,2631.0370000000003,0.0022,0.0022
15.03.2020 23:01:55.331 GMT+0100,2632.6540000000005,2631.9370000000004,0.0022,0.0022
15.03.2020 23:01:55.432 GMT+0100,2632.757,2632.052,0.0027,0.0022
15.03.2020 23:01:55.483 GMT+0100,2632.745,2632.0370000000003,0.0004,0.003
15.03.2020 23:01:55.533 GMT+0100,2632.76,2632.0490000000004,0.0027,0.0022
15.03.2020 23:01:55.738 GMT+0100,2632.7540000000004,2632.1,0.0022,0.0022
15.03.2020 23:01:55.838 GMT+0100,2632.36,2631.637,0.0022,0.0022
15.03.2020 23:01:55.989 GMT+0100,2632.56,2631.846,0.0027,0.003
15.03.2020 23:01:56.132 GMT+0100,2632.7000000000003,2632.046,0.0004,0.0022
15.03.2020 23:01:56.198 GMT+0100,2632.7000000000003,2632.043,0.0004,0.0007
15.03.2020 23:01:56.298 GMT+0100,2632.748,2632.0490000000004,0.0004,0.0022
15.03.2020 23:01:56.350 GMT+0100,2632.748,2632.046,0.0004,0.0007
15.03.2020 23:01:56.400 GMT+0100,2633.151,2632.5,0.0022,0.0022
15.03.2020 23:01:56.593 GMT+0100,2634.248,2633.534,0.0022,0.0022
15.03.2020 23:01:56.743 GMT+0100,2634.76,2634.055,0.0027,0.003
15.03.2020 23:01:56.794 GMT+0100,2634.7509999999997,2634.0370000000003,0.0004,0.003
15.03.2020 23:01:56.908 GMT+0100,2634.748,2634.0490000000004,0.0022,0.0022
15.03.2020 23:01:57.012 GMT+0100,2635.263,2634.54,0.0022,0.0022
15.03.2020 23:01:57.063 GMT+0100,2635.2000000000003,2634.54,0.0004,0.003
15.03.2020 23:01:57.219 GMT+0100,2635.7540000000004,2635.0370000000003,0.0004,0.003
15.03.2020 23:01:57.319 GMT+0100,2635.1659999999997,2634.4370000000004,0.0027,0.003
15.03.2020 23:01:57.370 GMT+0100,2635.257,2634.5490000000004,0.0027,0.0022
15.03.2020 23:01:57.470 GMT+0100,2635.363,2634.652,0.0027,0.003
15.03.2020 23:01:57.571 GMT+0100,2635.2659999999996,2634.543,0.0022,0.0022
15.03.2020 23:01:57.696 GMT+0100,2635.7000000000003,2635.055,0.0022,0.0022
15.03.2020 23:01:57.796 GMT+0100,2635.7540000000004,2635.034,0.0004,0.003
15.03.2020 23:01:57.847 GMT+0100,2635.554,2634.843,0.0004,0.003
15.03.2020 23:01:57.997 GMT+0100,2634.8509999999997,2634.1459999999997,0.0004,0.003
15.03.2020 23:01:58.048 GMT+0100,2635.7540000000004,2635.04,0.0027,0.0022
15.03.2020 23:01:58.098 GMT+0100,2634.5,2633.8520000000003,0.0004,0.0022
15.03.2020 23:01:58.349 GMT+0100,2634.5,2633.8340000000003,0.0004,0.0007
15.03.2020 23:01:58.400 GMT+0100,2635.86,2635.1490000000003,0.0027,0.0022
15.03.2020 23:01:58.515 GMT+0100,2635.86,2635.0370000000003,0.0027,0.003
15.03.2020 23:01:58.565 GMT+0100,2636.7540000000004,2636.055,0.0027,0.0022
15.03.2020 23:01:58.615 GMT+0100,2635.648,2634.934,0.0027,0.003
15.03.2020 23:01:58.666 GMT+0100,2636.566,2635.843,0.0027,0.0022
15.03.2020 23:01:58.823 GMT+0100,2635.051,2634.3520000000003,0.0004,0.0022
15.03.2020 23:01:58.978 GMT+0100,2634.7540000000004,2633.1340000000005,0.0004,0.003
15.03.2020 23:01:59.028 GMT+0100,2633.8,2633.1340000000005,0.0004,0.003
15.03.2020 23:01:59.079 GMT+0100,2635.1659999999997,2634.455,0.0027,0.0022
15.03.2020 23:01:59.214 GMT+0100,2635.1659999999997,2634.1459999999997,0.0027,0.003
15.03.2020 23:01:59.265 GMT+0100,2635.863,2635.1459999999997,0.0027,0.003
15.03.2020 23:01:59.343 GMT+0100,2635.863,2635.6490000000003,0.0004,0.0022
15.03.2020 23:01:59.393 GMT+0100,2636.3450000000003,2635.6490000000003,0.0004,0.003
15.03.2020 23:02:01.588 GMT+0100,2641.3540000000003,2640.637,0.0004,0.003
15.03.2020 23:02:01.980 GMT+0100,2641.38,2641.34,0.0004,0.0022
15.03.2020 23:02:02.030 GMT+0100,2641.26,2640.5370000000003,0.0004,0.003
15.03.2020 23:02:02.131 GMT+0100,2643.2540000000004,2642.5370000000003,0.0027,0.003
15.03.2020 23:02:02.181 GMT+0100,2644.857,2644.14,0.0004,0.003
15.03.2020 23:02:02.281 GMT+0100,2647.366,2646.652,0.0027,0.003
15.03.2020 23:02:02.372 GMT+0100,2647.366,2646.652,0.0004,0.0007
15.03.2020 23:02:02.611 GMT+0100,2649.348,2648.643,0.0022,0.0022
15.03.2020 23:02:02.661 GMT+0100,2647.6,2646.94,0.0004,0.003
15.03.2020 23:02:02.762 GMT+0100,2646.2540000000004,2645.54,0.0004,0.0007
15.03.2020 23:02:02.862 GMT+0100,2647.757,2647.046,0.0004,0.003
15.03.2020 23:02:02.913 GMT+0100,2648.76,2648.052,0.0027,0.0022
15.03.2020 23:02:02.963 GMT+0100,2648.7659999999996,2648.034,0.0027,0.003
15.03.2020 23:02:03.094 GMT+0100,2649.6540000000005,2648.9429999999998,0.0004,0.003
15.03.2020 23:02:14.082 GMT+0100,2653.148,2652.4370000000004,0.0027,0.003
15.03.2020 23:02:14.133 GMT+0100,2651.8540000000003,2651.1340000000005,0.0027,0.003
15.03.2020 23:02:14.234 GMT+0100,2652.66,2651.934,0.0027,0.003
15.03.2020 23:02:14.284 GMT+0100,2652.645,2651.946,0.0004,0.003
15.03.2020 23:02:14.335 GMT+0100,2652.0570000000002,2651.4,0.0027,0.0022
15.03.2020 23:02:14.446 GMT+0100,2652.0570000000002,2651.434,0.0004,0.0022
15.03.2020 23:02:14.546 GMT+0100,2652.757,2652.052,0.0004,0.0022
15.03.2020 23:02:14.823 GMT+0100,2651.8450000000003,2651.1340000000005,0.0004,0.003
15.03.2020 23:02:14.873 GMT+0100,2651.054,2650.346,0.0004,0.0022
15.03.2020 23:02:15.023 GMT+0100,2651.054,2650.14,0.0027,0.003
15.03.2020 23:02:15.073 GMT+0100,2650.3509999999997,2649.7000000000003,0.0027,0.0022
15.03.2020 23:02:15.124 GMT+0100,2650.857,2650.155,0.0027,0.0022
15.03.2020 23:02:15.174 GMT+0100,2651.545,2650.843,0.0004,0.003
15.03.2020 23:02:15.225 GMT+0100,2652.051,2651.343,0.0004,0.003
15.03.2020 23:02:15.275 GMT+0100,2650.86,2650.152,0.0027,0.003
15.03.2020 23:02:15.345 GMT+0100,2650.86,2649.2000000000003,0.0004,0.003
15.03.2020 23:02:15.395 GMT+0100,2650.054,2649.34,0.0004,0.003
15.03.2020 23:02:15.445 GMT+0100,2651.263,2650.555,0.0027,0.0022
15.03.2020 23:02:15.546 GMT+0100,2649.745,2649.1,0.0027,0.0022
15.03.2020 23:02:15.596 GMT+0100,2650.363,2649.6490000000003,0.0027,0.003
15.03.2020 23:02:15.647 GMT+0100,2651.5,2650.8340000000003,0.0004,0.003
15.03.2020 23:02:15.749 GMT+0100,2655.063,2654.3520000000003,0.0027,0.0022
15.03.2020 23:02:15.849 GMT+0100,2651.066,2650.34,0.0027,0.003
15.03.2020 23:02:15.967 GMT+0100,2650.3,2649.6340000000005,0.0004,0.003
15.03.2020 23:02:16.122 GMT+0100,2650.545,2649.9,0.0027,0.0022
15.03.2020 23:02:16.172 GMT+0100,2649.2509999999997,2648.5490000000004,0.0027,0.003
15.03.2020 23:02:16.223 GMT+0100,2650.5,2649.855,0.0004,0.003
15.03.2020 23:02:16.273 GMT+0100,2650.045,2649.3520000000003,0.0004,0.0022
15.03.2020 23:02:16.434 GMT+0100,2650.26,2649.0490000000004,0.0027,0.003
15.03.2020 23:02:16.484 GMT+0100,2646.066,2645.337,0.0027,0.003
15.03.2020 23:02:16.535 GMT+0100,2649.051,2648.3340000000003,0.0027,0.003
15.03.2020 23:02:16.586 GMT+0100,2649.051,2648.34,0.0004,0.0007
15.03.2020 23:02:16.636 GMT+0100,2655.2540000000004,2654.552,0.0027,0.0022
15.03.2020 23:02:16.689 GMT+0100,2655.2540000000004,2653.5490000000004,0.0004,0.003
15.03.2020 23:02:16.739 GMT+0100,2649.76,2649.0490000000004,0.0027,0.003
15.03.2020 23:02:16.840 GMT+0100,2649.263,2648.534,0.0027,0.003
15.03.2020 23:02:16.893 GMT+0100,2649.263,2648.5490000000004,0.0004,0.0007
15.03.2020 23:02:16.943 GMT+0100,2648.3,2647.637,0.0004,0.0022
15.03.2020 23:02:16.994 GMT+0100,2647.054,2646.349,0.0004,0.0022
15.03.2020 23:02:17.044 GMT+0100,2646.005,2645.3340000000003,0.0004,0.003
15.03.2020 23:02:17.094 GMT+0100,2645.571,2644.849,0.0027,0.0022
15.03.2020 23:02:17.145 GMT+0100,2647.545,2646.846,0.0004,0.0022
15.03.2020 23:02:17.195 GMT+0100,2649.2509999999997,2648.54,0.0004,0.003
15.03.2020 23:02:17.306 GMT+0100,2650.2540000000004,2649.5370000000003,0.0004,0.003
15.03.2020 23:02:17.356 GMT+0100,2650.168,2649.452,0.0027,0.003
15.03.2020 23:02:17.406 GMT+0100,2650.66,2649.949,0.0004,0.003
15.03.2020 23:02:17.456 GMT+0100,2650.3559999999998,2649.64,0.0027,0.003
15.03.2020 23:02:17.507 GMT+0100,2650.8,2650.14,0.0004,0.003
15.03.2020 23:02:17.557 GMT+0100,2649.1540000000005,2648.44,0.0022,0.003
15.03.2020 23:02:17.607 GMT+0100,2644.559,2643.9,0.0027,0.0022
15.03.2020 23:02:17.729 GMT+0100,2645.6,2644.949,0.0004,0.0022
15.03.2020 23:02:17.835 GMT+0100,2646.054,2645.337,0.0004,0.003
15.03.2020 23:02:17.885 GMT+0100,2647.3509999999997,2646.6490000000003,0.0004,0.003
15.03.2020 23:02:17.936 GMT+0100,2646.65,2645.9429999999998,0.0027,0.003
15.03.2020 23:02:18.055 GMT+0100,2645.1620000000003,2644.5,0.0027,0.0022
15.03.2020 23:02:18.156 GMT+0100,2645.548,2644.843,0.0004,0.003
15.03.2020 23:02:18.206 GMT+0100,2647.663,2646.934,0.0027,0.003
15.03.2020 23:02:18.257 GMT+0100,2645.5679999999998,2644.855,0.0027,0.0022
15.03.2020 23:02:18.383 GMT+0100,2645.563,2644.8340000000003,0.0004,0.0007
15.03.2020 23:02:18.433 GMT+0100,2648.3450000000003,2647.6459999999997,0.0004,0.003
15.03.2020 23:02:18.599 GMT+0100,2648.005,2646.837,0.0027,0.003
15.03.2020 23:02:18.649 GMT+0100,2644.7709999999997,2644.034,0.0027,0.003
15.03.2020 23:02:18.699 GMT+0100,2646.348,2645.637,0.0027,0.003
15.03.2020 23:02:18.750 GMT+0100,2647.3450000000003,2646.643,0.0004,0.0022
15.03.2020 23:02:18.800 GMT+0100,2648.5,2647.84,0.0004,0.003
15.03.2020 23:02:18.934 GMT+0100,2646.55,2645.8340000000003,0.0004,0.003
15.03.2020 23:02:18.985 GMT+0100,2646.6659999999997,2646,0.0027,0.0022
15.03.2020 23:02:19.035 GMT+0100,2646.651,2645.952,0.0022,0.0022
15.03.2020 23:02:19.086 GMT+0100,2647.2659999999996,2646.543,0.0027,0.003
15.03.2020 23:02:19.136 GMT+0100,2645.753,2645.1,0.0027,0.0022
15.03.2020 23:02:19.233 GMT+0100,2645.748,2645.055,0.0004,0.0007
15.03.2020 23:02:19.284 GMT+0100,2647.066,2646.3340000000003,0.0027,0.0052
15.03.2020 23:02:19.401 GMT+0100,2647.5570000000002,2646.837,0.0004,0.0007
15.03.2020 23:02:19.451 GMT+0100,2647.6659999999997,2646.952,0.0027,0.0022
15.03.2020 23:02:19.502 GMT+0100,2646.268,2645.5490000000004,0.0027,0.0022
15.03.2020 23:02:19.653 GMT+0100,2647.645,2646.9370000000004,0.0004,0.003
15.03.2020 23:02:19.783 GMT+0100,2645.6659999999997,2644.955,0.0022,0.0022
15.03.2020 23:02:19.834 GMT+0100,2645.6659999999997,2644.955,0.0027,0.0022
15.03.2020 23:02:19.985 GMT+0100,2645.5620000000004,2644.8520000000003,0.0027,0.0022
15.03.2020 23:02:20.108 GMT+0100,2646.1,2645.449,0.0004,0.003
15.03.2020 23:02:20.158 GMT+0100,2644.565,2643.8340000000003,0.0027,0.003
15.03.2020 23:02:20.209 GMT+0100,2647.6659999999997,2646.946,0.0027,0.0022
15.03.2020 23:02:20.309 GMT+0100,2645.55,2644.9,0.0004,0.0022
15.03.2020 23:02:20.360 GMT+0100,2645.053,2644.34,0.0004,0.003
15.03.2020 23:02:20.497 GMT+0100,2645.048,2644.04,0.0027,0.003
15.03.2020 23:02:20.547 GMT+0100,2644.705,2644.04,0.0004,0.003
15.03.2020 23:02:20.740 GMT+0100,2644.268,2642.949,0.0027,0.003
15.03.2020 23:02:20.790 GMT+0100,2642.8590000000004,2642.2000000000003,0.0004,0.003
15.03.2020 23:02:20.841 GMT+0100,2643.5570000000002,2642.843,0.0027,0.003
15.03.2020 23:02:20.947 GMT+0100,2643.5570000000002,2642.346,0.0027,0.003
15.03.2020 23:02:20.998 GMT+0100,2643.071,2642.346,0.0027,0.003
15.03.2020 23:02:21.048 GMT+0100,2643.545,2642.843,0.0004,0.003
15.03.2020 23:02:21.149 GMT+0100,2642.75,2642.6459999999997,0.0004,0.0022
15.03.2020 23:02:21.199 GMT+0100,2643.3540000000003,2642.6459999999997,0.0027,0.0022
15.03.2020 23:02:21.251 GMT+0100,2643.3540000000003,2642.155,0.0027,0.003
15.03.2020 23:02:21.301 GMT+0100,2642.15,2641.455,0.0004,0.0022
15.03.2020 23:02:21.399 GMT+0100,2642.15,2640.5370000000003,0.0004,0.003
15.03.2020 23:02:21.450 GMT+0100,2642.2659999999996,2641.54,0.0027,0.003
15.03.2020 23:02:21.557 GMT+0100,2642.2659999999996,2641.543,0.0004,0.0007
15.03.2020 23:02:21.607 GMT+0100,2638.6,2637.946,0.0004,0.003
15.03.2020 23:02:31.582 GMT+0100,2637.348,2636.64,0.0022,0.0022
15.03.2020 23:02:31.633 GMT+0100,2636.051,2635.3340000000003,0.0004,0.003
15.03.2020 23:02:31.683 GMT+0100,2635.3450000000003,2634.6340000000005,0.0004,0.003
15.03.2020 23:02:31.733 GMT+0100,2636.3509999999997,2635.643,0.0004,0.0007
15.03.2020 23:02:31.784 GMT+0100,2636.7509999999997,2636.034,0.0004,0.003
15.03.2020 23:02:31.834 GMT+0100,2634.348,2633.637,0.0004,0.003
15.03.2020 23:02:31.935 GMT+0100,2635.163,2634.44,0.0027,0.0052
15.03.2020 23:02:32.037 GMT+0100,2635.645,2634.952,0.0004,0.0022
15.03.2020 23:02:32.087 GMT+0100,2634.748,2634.04,0.0004,0.003
15.03.2020 23:02:32.204 GMT+0100,2634.748,2633.543,0.0027,0.003
15.03.2020 23:02:32.255 GMT+0100,2634.248,2633.543,0.0004,0.0022
15.03.2020 23:02:32.310 GMT+0100,2634.248,2632.6459999999997,0.0004,0.003
15.03.2020 23:02:32.361 GMT+0100,2633.3450000000003,2632.6459999999997,0.0004,0.0022
15.03.2020 23:02:32.617 GMT+0100,2633.38,2633.34,0.0004,0.0022
15.03.2020 23:02:32.668 GMT+0100,2634.06,2633.337,0.0027,0.003
15.03.2020 23:02:32.718 GMT+0100,2632.8540000000003,2632.152,0.0004,0.0022
15.03.2020 23:02:32.874 GMT+0100,2632.8540000000003,2632.1,0.0027,0.003
15.03.2020 23:02:32.924 GMT+0100,2630.1,2629.455,0.0004,0.0022
15.03.2020 23:02:32.975 GMT+0100,2632.063,2631.34,0.0027,0.003
15.03.2020 23:02:33.108 GMT+0100,2632.063,2630.949,0.0027,0.003
15.03.2020 23:02:33.159 GMT+0100,2631.66,2630.949,0.0027,0.0022
15.03.2020 23:02:33.265 GMT+0100,2631.66,2630.0370000000003,0.0004,0.003
15.03.2020 23:02:33.315 GMT+0100,2630.2509999999997,2629.552,0.0027,0.003
15.03.2020 23:02:33.442 GMT+0100,2630.2509999999997,2629.034,0.0027,0.003
15.03.2020 23:02:33.493 GMT+0100,2627.86,2627.1490000000003,0.0027,0.0022
15.03.2020 23:02:33.626 GMT+0100,2627.86,2626.346,0.0004,0.003
15.03.2020 23:02:33.676 GMT+0100,2628.06,2627.355,0.0027,0.0022
15.03.2020 23:02:33.869 GMT+0100,2627.571,2626.452,0.0027,0.003
15.03.2020 23:02:33.920 GMT+0100,2626.505,2625.849,0.0027,0.0022
15.03.2020 23:02:34.065 GMT+0100,2626.5,2625.3520000000003,0.0027,0.003
15.03.2020 23:02:34.304 GMT+0100,2626.071,2625.3520000000003,0.0027,0.0022
15.03.2020 23:02:34.355 GMT+0100,2626.257,2625.555,0.0004,0.003
15.03.2020 23:02:34.495 GMT+0100,2625.656,2624.452,0.0027,0.003
15.03.2020 23:02:34.546 GMT+0100,2625.651,2625,0.0027,0.0022
15.03.2020 23:02:34.597 GMT+0100,2625.651,2624.449,0.0027,0.003
15.03.2020 23:02:34.647 GMT+0100,2625.757,2625.1,0.0027,0.0022
15.03.2020 23:02:34.759 GMT+0100,2625.757,2625.3520000000003,0.0004,0.0022
15.03.2020 23:02:34.809 GMT+0100,2625.171,2624.5,0.0027,0.003
15.03.2020 23:02:34.860 GMT+0100,2625.7000000000003,2625.046,0.0004,0.0022
15.03.2020 23:02:35.010 GMT+0100,2625.0620000000004,2624.355,0.0004,0.0007
15.03.2020 23:02:35.061 GMT+0100,2624.153,2623.446,0.0027,0.003
15.03.2020 23:02:35.245 GMT+0100,2623.6,2623,0.0004,0.0022
15.03.2020 23:02:35.345 GMT+0100,2624.0570000000002,2623.3520000000003,0.0022,0.0022
15.03.2020 23:02:35.395 GMT+0100,2624.053,2623.3340000000003,0.0027,0.003
15.03.2020 23:02:35.537 GMT+0100,2624.054,2623.4,0.0022,0.0022
15.03.2020 23:02:35.637 GMT+0100,2623.6540000000005,2622.9370000000004,0.0022,0.0022
15.03.2020 23:02:35.838 GMT+0100,2623.6,2622.949,0.0022,0.0022
15.03.2020 23:02:36.016 GMT+0100,2623.6,2622.949,0.0022,0.0022
15.03.2020 23:02:36.474 GMT+0100,2623.6540000000005,2622.949,0.0004,0.0007
15.03.2020 23:02:56.783 GMT+0100,2619.363,2618.649,0.0027,0.0022
15.03.2020 23:02:56.869 GMT+0100,2619.363,2618.643,0.0004,0.0007
15.03.2020 23:02:56.919 GMT+0100,2618.7000000000003,2618.043,0.0027,0.003
15.03.2020 23:02:57.020 GMT+0100,2618.0660000000003,2617.34,0.0027,0.003
15.03.2020 23:02:57.234 GMT+0100,2619.045,2618.355,0.0022,0.0022
15.03.2020 23:02:57.335 GMT+0100,2621.763,2621.1,0.0027,0.0022
15.03.2020 23:02:57.582 GMT+0100,2621.763,2620.152,0.0004,0.003
15.03.2020 23:02:57.633 GMT+0100,2620.8,2620.152,0.0004,0.0022
15.03.2020 23:02:57.774 GMT+0100,2620.548,2619.849,0.0022,0.0022
15.03.2020 23:02:57.962 GMT+0100,2623.3540000000003,2622.643,0.0004,0.0022
15.03.2020 23:02:58.113 GMT+0100,2623.348,2622.652,0.0004,0.003
15.03.2020 23:02:58.333 GMT+0100,2623.866,2623.143,0.0027,0.003
15.03.2020 23:02:58.404 GMT+0100,2623.866,2623.143,0.0004,0.0007
15.03.2020 23:02:58.455 GMT+0100,2623.857,2623.1340000000005,0.0027,0.003
15.03.2020 23:02:58.527 GMT+0100,2623.857,2623.143,0.0004,0.0007
15.03.2020 23:02:58.577 GMT+0100,2623.857,2623.14,0.0027,0.003
15.03.2020 23:02:58.628 GMT+0100,2624.548,2623.8520000000003,0.0004,0.0022
15.03.2020 23:02:58.707 GMT+0100,2624.548,2623.8340000000003,0.0004,0.0007
15.03.2020 23:02:58.757 GMT+0100,2624.7000000000003,2624.034,0.0004,0.003
15.03.2020 23:02:58.862 GMT+0100,2624.7000000000003,2624.0490000000004,0.0022,0.0022
15.03.2020 23:02:58.976 GMT+0100,2624.7540000000004,2624.04,0.0004,0.0007
15.03.2020 23:02:59.076 GMT+0100,2624.3540000000003,2623.64,0.0027,0.003
15.03.2020 23:02:59.312 GMT+0100,2624.748,2624.043,0.0027,0.0022
15.03.2020 23:02:59.547 GMT+0100,2624.2000000000003,2623.5370000000003,0.0004,0.0007
15.03.2020 23:02:59.649 GMT+0100,2623.863,2623.1490000000003,0.0022,0.0022
15.03.2020 23:02:59.889 GMT+0100,2624.551,2623.8520000000003,0.0022,0.0022
15.03.2020 23:03:00.048 GMT+0100,2624.545,2623.846,0.0022,0.0022
15.03.2020 23:03:00.098 GMT+0100,2624.563,2623.8340000000003,0.0027,0.003
15.03.2020 23:03:00.829 GMT+0100,2624.563,2624.1,0.0004,0.0022
15.03.2020 23:03:00.880 GMT+0100,2624.263,2623.546,0.0027,0.003
15.03.2020 23:03:01.003 GMT+0100,2624.263,2623.4370000000004,0.0027,0.003
15.03.2020 23:03:01.053 GMT+0100,2624.171,2623.4370000000004,0.0027,0.003
15.03.2020 23:03:01.144 GMT+0100,2624.1659999999997,2624,0.0004,0.0022
15.03.2020 23:03:01.195 GMT+0100,2624.15,2623.455,0.0004,0.0022
15.03.2020 23:03:01.467 GMT+0100,2624.15,2623.5490000000004,0.0004,0.0022
15.03.2020 23:03:01.517 GMT+0100,2624.2509999999997,2623.5490000000004,0.0004,0.0022
15.03.2020 23:03:01.618 GMT+0100,2625.3,2624.7000000000003,0.0004,0.0022
15.03.2020 23:03:01.668 GMT+0100,2624.2590000000005,2623.5370000000003,0.0004,0.003
15.03.2020 23:03:01.719 GMT+0100,2624.757,2624.046,0.0004,0.003
15.03.2020 23:03:01.788 GMT+0100,2625.548,2624.846,0.0004,0.003
15.03.2020 23:03:01.923 GMT+0100,2624.565,2623.846,0.0027,0.003
15.03.2020 23:03:02.027 GMT+0100,2624.56,2624.34,0.0004,0.0022
15.03.2020 23:03:02.078 GMT+0100,2625.063,2624.34,0.0027,0.003
15.03.2020 23:03:02.128 GMT+0100,2625.3450000000003,2624.652,0.0004,0.003
15.03.2020 23:03:02.252 GMT+0100,2626.0570000000002,2625.34,0.0027,0.003
15.03.2020 23:03:02.310 GMT+0100,2626.0570000000002,2624.6490000000003,0.0027,0.003
15.03.2020 23:03:02.361 GMT+0100,2623.8509999999997,2623.152,0.0022,0.003
15.03.2020 23:03:02.479 GMT+0100,2623.848,2623.4370000000004,0.0004,0.0022
15.03.2020 23:03:02.529 GMT+0100,2624.651,2623.94,0.0027,0.003
15.03.2020 23:03:02.580 GMT+0100,2625.2000000000003,2624.555,0.0027,0.0022
15.03.2020 23:03:02.630 GMT+0100,2624.3590000000004,2623.652,0.0027,0.0022
15.03.2020 23:03:02.682 GMT+0100,2624.3540000000003,2623.155,0.0027,0.003
15.03.2020 23:03:02.732 GMT+0100,2623.848,2623.155,0.0022,0.0022
15.03.2020 23:03:02.782 GMT+0100,2625.051,2624.4,0.0027,0.0022
15.03.2020 23:03:02.908 GMT+0100,2625.1,2624.4370000000004,0.0004,0.003
15.03.2020 23:03:02.961 GMT+0100,2625.1,2623.855,0.0027,0.003
15.03.2020 23:03:03.011 GMT+0100,2624.556,2623.855,0.0027,0.0022
15.03.2020 23:03:03.093 GMT+0100,2624.551,2623.8340000000003,0.0004,0.0007
15.03.2020 23:03:03.144 GMT+0100,2624.505,2623.843,0.0027,0.003
15.03.2020 23:03:03.273 GMT+0100,2624.5,2623.452,0.0027,0.003
15.03.2020 23:03:03.323 GMT+0100,2624.15,2623.452,0.0004,0.003
15.03.2020 23:03:03.414 GMT+0100,2624.1740000000004,2624.1340000000005,0.0004,0.0022
15.03.2020 23:03:03.464 GMT+0100,2624.8450000000003,2624.1340000000005,0.0004,0.003
15.03.2020 23:03:03.574 GMT+0100,2624.8450000000003,2624.5,0.0004,0.0022
15.03.2020 23:03:03.624 GMT+0100,2625.1,2624.5,0.0004,0.0022
15.03.2020 23:03:03.758 GMT+0100,2625.1,2623.3520000000003,0.0004,0.003
15.03.2020 23:03:03.808 GMT+0100,2623.853,2623.1490000000003,0.0004,0.003
15.03.2020 23:03:03.921 GMT+0100,2623.848,2622.946,0.0027,0.003
15.03.2020 23:03:03.971 GMT+0100,2623.605,2622.946,0.0004,0.003
15.03.2020 23:03:04.034 GMT+0100,2623.6,2623.434,0.0004,0.0022
15.03.2020 23:03:04.085 GMT+0100,2624.148,2623.434,0.0004,0.003
15.03.2020 23:03:04.233 GMT+0100,2624.056,2623.343,0.0004,0.003
15.03.2020 23:03:04.354 GMT+0100,2624.051,2623.14,0.0027,0.003
15.03.2020 23:03:04.404 GMT+0100,2623.8590000000004,2623.14,0.0027,0.003
15.03.2020 23:03:04.563 GMT+0100,2623.566,2622.8520000000003,0.0022,0.003
15.03.2020 23:03:04.614 GMT+0100,2624.145,2623.44,0.0004,0.003
15.03.2020 23:03:04.729 GMT+0100,2624.18,2624.14,0.0004,0.0022
15.03.2020 23:03:04.779 GMT+0100,2624.8540000000003,2624.1459999999997,0.0027,0.0022
15.03.2020 23:03:04.921 GMT+0100,2624.8540000000003,2624.034,0.0027,0.003
15.03.2020 23:03:04.971 GMT+0100,2624.7540000000004,2624.034,0.0027,0.003
15.03.2020 23:03:05.039 GMT+0100,2624.7540000000004,2624.54,0.0004,0.0022
15.03.2020 23:03:05.090 GMT+0100,2625.36,2624.64,0.0027,0.0022
15.03.2020 23:03:05.228 GMT+0100,2625.36,2624.94,0.0004,0.0022
15.03.2020 23:03:05.279 GMT+0100,2625.651,2624.94,0.0004,0.003
15.03.2020 23:03:05.329 GMT+0100,2626.163,2625.4429999999998,0.0027,0.0022
15.03.2020 23:03:05.380 GMT+0100,2624.848,2624.0370000000003,0.0027,0.003
15.03.2020 23:03:05.430 GMT+0100,2624.763,2624.0370000000003,0.0027,0.003
15.03.2020 23:03:05.554 GMT+0100,2625,2624.343,0.0004,0.003
15.03.2020 23:03:05.605 GMT+0100,2625.063,2624.34,0.0027,0.0022
15.03.2020 23:03:05.655 GMT+0100,2626.745,2626.043,0.0004,0.003
15.03.2020 23:03:05.861 GMT+0100,2625.757,2625.04,0.0004,0.003
15.03.2020 23:03:05.911 GMT+0100,2626.3450000000003,2625.6490000000003,0.0004,0.003
15.03.2020 23:03:06.093 GMT+0100,2626.3450000000003,2625.546,0.0027,0.003
15.03.2020 23:03:06.143 GMT+0100,2626.263,2625.546,0.0027,0.003
15.03.2020 23:03:06.194 GMT+0100,2626.76,2626.052,0.0027,0.0022
15.03.2020 23:03:06.327 GMT+0100,2626.76,2625.9370000000004,0.0027,0.003
15.03.2020 23:03:06.377 GMT+0100,2626.6,2625.9370000000004,0.0004,0.003
15.03.2020 23:03:06.507 GMT+0100,2625.648,2624.955,0.0004,0.003
15.03.2020 23:03:06.616 GMT+0100,2625.648,2625.04,0.0004,0.0022
15.03.2020 23:03:06.666 GMT+0100,2625.06,2624.343,0.0027,0.003
15.03.2020 23:03:06.717 GMT+0100,2625.6659999999997,2624.949,0.0027,0.0022
15.03.2020 23:03:06.767 GMT+0100,2626.145,2625.434,0.0004,0.003
15.03.2020 23:03:06.868 GMT+0100,2626.7540000000004,2626.0490000000004,0.0027,0.003
15.03.2020 23:03:06.978 GMT+0100,2626.6540000000005,2625.934,0.0027,0.003
15.03.2020 23:03:07.089 GMT+0100,2626.6540000000005,2626.043,0.0004,0.0022
15.03.2020 23:03:07.140 GMT+0100,2626.263,2625.5370000000003,0.0027,0.003
15.03.2020 23:03:07.278 GMT+0100,2626.263,2625.637,0.0004,0.0022
15.03.2020 23:03:07.328 GMT+0100,2626.36,2625.637,0.0027,0.003
15.03.2020 23:03:07.379 GMT+0100,2626.36,2625.137,0.0027,0.003
15.03.2020 23:03:07.429 GMT+0100,2625.363,2624.637,0.0027,0.003
15.03.2020 23:03:07.480 GMT+0100,2626.0570000000002,2625.34,0.0004,0.0022
15.03.2020 23:03:07.953 GMT+0100,2626.0570000000002,2624.343,0.0004,0.003
15.03.2020 23:03:08.004 GMT+0100,2625.051,2624.343,0.0049,0.003
15.03.2020 23:03:08.125 GMT+0100,2625.051,2624.94,0.0004,0.0022
15.03.2020 23:03:08.175 GMT+0100,2625.7540000000004,2625.04,0.0004,0.003
15.03.2020 23:03:08.230 GMT+0100,2625.7540000000004,2624.552,0.0027,0.003
15.03.2020 23:03:08.281 GMT+0100,2624.757,2624.034,0.0004,0.003
15.03.2020 23:03:08.411 GMT+0100,2626.554,2625.9,0.0004,0.0022
15.03.2020 23:03:08.562 GMT+0100,2626.748,2626.043,0.0004,0.003
15.03.2020 23:03:08.612 GMT+0100,2626.0570000000002,2625.3520000000003,0.0027,0.003
15.03.2020 23:03:08.662 GMT+0100,2626.645,2625.9370000000004,0.0004,0.003
15.03.2020 23:03:08.758 GMT+0100,2624.8509999999997,2624.137,0.0027,0.003
15.03.2020 23:03:08.914 GMT+0100,2624.8509999999997,2624.3340000000003,0.0004,0.0022
15.03.2020 23:03:08.965 GMT+0100,2624.551,2623.837,0.0027,0.003
15.03.2020 23:03:09.039 GMT+0100,2624.551,2624.34,0.0004,0.0022
15.03.2020 23:03:09.090 GMT+0100,2625.06,2624.34,0.0027,0.003
15.03.2020 23:03:09.200 GMT+0100,2625.06,2624.5490000000004,0.0004,0.0022
15.03.2020 23:03:09.250 GMT+0100,2624.645,2623.946,0.0004,0.003
15.03.2020 23:03:09.393 GMT+0100,2624.645,2623.452,0.0027,0.003
15.03.2020 23:03:09.443 GMT+0100,2624.66,2623.934,0.0004,0.003
15.03.2020 23:03:09.494 GMT+0100,2624.16,2623.446,0.0004,0.0022
15.03.2020 23:03:09.544 GMT+0100,2625.857,2625.14,0.0004,0.003
15.03.2020 23:03:09.663 GMT+0100,2625.857,2624.6490000000003,0.0027,0.003
15.03.2020 23:03:09.714 GMT+0100,2624.26,2623.54,0.0027,0.003
15.03.2020 23:03:09.764 GMT+0100,2624.7000000000003,2624.0440000000003,0.0027,0.003
15.03.2020 23:03:09.865 GMT+0100,2625.757,2625.0409999999997,0.0027,0.003
15.03.2020 23:03:10.000 GMT+0100,2625.757,2625.335,0.0004,0.0022
15.03.2020 23:03:10.051 GMT+0100,2626.051,2625.335,0.0027,0.003
15.03.2020 23:03:10.191 GMT+0100,2625.8450000000003,2625.1340000000005,0.0004,0.003
15.03.2020 23:03:10.321 GMT+0100,2624.148,2623.455,0.0004,0.003
15.03.2020 23:03:10.371 GMT+0100,2625.6659999999997,2624.9500000000003,0.0027,0.0022
15.03.2020 23:03:10.422 GMT+0100,2626.148,2625.435,0.0004,0.003
15.03.2020 23:03:10.472 GMT+0100,2625.657,2624.946,0.0004,0.003
15.03.2020 23:03:10.602 GMT+0100,2626.1540000000005,2625.447,0.0004,0.0022
15.03.2020 23:03:10.711 GMT+0100,2626.1540000000005,2625.346,0.0027,0.003
15.03.2020 23:03:10.761 GMT+0100,2626.051,2625.346,0.0004,0.0022
15.03.2020 23:03:10.864 GMT+0100,2626.051,2624.837,0.0027,0.003
15.03.2020 23:03:10.914 GMT+0100,2625.548,2624.837,0.0027,0.003
15.03.2020 23:03:11.027 GMT+0100,2625.548,2624.152,0.0004,0.003
15.03.2020 23:03:11.077 GMT+0100,2624.8450000000003,2624.152,0.0049,0.003
15.03.2020 23:03:11.185 GMT+0100,2624.8450000000003,2624.35,0.0004,0.0022
15.03.2020 23:03:11.236 GMT+0100,2624.245,2623.555,0.0027,0.0022
15.03.2020 23:03:11.549 GMT+0100,2624.245,2623.34,0.0027,0.003
15.03.2020 23:03:11.599 GMT+0100,2624.066,2623.34,0.0027,0.003
15.03.2020 23:03:11.709 GMT+0100,2624.066,2623.152,0.0027,0.003
15.03.2020 23:03:11.759 GMT+0100,2623.866,2623.152,0.0027,0.0022
15.03.2020 23:03:11.810 GMT+0100,2624.36,2623.695,0.0027,0.003
15.03.2020 23:03:11.860 GMT+0100,2623.863,2623.2000000000003,0.0027,0.0022
15.03.2020 23:03:12.156 GMT+0100,2624.148,2623.441,0.0004,0.003
15.03.2020 23:03:12.239 GMT+0100,2624.148,2622.934,0.0027,0.003
15.03.2020 23:03:12.290 GMT+0100,2623.66,2622.938,0.0027,0.003
15.03.2020 23:03:12.395 GMT+0100,2623.66,2623.55,0.0004,0.0022
15.03.2020 23:03:12.445 GMT+0100,2624.263,2623.55,0.0027,0.0022
15.03.2020 23:03:12.498 GMT+0100,2624.263,2623.5490000000004,0.0004,0.0007
15.03.2020 23:03:12.548 GMT+0100,2625.051,2624.329,0.0027,0.0052
15.03.2020 23:03:12.649 GMT+0100,2624.005,2623.346,0.0004,0.0022
15.03.2020 23:03:12.755 GMT+0100,2623.556,2622.837,0.0027,0.003
15.03.2020 23:03:12.855 GMT+0100,2622.556,2621.843,0.0004,0.0022
15.03.2020 23:03:12.906 GMT+0100,2622.757,2622.052,0.0027,0.0007
15.03.2020 23:03:13.017 GMT+0100,2622.2709999999997,2621.552,0.0027,0.0022
15.03.2020 23:03:13.067 GMT+0100,2623.8450000000003,2623.1440000000002,0.0004,0.0022
15.03.2020 23:03:13.168 GMT+0100,2623.866,2623.137,0.0027,0.003
15.03.2020 23:03:13.261 GMT+0100,2623.866,2623.638,0.0004,0.0022
15.03.2020 23:03:13.311 GMT+0100,2619.862,2619.137,0.0004,0.003
15.03.2020 23:03:13.362 GMT+0100,2621.148,2620.447,0.0027,0.0022
15.03.2020 23:03:13.476 GMT+0100,2621.148,2620.434,0.0004,0.003
15.03.2020 23:03:13.527 GMT+0100,2621.863,2621.1470000000004,0.0027,0.003
15.03.2020 23:03:13.577 GMT+0100,2621.656,2620.949,0.0027,0.0022
15.03.2020 23:03:13.627 GMT+0100,2623.1540000000005,2622.4440000000004,0.0027,0.003
15.03.2020 23:03:13.678 GMT+0100,2623.648,2622.934,0.0004,0.0007
15.03.2020 23:03:13.807 GMT+0100,2623.553,2622.855,0.0004,0.0022
15.03.2020 23:03:13.858 GMT+0100,2623.566,2622.849,0.0027,0.0022
15.03.2020 23:03:13.908 GMT+0100,2621.1710000000003,2620.4370000000004,0.0027,0.003
15.03.2020 23:03:13.960 GMT+0100,2621.166,2619.7000000000003,0.0004,0.003
15.03.2020 23:03:14.011 GMT+0100,2620.86,2620.141,0.0004,0.003
15.03.2020 23:03:14.061 GMT+0100,2620.06,2619.4,0.0022,0.0022
15.03.2020 23:03:14.162 GMT+0100,2620.857,2620.149,0.0004,0.0007
15.03.2020 23:03:14.212 GMT+0100,2622.6,2621.941,0.0004,0.003
15.03.2020 23:03:14.263 GMT+0100,2622.368,2621.64,0.0027,0.0022
15.03.2020 23:03:14.313 GMT+0100,2620.771,2620.0370000000003,0.0027,0.003
15.03.2020 23:03:14.467 GMT+0100,2620.368,2619.649,0.0027,0.003
15.03.2020 23:03:14.576 GMT+0100,2619.86,2619.146,0.0022,0.003
15.03.2020 23:03:14.627 GMT+0100,2619.3450000000003,2618.634,0.0004,0.003
15.03.2020 23:03:14.798 GMT+0100,2619.245,2618.5460000000003,0.0004,0.0022
15.03.2020 23:03:14.848 GMT+0100,2621.3450000000003,2620.634,0.0004,0.0007
15.03.2020 23:03:14.917 GMT+0100,2621.3450000000003,2619.855,0.0004,0.003
15.03.2020 23:03:14.967 GMT+0100,2618.3450000000003,2617.646,0.0004,0.003
15.03.2020 23:03:15.071 GMT+0100,2618.263,2617.552,0.0027,0.0022
15.03.2020 23:03:15.121 GMT+0100,2617.748,2617.1,0.0004,0.0022
15.03.2020 23:03:15.172 GMT+0100,2617.163,2616.44,0.0027,0.003
15.03.2020 23:03:15.222 GMT+0100,2618.254,2617.529,0.0004,0.003
15.03.2020 23:03:15.272 GMT+0100,2617.763,2617.049,0.0027,0.0022
15.03.2020 23:03:15.386 GMT+0100,2617.763,2617.629,0.0004,0.0022
15.03.2020 23:03:15.436 GMT+0100,2618.5570000000002,2617.895,0.0004,0.0022
15.03.2020 23:03:15.545 GMT+0100,2618.5570000000002,2617.4,0.0027,0.003
15.03.2020 23:03:15.596 GMT+0100,2618.048,2617.4,0.0004,0.0022
15.03.2020 23:03:15.696 GMT+0100,2617.145,2616.446,0.0004,0.0022
15.03.2020 23:03:15.797 GMT+0100,2618.366,2617.652,0.0027,0.0022
15.03.2020 23:03:15.847 GMT+0100,2617.348,2616.7000000000003,0.0004,0.0022
15.03.2020 23:03:15.965 GMT+0100,2617.348,2616.449,0.0027,0.003
15.03.2020 23:03:16.016 GMT+0100,2617.157,2616.449,0.0004,0.003
15.03.2020 23:03:16.286 GMT+0100,2617.157,2616.8520000000003,0.0004,0.0022
15.03.2020 23:03:16.336 GMT+0100,2617.563,2616.8520000000003,0.0027,0.003
15.03.2020 23:03:16.437 GMT+0100,2617.063,2616.334,0.0027,0.003
15.03.2020 23:03:16.495 GMT+0100,2617.063,2616.8520000000003,0.0004,0.0022
15.03.2020 23:03:16.545 GMT+0100,2617.56,2616.8520000000003,0.0027,0.003
15.03.2020 23:03:16.634 GMT+0100,2617.56,2616.146,0.0027,0.003
15.03.2020 23:03:16.684 GMT+0100,2616.8450000000003,2616.146,0.0004,0.0022
15.03.2020 23:03:16.795 GMT+0100,2616.8450000000003,2616.555,0.0004,0.0022
15.03.2020 23:03:16.846 GMT+0100,2617.26,2616.555,0.0027,0.0022
15.03.2020 23:03:16.954 GMT+0100,2617.26,2616.637,0.0004,0.0022
15.03.2020 23:03:17.004 GMT+0100,2617.3,2616.637,0.0004,0.003
15.03.2020 23:03:17.115 GMT+0100,2617.3,2616.534,0.0027,0.003
15.03.2020 23:03:17.165 GMT+0100,2617.245,2616.534,0.0004,0.003
15.03.2020 23:03:17.314 GMT+0100,2616.754,2616.04,0.0004,0.003
15.03.2020 23:03:17.469 GMT+0100,2616.754,2615.934,0.0027,0.003
15.03.2020 23:03:17.519 GMT+0100,2616.657,2615.934,0.0027,0.003
15.03.2020 23:03:17.629 GMT+0100,2616.657,2615.834,0.0027,0.003
15.03.2020 23:03:17.680 GMT+0100,2616.5,2615.834,0.0004,0.003
15.03.2020 23:03:17.790 GMT+0100,2616.5,2615.94,0.0004,0.0022
15.03.2020 23:03:17.840 GMT+0100,2616.56,2615.84,0.0027,0.0022
15.03.2020 23:03:17.891 GMT+0100,2617.045,2616.343,0.0004,0.003
15.03.2020 23:03:18.040 GMT+0100,2617.045,2616.055,0.0027,0.003
15.03.2020 23:03:18.091 GMT+0100,2616.748,2616.055,0.0004,0.0022
15.03.2020 23:03:18.200 GMT+0100,2616.748,2615.94,0.0027,0.003
15.03.2020 23:03:18.250 GMT+0100,2616.6,2615.94,0.0027,0.003
15.03.2020 23:03:18.356 GMT+0100,2616.56,2615.84,0.0027,0.003
15.03.2020 23:03:18.406 GMT+0100,2617.054,2616.4,0.0004,0.0022
15.03.2020 23:03:18.457 GMT+0100,2616.545,2615.846,0.0027,0.003
15.03.2020 23:03:18.568 GMT+0100,2616.545,2615.94,0.0004,0.0022
15.03.2020 23:03:18.618 GMT+0100,2616.6510000000003,2615.94,0.0004,0.003
15.03.2020 23:03:18.703 GMT+0100,2616.6510000000003,2616.449,0.0004,0.0022
15.03.2020 23:03:18.754 GMT+0100,2616.654,2615.946,0.0027,0.003
15.03.2020 23:03:18.907 GMT+0100,2616.654,2616.049,0.0004,0.0022
15.03.2020 23:03:18.957 GMT+0100,2616.745,2616.049,0.0027,0.003
15.03.2020 23:03:19.088 GMT+0100,2617.1510000000003,2616.449,0.0027,0.003
15.03.2020 23:03:19.227 GMT+0100,2617.1510000000003,2616.549,0.0004,0.0022
15.03.2020 23:03:19.277 GMT+0100,2617.2000000000003,2616.549,0.0004,0.003
15.03.2020 23:03:19.573 GMT+0100,2617.2000000000003,2616.434,0.0027,0.003
15.03.2020 23:03:19.624 GMT+0100,2617.148,2616.434,0.0004,0.003
15.03.2020 23:03:19.748 GMT+0100,2617.266,2616.534,0.0027,0.003
15.03.2020 23:03:19.894 GMT+0100,2617.266,2616.455,0.0027,0.003
15.03.2020 23:03:19.944 GMT+0100,2617.1510000000003,2616.455,0.0027,0.0022
15.03.2020 23:03:20.409 GMT+0100,2617.663,2616.952,0.0027,0.0022
15.03.2020 23:03:20.531 GMT+0100,2617.663,2616.843,0.0027,0.003
15.03.2020 23:03:20.581 GMT+0100,2617.563,2616.843,0.0004,0.003
15.03.2020 23:03:20.642 GMT+0100,2617.563,2616.355,0.0027,0.003
15.03.2020 23:03:20.692 GMT+0100,2617.0660000000003,2616.355,0.0027,0.003
15.03.2020 23:03:20.997 GMT+0100,2617.0660000000003,2616.146,0.0027,0.003
15.03.2020 23:03:21.048 GMT+0100,2616.848,2616.146,0.0004,0.0022
15.03.2020 23:03:21.324 GMT+0100,2616.848,2616.052,0.0027,0.003
15.03.2020 23:03:21.374 GMT+0100,2616.757,2616.052,0.0027,0.003
15.03.2020 23:03:21.500 GMT+0100,2616.757,2615.5370000000003,0.0027,0.003
15.03.2020 23:03:21.550 GMT+0100,2616.2000000000003,2615.5370000000003,0.0004,0.0022
15.03.2020 23:03:21.980 GMT+0100,2616.2000000000003,2615.7000000000003,0.0004,0.0022
15.03.2020 23:03:22.030 GMT+0100,2616.366,2615.7000000000003,0.0027,0.0022
15.03.2020 23:03:22.300 GMT+0100,2616.366,2615.9,0.0004,0.0022
15.03.2020 23:03:22.350 GMT+0100,2616.548,2615.9,0.0004,0.0022
15.03.2020 23:03:22.517 GMT+0100,2616.548,2615.846,0.0004,0.0007
15.03.2020 23:03:22.567 GMT+0100,2617.248,2616.55,0.0004,0.0045
15.03.2020 23:03:22.720 GMT+0100,2617.563,2616.846,0.0027,0.0007
15.03.2020 23:03:22.837 GMT+0100,2617.563,2616.543,0.0027,0.003
15.03.2020 23:03:22.887 GMT+0100,2617.045,2616.3520000000003,0.0004,0.0022
15.03.2020 23:03:23.772 GMT+0100,2617.045,2616.152,0.0027,0.003
15.03.2020 23:03:23.823 GMT+0100,2616.863,2616.152,0.0027,0.003
15.03.2020 23:03:23.923 GMT+0100,2616.248,2615.543,0.0027,0.003
15.03.2020 23:03:24.049 GMT+0100,2616.248,2615.65,0.0004,0.0022
15.03.2020 23:03:24.099 GMT+0100,2616.366,2615.652,0.0027,0.0007
15.03.2020 23:03:24.209 GMT+0100,2616.366,2615.935,0.0004,0.0022
15.03.2020 23:03:24.260 GMT+0100,2616.648,2615.9370000000004,0.0004,0.0007
15.03.2020 23:03:24.370 GMT+0100,2616.8450000000003,2616.135,0.0004,0.003
15.03.2020 23:03:24.490 GMT+0100,2616.8450000000003,2615.643,0.0027,0.003
15.03.2020 23:03:24.540 GMT+0100,2615.145,2614.4370000000004,0.0027,0.0022
15.03.2020 23:03:24.700 GMT+0100,2615.045,2614.355,0.0027,0.003
15.03.2020 23:03:25.030 GMT+0100,2614.863,2614.2000000000003,0.0027,0.0022
15.03.2020 23:03:25.081 GMT+0100,2614.863,2614.143,0.0004,0.0007
15.03.2020 23:03:25.131 GMT+0100,2613.354,2612.652,0.0049,0.0022
15.03.2020 23:03:25.242 GMT+0100,2613.354,2613.032,0.0004,0.0022
15.03.2020 23:03:25.292 GMT+0100,2613.76,2613.032,0.0027,0.003
15.03.2020 23:03:25.722 GMT+0100,2613.76,2612.955,0.0027,0.003
15.03.2020 23:03:25.823 GMT+0100,2613.16,2612.4429999999998,0.0027,0.003
15.03.2020 23:03:25.933 GMT+0100,2613.16,2612.447,0.0004,0.0007
15.03.2020 23:03:25.983 GMT+0100,2614.0660000000003,2613.329,0.0027,0.0052
15.03.2020 23:03:26.033 GMT+0100,2613.3,2612.637,0.0004,0.003
15.03.2020 23:03:26.155 GMT+0100,2613.0570000000002,2612.3520000000003,0.0027,0.0022
15.03.2020 23:03:26.206 GMT+0100,2613.563,2612.844,0.0004,0.003
15.03.2020 23:03:26.351 GMT+0100,2613.36,2612.64,0.0027,0.003
15.03.2020 23:03:26.401 GMT+0100,2612.857,2612.137,0.0027,0.003
15.03.2020 23:03:26.452 GMT+0100,2612.3450000000003,2611.64,0.0004,0.003
15.03.2020 23:03:26.502 GMT+0100,2613.048,2612.344,0.0004,0.003
15.03.2020 23:03:26.553 GMT+0100,2612.745,2612.0370000000003,0.0004,0.0022
15.03.2020 23:03:26.709 GMT+0100,2612.745,2611.952,0.0027,0.003
15.03.2020 23:03:26.759 GMT+0100,2612.1,2611.44,0.0004,0.003
15.03.2020 23:03:26.860 GMT+0100,2610.848,2610.146,0.0004,0.0022
15.03.2020 23:03:27.011 GMT+0100,2611.051,2610.3320000000003,0.0027,0.003
15.03.2020 23:03:27.230 GMT+0100,2611.051,2609.9,0.0027,0.003
15.03.2020 23:03:27.281 GMT+0100,2611.0660000000003,2610.395,0.0027,0.0022
15.03.2020 23:03:27.445 GMT+0100,2611.657,2610.538,0.0027,0.003
15.03.2020 23:03:27.495 GMT+0100,2611.248,2610.543,0.0027,0.003
15.03.2020 23:03:27.563 GMT+0100,2611.248,2611.1470000000004,0.0004,0.0022
15.03.2020 23:03:27.613 GMT+0100,2610.7000000000003,2610.0370000000003,0.0004,0.0022
15.03.2020 23:03:27.761 GMT+0100,2610.7000000000003,2609.849,0.0027,0.003
15.03.2020 23:03:27.811 GMT+0100,2610.5660000000003,2609.849,0.0027,0.0022
15.03.2020 23:03:28.081 GMT+0100,2610.5660000000003,2610.344,0.0004,0.0022
15.03.2020 23:03:28.131 GMT+0100,2610.3,2609.637,0.0027,0.003
15.03.2020 23:03:28.422 GMT+0100,2610.3,2610.0950000000003,0.0004,0.0022
15.03.2020 23:03:28.473 GMT+0100,2610.745,2610.0950000000003,0.0004,0.0022
15.03.2020 23:03:28.611 GMT+0100,2610.263,2609.552,0.0004,0.003
15.03.2020 23:03:29.135 GMT+0100,2610.263,2609.34,0.0027,0.003
15.03.2020 23:03:29.185 GMT+0100,2610.063,2609.34,0.0027,0.003
15.03.2020 23:03:29.775 GMT+0100,2610.063,2608.9370000000004,0.0027,0.003
15.03.2020 23:03:29.825 GMT+0100,2609.654,2608.9370000000004,0.0027,0.003
15.03.2020 23:03:29.981 GMT+0100,2609.366,2608.634,0.0027,0.003
15.03.2020 23:03:30.094 GMT+0100,2609.366,2608.543,0.0027,0.003
15.03.2020 23:03:30.145 GMT+0100,2609.2000000000003,2608.543,0.0004,0.0022
15.03.2020 23:03:30.218 GMT+0100,2609.2000000000003,2608.534,0.0004,0.0007
15.03.2020 23:03:30.269 GMT+0100,2610.657,2609.94,0.0027,0.003
15.03.2020 23:03:30.370 GMT+0100,2610.366,2609.64,0.0027,0.003
15.03.2020 23:03:30.420 GMT+0100,2612.563,2611.846,0.0027,0.0022
15.03.2020 23:03:30.470 GMT+0100,2612.0660000000003,2611.34,0.0027,0.003
15.03.2020 23:03:30.521 GMT+0100,2610.257,2609.543,0.0004,0.003
15.03.2020 23:03:30.641 GMT+0100,2609.554,2608.846,0.0027,0.0022
15.03.2020 23:03:30.692 GMT+0100,2610.5660000000003,2609.843,0.0027,0.0022
15.03.2020 23:03:30.742 GMT+0100,2610.36,2609.643,0.0004,0.003
15.03.2020 23:03:30.875 GMT+0100,2610.36,2609.9,0.0004,0.0022
15.03.2020 23:03:30.925 GMT+0100,2610.56,2609.9,0.0004,0.0022
15.03.2020 23:03:31.179 GMT+0100,2610.5950000000003,2610.555,0.0004,0.0022
15.03.2020 23:03:31.230 GMT+0100,2611,2610.4,0.0004,0.0022
15.03.2020 23:03:31.280 GMT+0100,2609.8,2609.143,0.0004,0.003
15.03.2020 23:03:31.331 GMT+0100,2610.36,2609.652,0.0027,0.003
15.03.2020 23:03:31.439 GMT+0100,2610.86,2610.152,0.0004,0.0007
15.03.2020 23:03:31.490 GMT+0100,2610.0570000000002,2609.4,0.0027,0.0022
15.03.2020 23:03:31.544 GMT+0100,2610.0570000000002,2609.3520000000003,0.0004,0.0007
15.03.2020 23:03:31.595 GMT+0100,2610.5570000000002,2609.849,0.0027,0.0022
15.03.2020 23:03:31.645 GMT+0100,2610.748,2610.1,0.0004,0.0022
15.03.2020 23:03:31.696 GMT+0100,2612.16,2611.4370000000004,0.0027,0.003
15.03.2020 23:03:31.746 GMT+0100,2609.3450000000003,2608.643,0.0004,0.0022
15.03.2020 23:03:31.797 GMT+0100,2608.654,2607.955,0.0004,0.003
15.03.2020 23:03:31.847 GMT+0100,2611.7000000000003,2611.043,0.0004,0.003
15.03.2020 23:03:31.897 GMT+0100,2610.7000000000003,2610.0370000000003,0.0004,0.003
15.03.2020 23:03:31.947 GMT+0100,2613.157,2612.4429999999998,0.0004,0.0022
15.03.2020 23:03:31.998 GMT+0100,2612.548,2611.8520000000003,0.0004,0.0022
15.03.2020 23:03:32.048 GMT+0100,2613.257,2612.5460000000003,0.0004,0.003
15.03.2020 23:03:32.099 GMT+0100,2614.145,2613.4429999999998,0.0004,0.003
15.03.2020 23:03:32.205 GMT+0100,2614.145,2612.946,0.0027,0.003
15.03.2020 23:03:32.256 GMT+0100,2613.657,2612.946,0.0004,0.003
15.03.2020 23:03:32.468 GMT+0100,2613.657,2613.54,0.0004,0.0022
15.03.2020 23:03:32.519 GMT+0100,2613.245,2612.5460000000003,0.0004,0.003
15.03.2020 23:03:32.688 GMT+0100,2612.5,2611.834,0.0004,0.003
15.03.2020 23:03:32.829 GMT+0100,2613.7000000000003,2613.043,0.0004,0.003
15.03.2020 23:03:32.946 GMT+0100,2614.554,2613.843,0.0027,0.0045
15.03.2020 23:03:33.008 GMT+0100,2614.554,2613.84,0.0004,0.0007
15.03.2020 23:03:33.059 GMT+0100,2612.6510000000003,2611.934,0.0049,0.003
15.03.2020 23:03:33.159 GMT+0100,2613.754,2613.04,0.0027,0.003
15.03.2020 23:03:33.209 GMT+0100,2612.66,2611.934,0.0027,0.003
15.03.2020 23:03:33.260 GMT+0100,2613.1,2612.5,0.0004,0.0022
15.03.2020 23:03:33.310 GMT+0100,2613.86,2613.134,0.0027,0.003
15.03.2020 23:03:33.396 GMT+0100,2613.86,2612.44,0.0027,0.003
15.03.2020 23:03:33.446 GMT+0100,2613.748,2613.055,0.0004,0.0022
15.03.2020 23:03:33.497 GMT+0100,2615.745,2615.034,0.0027,0.003
15.03.2020 23:03:33.547 GMT+0100,2614.045,2613.355,0.0004,0.0022
15.03.2020 23:03:33.647 GMT+0100,2614.263,2613.549,0.0022,0.003
15.03.2020 23:03:33.698 GMT+0100,2614.2000000000003,2613.549,0.0004,0.0022
15.03.2020 23:03:33.809 GMT+0100,2614.2000000000003,2613.3520000000003,0.0027,0.003
15.03.2020 23:03:33.859 GMT+0100,2614.045,2613.3520000000003,0.0027,0.0022
15.03.2020 23:03:33.966 GMT+0100,2614.045,2611.94,0.0004,0.003
15.03.2020 23:03:34.017 GMT+0100,2612.666,2611.94,0.0049,0.003
15.03.2020 23:03:34.221 GMT+0100,2612.254,2611.6,0.0027,0.0022
15.03.2020 23:03:34.272 GMT+0100,2614.16,2613.4500000000003,0.0004,0.0022
15.03.2020 23:03:34.322 GMT+0100,2613.666,2612.955,0.0027,0.003
15.03.2020 23:03:34.372 GMT+0100,2612.751,2612.0370000000003,0.0004,0.003
15.03.2020 23:03:34.443 GMT+0100,2612.751,2612.635,0.0004,0.0022
15.03.2020 23:03:34.494 GMT+0100,2614.851,2614.141,0.0027,0.0022
15.03.2020 23:03:34.544 GMT+0100,2614.26,2613.552,0.0027,0.0022
15.03.2020 23:03:34.711 GMT+0100,2614.254,2613.343,0.0027,0.003
15.03.2020 23:03:34.761 GMT+0100,2614.048,2613.343,0.0004,0.0022
15.03.2020 23:03:34.847 GMT+0100,2614.048,2612.452,0.0004,0.003
15.03.2020 23:03:34.898 GMT+0100,2613.163,2612.452,0.0049,0.003
15.03.2020 23:03:35.008 GMT+0100,2613.163,2612.538,0.0004,0.0022
15.03.2020 23:03:35.059 GMT+0100,2613.263,2612.538,0.0027,0.003
15.03.2020 23:03:35.109 GMT+0100,2614,2613.344,0.0004,0.003
15.03.2020 23:03:35.262 GMT+0100,2613.8,2613.149,0.0004,0.003
15.03.2020 23:03:35.312 GMT+0100,2613.366,2612.64,0.0027,0.003
15.03.2020 23:03:35.363 GMT+0100,2614.56,2613.8379999999997,0.0004,0.003
15.03.2020 23:03:35.413 GMT+0100,2615.26,2614.544,0.0027,0.003
15.03.2020 23:03:35.592 GMT+0100,2614.854,2614.152,0.0027,0.0022
15.03.2020 23:03:35.757 GMT+0100,2614.854,2614.04,0.0027,0.003
15.03.2020 23:03:35.808 GMT+0100,2613.06,2612.355,0.0027,0.0022
15.03.2020 23:03:35.870 GMT+0100,2613.06,2612.944,0.0004,0.0022
15.03.2020 23:03:35.921 GMT+0100,2614.26,2613.529,0.0004,0.003
15.03.2020 23:03:35.971 GMT+0100,2613.7000000000003,2613.1,0.0004,0.0022
15.03.2020 23:03:36.113 GMT+0100,2613.263,2612.6,0.0027,0.0022
15.03.2020 23:03:36.253 GMT+0100,2612.857,2612.155,0.0027,0.003
15.03.2020 23:03:36.304 GMT+0100,2612.857,2612.635,0.0004,0.0022
15.03.2020 23:03:36.355 GMT+0100,2615.251,2614.544,0.0004,0.003
15.03.2020 23:03:36.515 GMT+0100,2613.7000000000003,2613.0460000000003,0.0027,0.003
15.03.2020 23:03:36.620 GMT+0100,2613.7000000000003,2612.446,0.0027,0.003
15.03.2020 23:03:36.670 GMT+0100,2612.66,2611.952,0.0027,0.003
15.03.2020 23:03:36.789 GMT+0100,2612.66,2611.452,0.0027,0.003
15.03.2020 23:03:36.840 GMT+0100,2612.848,2612.135,0.0004,0.0022
15.03.2020 23:03:36.960 GMT+0100,2612.848,2611.646,0.0027,0.003
15.03.2020 23:03:37.010 GMT+0100,2612.354,2611.646,0.0027,0.0022
15.03.2020 23:03:37.060 GMT+0100,2612.8450000000003,2612.144,0.0004,0.0022
15.03.2020 23:03:37.173 GMT+0100,2612.8450000000003,2612.3379999999997,0.0004,0.0022
15.03.2020 23:03:37.223 GMT+0100,2613.063,2612.3379999999997,0.0027,0.003
15.03.2020 23:03:37.496 GMT+0100,2613.063,2612.0460000000003,0.0027,0.003
15.03.2020 23:03:37.546 GMT+0100,2612.757,2612.0460000000003,0.0027,0.003
15.03.2020 23:03:37.601 GMT+0100,2612.757,2611.555,0.0027,0.003
15.03.2020 23:03:37.652 GMT+0100,2612.254,2611.555,0.0027,0.003
15.03.2020 23:03:37.761 GMT+0100,2612.254,2611.452,0.0027,0.003
15.03.2020 23:03:37.812 GMT+0100,2612.145,2611.452,0.0004,0.0022
15.03.2020 23:03:37.912 GMT+0100,2611.16,2610.434,0.0027,0.003
15.03.2020 23:03:37.963 GMT+0100,2612.863,2612.195,0.0027,0.0022
15.03.2020 23:03:38.079 GMT+0100,2611.748,2611.043,0.0027,0.003
15.03.2020 23:03:38.130 GMT+0100,2612.263,2611.5950000000003,0.0027,0.0022
15.03.2020 23:03:38.264 GMT+0100,2612.263,2611.14,0.0027,0.003
15.03.2020 23:03:38.315 GMT+0100,2611.868,2611.14,0.0027,0.003
15.03.2020 23:03:38.495 GMT+0100,2611.863,2611.141,0.0004,0.0007
15.03.2020 23:03:38.545 GMT+0100,2612.66,2611.935,0.0027,0.0045
15.03.2020 23:03:38.595 GMT+0100,2611.105,2610.434,0.0004,0.003
15.03.2020 23:03:38.646 GMT+0100,2611.763,2611.032,0.0004,0.003
15.03.2020 23:03:38.696 GMT+0100,2611.563,2611.438,0.0004,0.0022
15.03.2020 23:03:38.746 GMT+0100,2612.1510000000003,2611.438,0.0027,0.0022
15.03.2020 23:03:38.893 GMT+0100,2612.056,2611.3520000000003,0.0027,0.0022
15.03.2020 23:03:38.943 GMT+0100,2611.005,2610.34,0.0004,0.003
15.03.2020 23:03:38.994 GMT+0100,2611.866,2611.132,0.0027,0.003
15.03.2020 23:03:39.079 GMT+0100,2611.866,2610.655,0.0027,0.003
15.03.2020 23:03:39.129 GMT+0100,2611.371,2610.655,0.0027,0.0022
15.03.2020 23:03:39.230 GMT+0100,2612.251,2611.5950000000003,0.0004,0.0022
15.03.2020 23:03:39.351 GMT+0100,2612.251,2611.695,0.0004,0.0022
15.03.2020 23:03:39.401 GMT+0100,2610.656,2609.946,0.0004,0.003
15.03.2020 23:03:39.553 GMT+0100,2610.5570000000002,2609.84,0.0022,0.003
15.03.2020 23:03:39.640 GMT+0100,2610.554,2610.455,0.0004,0.0022
15.03.2020 23:03:39.690 GMT+0100,2610.262,2609.555,0.0027,0.0022
15.03.2020 23:03:39.801 GMT+0100,2610.257,2609.649,0.0004,0.0022
15.03.2020 23:03:39.852 GMT+0100,2610.3450000000003,2609.649,0.0027,0.0022
15.03.2020 23:03:40.150 GMT+0100,2610.3450000000003,2609.152,0.0027,0.003
15.03.2020 23:03:40.201 GMT+0100,2611.766,2611.04,0.0027,0.0022
15.03.2020 23:03:40.256 GMT+0100,2611.766,2611.54,0.0004,0.0022
15.03.2020 23:03:40.307 GMT+0100,2612.263,2611.54,0.0027,0.003
15.03.2020 23:03:40.420 GMT+0100,2612.263,2611.137,0.0027,0.003
15.03.2020 23:03:40.470 GMT+0100,2610.505,2609.8520000000003,0.0004,0.0022
15.03.2020 23:03:40.520 GMT+0100,2611.18,2611.14,0.0004,0.0022
15.03.2020 23:03:40.571 GMT+0100,2611.848,2611.14,0.0004,0.0022
15.03.2020 23:03:40.655 GMT+0100,2611.848,2610.549,0.0027,0.003
15.03.2020 23:03:40.705 GMT+0100,2611.253,2610.549,0.0004,0.0022
15.03.2020 23:03:40.770 GMT+0100,2611.253,2609.449,0.0004,0.003
15.03.2020 23:03:40.820 GMT+0100,2610.153,2609.449,0.0004,0.003
15.03.2020 23:03:40.930 GMT+0100,2610.148,2609.534,0.0004,0.0022
15.03.2020 23:03:40.981 GMT+0100,2610.2000000000003,2609.534,0.0027,0.003
15.03.2020 23:03:41.091 GMT+0100,2610.2000000000003,2609.849,0.0004,0.0022
15.03.2020 23:03:41.141 GMT+0100,2610.563,2609.849,0.0027,0.003
15.03.2020 23:03:41.251 GMT+0100,2610.563,2609.637,0.0027,0.003
15.03.2020 23:03:41.301 GMT+0100,2610.368,2609.637,0.0027,0.003
15.03.2020 23:03:41.534 GMT+0100,2610.25,2609.543,0.0027,0.003
15.03.2020 23:03:41.657 GMT+0100,2610.245,2609.655,0.0004,0.0022
15.03.2020 23:03:41.708 GMT+0100,2610.36,2609.655,0.0027,0.0022
15.03.2020 23:03:42.019 GMT+0100,2610.36,2609.543,0.0027,0.003
15.03.2020 23:03:42.069 GMT+0100,2610.257,2609.543,0.0027,0.003
15.03.2020 23:03:42.194 GMT+0100,2610.1510000000003,2609.434,0.0004,0.003
15.03.2020 23:03:42.338 GMT+0100,2610.1510000000003,2609.5460000000003,0.0004,0.0022
15.03.2020 23:03:42.388 GMT+0100,2610.254,2609.5460000000003,0.0027,0.003
15.03.2020 23:03:42.524 GMT+0100,2611.051,2610.334,0.0027,0.003
15.03.2020 23:03:42.602 GMT+0100,2611.051,2609.837,0.0027,0.003
15.03.2020 23:03:42.652 GMT+0100,2611.0660000000003,2610.3520000000003,0.0027,0.0022
15.03.2020 23:03:42.703 GMT+0100,2610.348,2609.652,0.0027,0.003
15.03.2020 23:03:42.854 GMT+0100,2610.054,2609.34,0.0027,0.003
15.03.2020 23:03:43.184 GMT+0100,2609.8,2609.143,0.0004,0.0022
15.03.2020 23:03:43.323 GMT+0100,2609.8,2609.355,0.0004,0.0022
15.03.2020 23:03:43.373 GMT+0100,2610.045,2609.355,0.0004,0.003
15.03.2020 23:03:43.473 GMT+0100,2609.657,2608.94,0.0027,0.003
15.03.2020 23:03:43.600 GMT+0100,2609.657,2608.137,0.0004,0.003
15.03.2020 23:03:43.651 GMT+0100,2608.8450000000003,2608.137,0.0004,0.003
15.03.2020 23:03:43.853 GMT+0100,2608.8450000000003,2608.646,0.0004,0.0022
15.03.2020 23:03:43.903 GMT+0100,2609.351,2608.646,0.0027,0.003
15.03.2020 23:03:44.013 GMT+0100,2609.351,2608.549,0.0027,0.003
15.03.2020 23:03:44.063 GMT+0100,2609.257,2608.549,0.0027,0.0022
15.03.2020 23:03:44.219 GMT+0100,2609.257,2608.449,0.0027,0.003
15.03.2020 23:03:44.269 GMT+0100,2609.145,2608.449,0.0004,0.0022
15.03.2020 23:03:44.378 GMT+0100,2609.145,2608.4,0.0027,0.003
15.03.2020 23:03:44.429 GMT+0100,2609.045,2608.4,0.0027,0.0022
15.03.2020 23:03:44.704 GMT+0100,2608.757,2608.4,0.0004,0.0022
15.03.2020 23:03:44.754 GMT+0100,2608.757,2608.0460000000003,0.0027,0.0022
15.03.2020 23:03:44.943 GMT+0100,2608.757,2607.134,0.0004,0.003
15.03.2020 23:03:44.993 GMT+0100,2610.366,2609.64,0.0027,0.003
15.03.2020 23:03:45.165 GMT+0100,2609.645,2608.949,0.0004,0.0022
15.03.2020 23:03:45.273 GMT+0100,2609.645,2608.143,0.0004,0.003
15.03.2020 23:03:45.323 GMT+0100,2608.348,2607.649,0.0004,0.003
15.03.2020 23:03:45.374 GMT+0100,2610.26,2609.54,0.0004,0.003
15.03.2020 23:03:45.496 GMT+0100,2609.8450000000003,2609.143,0.0004,0.003
15.03.2020 23:03:45.676 GMT+0100,2609.351,2608.54,0.0027,0.003
15.03.2020 23:03:45.726 GMT+0100,2609.266,2608.54,0.0027,0.003
15.03.2020 23:03:45.776 GMT+0100,2615.245,2614.5460000000003,0.0027,0.0022
15.03.2020 23:03:45.827 GMT+0100,2616.048,2615.4,0.0027,0.0022
15.03.2020 23:03:45.877 GMT+0100,2613.745,2613.055,0.0004,0.003
15.03.2020 23:03:46.012 GMT+0100,2613.745,2613.44,0.0004,0.0022
15.03.2020 23:03:46.062 GMT+0100,2614.1,2613.44,0.0027,0.003
15.03.2020 23:03:46.113 GMT+0100,2613.654,2612.9429999999998,0.0004,0.003
15.03.2020 23:03:46.386 GMT+0100,2613.654,2613.346,0.0004,0.0022
15.03.2020 23:03:46.436 GMT+0100,2614.0660000000003,2613.346,0.0027,0.0022
15.03.2020 23:03:46.547 GMT+0100,2614.0660000000003,2613.034,0.0027,0.003
15.03.2020 23:03:46.597 GMT+0100,2613.748,2613.034,0.0027,0.003
15.03.2020 23:03:46.663 GMT+0100,2613.748,2613.549,0.0004,0.0022
15.03.2020 23:03:46.713 GMT+0100,2613.763,2613.0460000000003,0.0027,0.0022
15.03.2020 23:03:47.146 GMT+0100,2615.766,2615.044,0.0027,0.0022
15.03.2020 23:03:47.196 GMT+0100,2614.154,2613.455,0.0027,0.0022
15.03.2020 23:03:47.246 GMT+0100,2616.048,2615.347,0.0004,0.0022
15.03.2020 23:03:47.369 GMT+0100,2616.048,2615.541,0.0004,0.0022
15.03.2020 23:03:47.419 GMT+0100,2616.26,2615.543,0.0027,0.0007
15.03.2020 23:03:47.470 GMT+0100,2615.751,2615.0460000000003,0.0004,0.003
15.03.2020 23:03:47.807 GMT+0100,2615.6,2614.94,0.0004,0.003
15.03.2020 23:03:48.140 GMT+0100,2615.6,2615.029,0.0004,0.0022
15.03.2020 23:03:48.190 GMT+0100,2615.751,2615.029,0.0027,0.003
15.03.2020 23:03:48.260 GMT+0100,2615.751,2615.4500000000003,0.0004,0.0022
15.03.2020 23:03:48.310 GMT+0100,2616.148,2615.4500000000003,0.0004,0.003
15.03.2020 23:03:48.421 GMT+0100,2616.148,2615.0460000000003,0.0027,0.003
15.03.2020 23:03:48.471 GMT+0100,2615.76,2615.0460000000003,0.0027,0.003
15.03.2020 23:03:48.568 GMT+0100,2615.76,2615.638,0.0004,0.0022
15.03.2020 23:03:48.619 GMT+0100,2616.3,2615.638,0.0004,0.0022
15.03.2020 23:03:48.669 GMT+0100,2615.748,2615.1,0.0004,0.0022
15.03.2020 23:03:48.850 GMT+0100,2615.863,2615.1470000000004,0.0027,0.003
15.03.2020 23:03:49.037 GMT+0100,2615.88,2615.835,0.0004,0.0022
15.03.2020 23:03:49.088 GMT+0100,2616.551,2615.837,0.0027,0.0007
15.03.2020 23:03:49.197 GMT+0100,2616.551,2615.652,0.0027,0.003
15.03.2020 23:03:49.247 GMT+0100,2616.354,2615.652,0.0027,0.0022
15.03.2020 23:03:49.516 GMT+0100,2616.354,2615.355,0.0027,0.003
15.03.2020 23:03:49.567 GMT+0100,2616.054,2615.355,0.0027,0.003
15.03.2020 23:03:49.680 GMT+0100,2616.1,2615.438,0.0004,0.003
15.03.2020 23:03:49.917 GMT+0100,2616.1,2616.047,0.0004,0.0022
15.03.2020 23:03:49.967 GMT+0100,2617.26,2616.55,0.0027,0.0022
15.03.2020 23:03:50.017 GMT+0100,2616.0660000000003,2615.4,0.0027,0.0022
15.03.2020 23:03:50.172 GMT+0100,2616.148,2615.4410000000003,0.0004,0.003
15.03.2020 23:03:50.272 GMT+0100,2615.8450000000003,2615.146,0.0004,0.003
15.03.2020 23:03:50.322 GMT+0100,2616.354,2615.629,0.0027,0.003
15.03.2020 23:03:50.501 GMT+0100,2616.26,2615.549,0.0027,0.003
15.03.2020 23:03:50.603 GMT+0100,2616.7000000000003,2616.0460000000003,0.0004,0.0007
15.03.2020 23:03:50.712 GMT+0100,2616.7000000000003,2615.946,0.0027,0.003
15.03.2020 23:03:50.763 GMT+0100,2616.666,2615.946,0.0027,0.0022
15.03.2020 23:03:50.932 GMT+0100,2617.26,2616.135,0.0027,0.003
15.03.2020 23:03:50.983 GMT+0100,2616.86,2616.14,0.0027,0.003
15.03.2020 23:03:51.111 GMT+0100,2616.36,2615.646,0.0027,0.003
15.03.2020 23:03:51.161 GMT+0100,2616.554,2615.895,0.0004,0.0022
15.03.2020 23:03:51.212 GMT+0100,2617.045,2616.335,0.0004,0.003
15.03.2020 23:03:51.357 GMT+0100,2617.045,2616.4410000000003,0.0004,0.0022
15.03.2020 23:03:51.407 GMT+0100,2617.154,2616.4410000000003,0.0027,0.0022
15.03.2020 23:03:51.677 GMT+0100,2617.154,2616.349,0.0027,0.003
15.03.2020 23:03:51.727 GMT+0100,2617.0660000000003,2616.349,0.0027,0.003
15.03.2020 23:03:51.837 GMT+0100,2617.0660000000003,2616.4410000000003,0.0004,0.0022
15.03.2020 23:03:51.887 GMT+0100,2617.648,2616.9500000000003,0.0027,0.0022
15.03.2020 23:03:52.038 GMT+0100,2617.648,2616.849,0.0027,0.003
15.03.2020 23:03:52.139 GMT+0100,2619.157,2618.495,0.0004,0.0022
15.03.2020 23:03:52.214 GMT+0100,2619.157,2617.846,0.0027,0.003
15.03.2020 23:03:52.264 GMT+0100,2619.051,2618.346,0.0004,0.0007
15.03.2020 23:03:52.387 GMT+0100,2619.051,2618.635,0.0004,0.0022
15.03.2020 23:03:52.438 GMT+0100,2619.3,2618.637,0.0004,0.0007
15.03.2020 23:03:52.546 GMT+0100,2619.3,2618.552,0.0027,0.003
15.03.2020 23:03:52.596 GMT+0100,2619.857,2619.144,0.0027,0.003
15.03.2020 23:03:52.647 GMT+0100,2619,2618.3520000000003,0.0004,0.0022
15.03.2020 23:03:52.761 GMT+0100,2618.548,2617.843,0.0004,0.0022
15.03.2020 23:03:52.825 GMT+0100,2618.548,2618.195,0.0004,0.0022
15.03.2020 23:03:52.875 GMT+0100,2618.863,2618.195,0.0027,0.0022
15.03.2020 23:03:53.025 GMT+0100,2619.054,2617.655,0.0027,0.003
15.03.2020 23:03:53.075 GMT+0100,2619.548,2618.85,0.0004,0.0022
15.03.2020 23:03:53.125 GMT+0100,2619,2618.349,0.0004,0.003
15.03.2020 23:03:53.247 GMT+0100,2619,2617.934,0.0027,0.003
15.03.2020 23:03:53.297 GMT+0100,2618.0660000000003,2617.343,0.0027,0.003
15.03.2020 23:03:53.472 GMT+0100,2617.748,2617.1,0.0027,0.0022
15.03.2020 23:03:53.604 GMT+0100,2617.748,2616.949,0.0027,0.003
15.03.2020 23:03:53.752 GMT+0100,2617.6,2616.949,0.0004,0.003
15.03.2020 23:03:53.802 GMT+0100,2617.745,2617.049,0.0004,0.0022
15.03.2020 23:03:53.881 GMT+0100,2617.745,2615.946,0.0004,0.003
15.03.2020 23:03:53.931 GMT+0100,2616.257,2615.6,0.0027,0.0022
15.03.2020 23:03:54.059 GMT+0100,2615.757,2615.043,0.0027,0.003
15.03.2020 23:03:54.160 GMT+0100,2615.051,2614.043,0.0027,0.003
15.03.2020 23:03:54.210 GMT+0100,2614.7000000000003,2614.04,0.0004,0.003
15.03.2020 23:03:54.325 GMT+0100,2614.7000000000003,2613.946,0.0027,0.003
15.03.2020 23:03:54.375 GMT+0100,2614.666,2613.946,0.0027,0.003
15.03.2020 23:03:54.483 GMT+0100,2614.666,2614.155,0.0004,0.0022
15.03.2020 23:03:54.534 GMT+0100,2614.063,2613.343,0.0027,0.003
15.03.2020 23:03:54.645 GMT+0100,2614.063,2613.44,0.0004,0.0022
15.03.2020 23:03:54.695 GMT+0100,2613.548,2612.837,0.0004,0.003
15.03.2020 23:03:54.816 GMT+0100,2613.548,2613.355,0.0004,0.0022
15.03.2020 23:03:54.866 GMT+0100,2614.548,2613.84,0.0004,0.003
15.03.2020 23:03:54.938 GMT+0100,2614.5860000000002,2614.5460000000003,0.0004,0.0022
15.03.2020 23:03:54.988 GMT+0100,2615.248,2614.5460000000003,0.0004,0.0022
15.03.2020 23:03:55.122 GMT+0100,2615.0570000000002,2614.349,0.0004,0.003
15.03.2020 23:03:55.172 GMT+0100,2615.5,2614.843,0.0004,0.003
15.03.2020 23:03:55.222 GMT+0100,2613.848,2613.2000000000003,0.0027,0.0022
15.03.2020 23:03:55.273 GMT+0100,2614.157,2613.449,0.0004,0.003
15.03.2020 23:03:55.344 GMT+0100,2614.157,2612.843,0.0027,0.003
15.03.2020 23:03:55.394 GMT+0100,2613.5660000000003,2612.843,0.0027,0.0022
15.03.2020 23:03:55.445 GMT+0100,2614.16,2613.434,0.0027,0.003
15.03.2020 23:03:55.557 GMT+0100,2614.16,2612.84,0.0027,0.003
15.03.2020 23:03:55.607 GMT+0100,2613.545,2612.84,0.0004,0.003
15.03.2020 23:03:56.113 GMT+0100,2614.0570000000002,2613.34,0.0004,0.0022
15.03.2020 23:03:56.206 GMT+0100,2614.0570000000002,2613.9429999999998,0.0004,0.0022
15.03.2020 23:03:56.257 GMT+0100,2614.648,2613.9429999999998,0.0004,0.003
15.03.2020 23:03:56.307 GMT+0100,2614.1,2613.449,0.0004,0.003
15.03.2020 23:03:56.444 GMT+0100,2614.1,2613.555,0.0004,0.0022
15.03.2020 23:03:56.495 GMT+0100,2614.266,2613.555,0.0027,0.0022
15.03.2020 23:03:57.033 GMT+0100,2614.266,2612.952,0.0027,0.003
15.03.2020 23:03:57.084 GMT+0100,2613.66,2612.952,0.0027,0.0022
15.03.2020 23:03:57.194 GMT+0100,2613.66,2613.143,0.0004,0.0022
15.03.2020 23:03:57.244 GMT+0100,2613.8450000000003,2613.143,0.0004,0.0022
15.03.2020 23:03:57.513 GMT+0100,2613.8450000000003,2613.052,0.0027,0.003
15.03.2020 23:03:57.564 GMT+0100,2613.748,2613.052,0.0027,0.0022
15.03.2020 23:03:57.659 GMT+0100,2613.748,2613.04,0.0004,0.0007
15.03.2020 23:03:57.710 GMT+0100,2614.866,2614.137,0.0027,0.0052
15.03.2020 23:03:57.760 GMT+0100,2615.551,2614.843,0.0004,0.0022
15.03.2020 23:03:57.883 GMT+0100,2615.551,2614.549,0.0027,0.003
15.03.2020 23:03:57.933 GMT+0100,2615.254,2614.549,0.0027,0.003
15.03.2020 23:03:58.000 GMT+0100,2615.254,2614.0370000000003,0.0027,0.003
15.03.2020 23:03:58.050 GMT+0100,2614.763,2614.0370000000003,0.0027,0.003
15.03.2020 23:03:59.218 GMT+0100,2614.763,2613.952,0.0027,0.003
15.03.2020 23:03:59.268 GMT+0100,2615.1510000000003,2614.44,0.0027,0.0007
15.03.2020 23:03:59.414 GMT+0100,2615.245,2614.547,0.0004,0.0022
15.03.2020 23:03:59.588 GMT+0100,2615.245,2613.94,0.0027,0.003
15.03.2020 23:03:59.639 GMT+0100,2614.645,2613.94,0.0004,0.003
15.03.2020 23:03:59.749 GMT+0100,2614.645,2613.5460000000003,0.0027,0.003
15.03.2020 23:03:59.800 GMT+0100,2614.26,2613.5460000000003,0.0004,0.0022
15.03.2020 23:03:59.850 GMT+0100,2611.357,2610.64,0.0027,0.003
15.03.2020 23:03:59.900 GMT+0100,2609.86,2609.134,0.0027,0.003
15.03.2020 23:03:59.951 GMT+0100,2609.889,2609.844,0.0004,0.0022
15.03.2020 23:04:00.001 GMT+0100,2610.551,2609.844,0.0027,0.0022
15.03.2020 23:04:00.102 GMT+0100,2610.045,2609.349,0.0004,0.0022
15.03.2020 23:04:00.215 GMT+0100,2610.045,2609.337,0.0004,0.0007
15.03.2020 23:04:00.266 GMT+0100,2610.351,2608.8520000000003,0.0004,0.003
15.03.2020 23:04:00.425 GMT+0100,2609.56,2609.132,0.0004,0.0022
15.03.2020 23:04:00.476 GMT+0100,2609.851,2609.132,0.0027,0.003
15.03.2020 23:04:00.585 GMT+0100,2609.851,2609.335,0.0004,0.0022
15.03.2020 23:04:00.636 GMT+0100,2610.063,2609.335,0.0027,0.003
15.03.2020 23:04:00.736 GMT+0100,2607.366,2606.652,0.0027,0.003
15.03.2020 23:04:00.849 GMT+0100,2607.366,2606.4429999999998,0.0027,0.003
15.03.2020 23:04:00.899 GMT+0100,2606.2000000000003,2605.54,0.0004,0.0022
15.03.2020 23:04:00.949 GMT+0100,2605.2000000000003,2604.6,0.0004,0.0022
15.03.2020 23:04:01.245 GMT+0100,2605.2000000000003,2604.995,0.0004,0.0022
15.03.2020 23:04:01.296 GMT+0100,2605.648,2604.995,0.0027,0.0022
15.03.2020 23:04:01.346 GMT+0100,2604.754,2604.052,0.0004,0.003
15.03.2020 23:04:01.969 GMT+0100,2604.754,2604.644,0.0004,0.0022
15.03.2020 23:04:02.020 GMT+0100,2605.348,2604.644,0.0004,0.0022
15.03.2020 23:04:02.451 GMT+0100,2605.348,2604.8320000000003,0.0004,0.0022
15.03.2020 23:04:02.501 GMT+0100,2606.06,2605.335,0.0027,0.0022
15.03.2020 23:04:02.624 GMT+0100,2606.06,2604.843,0.0027,0.003
15.03.2020 23:04:02.675 GMT+0100,2605.548,2604.843,0.0004,0.003
15.03.2020 23:04:02.725 GMT+0100,2604.863,2604.152,0.0027,0.003
15.03.2020 23:04:02.848 GMT+0100,2604.863,2604.344,0.0004,0.0022
15.03.2020 23:04:02.899 GMT+0100,2605.0570000000002,2604.344,0.0004,0.003
15.03.2020 23:04:02.999 GMT+0100,2605.745,2605.0370000000003,0.0004,0.0007
15.03.2020 23:04:03.081 GMT+0100,2605.745,2604.955,0.0027,0.003
15.03.2020 23:04:03.131 GMT+0100,2605.645,2604.955,0.0004,0.0022
15.03.2020 23:04:03.249 GMT+0100,2605.645,2605.05,0.0004,0.0022
15.03.2020 23:04:03.299 GMT+0100,2605.666,2605,0.0027,0.0022
15.03.2020 23:04:03.454 GMT+0100,2605.666,2604.5,0.0027,0.003
15.03.2020 23:04:03.504 GMT+0100,2605.157,2604.5,0.0027,0.0022
15.03.2020 23:04:03.644 GMT+0100,2605.157,2604.55,0.0004,0.0022
15.03.2020 23:04:03.694 GMT+0100,2605.763,2605.035,0.0027,0.003
15.03.2020 23:04:03.816 GMT+0100,2605.763,2604.849,0.0027,0.003
15.03.2020 23:04:03.867 GMT+0100,2605.554,2604.849,0.0004,0.003
15.03.2020 23:04:03.917 GMT+0100,2605,2604.349,0.0004,0.0022
15.03.2020 23:04:04.073 GMT+0100,2605,2604.149,0.0027,0.003
15.03.2020 23:04:04.123 GMT+0100,2604.8,2604.149,0.0004,0.0022
15.03.2020 23:04:04.217 GMT+0100,2604.8,2603.652,0.0027,0.003
15.03.2020 23:04:04.267 GMT+0100,2604.857,2604.15,0.0027,0.0022
15.03.2020 23:04:04.382 GMT+0100,2604.857,2604.04,0.0027,0.003
15.03.2020 23:04:04.432 GMT+0100,2604.7000000000003,2604.04,0.0004,0.003
15.03.2020 23:04:04.555 GMT+0100,2604.7000000000003,2603.5370000000003,0.0027,0.003
15.03.2020 23:04:04.605 GMT+0100,2604.245,2603.5370000000003,0.0027,0.003
15.03.2020 23:04:04.706 GMT+0100,2604.86,2604.149,0.0004,0.0022
15.03.2020 23:04:04.757 GMT+0100,2606.548,2605.843,0.0004,0.003
15.03.2020 23:04:04.808 GMT+0100,2605.266,2604.543,0.0027,0.003
15.03.2020 23:04:04.858 GMT+0100,2604.16,2603.452,0.0027,0.0022
15.03.2020 23:04:05.025 GMT+0100,2603.754,2603.04,0.0004,0.003
15.03.2020 23:04:05.138 GMT+0100,2606.654,2605.955,0.0027,0.0022
15.03.2020 23:04:05.189 GMT+0100,2604.6,2604,0.0004,0.0022
15.03.2020 23:04:05.239 GMT+0100,2604.154,2603.446,0.0004,0.0022
15.03.2020 23:04:05.362 GMT+0100,2604.154,2603.4,0.0027,0.003
15.03.2020 23:04:05.413 GMT+0100,2604.0660000000003,2603.4,0.0027,0.0022
15.03.2020 23:04:05.522 GMT+0100,2604.0660000000003,2603.049,0.0027,0.003
15.03.2020 23:04:05.573 GMT+0100,2603.7000000000003,2603.049,0.0004,0.003
15.03.2020 23:04:05.685 GMT+0100,2603.8450000000003,2603.155,0.0027,0.0022
15.03.2020 23:04:05.842 GMT+0100,2603.8450000000003,2603.052,0.0027,0.003
15.03.2020 23:04:05.893 GMT+0100,2603.148,2602.5,0.0004,0.0022
15.03.2020 23:04:06.034 GMT+0100,2603.148,2602.052,0.0027,0.003
15.03.2020 23:04:06.085 GMT+0100,2602.754,2602.052,0.0027,0.003
15.03.2020 23:04:06.176 GMT+0100,2602.754,2602.637,0.0004,0.0022
15.03.2020 23:04:06.226 GMT+0100,2603.254,2602.543,0.0004,0.003
15.03.2020 23:04:06.359 GMT+0100,2603.254,2602.346,0.0027,0.003
15.03.2020 23:04:06.410 GMT+0100,2603.0660000000003,2602.346,0.0027,0.0022
15.03.2020 23:04:06.503 GMT+0100,2603.0660000000003,2600.94,0.0004,0.003
15.03.2020 23:04:06.553 GMT+0100,2602.348,2601.643,0.0004,0.0022
15.03.2020 23:04:06.654 GMT+0100,2601.857,2601.137,0.0027,0.003
15.03.2020 23:04:06.825 GMT+0100,2601.857,2600.9429999999998,0.0027,0.003
15.03.2020 23:04:06.875 GMT+0100,2601.654,2600.9429999999998,0.0027,0.003
15.03.2020 23:04:07.013 GMT+0100,2601.654,2601.5370000000003,0.0004,0.0022
15.03.2020 23:04:07.063 GMT+0100,2602.251,2601.5370000000003,0.0004,0.003
15.03.2020 23:04:07.234 GMT+0100,2601.554,2600.634,0.0027,0.003
15.03.2020 23:04:07.285 GMT+0100,2601.363,2600.634,0.0027,0.003
15.03.2020 23:04:07.395 GMT+0100,2601.363,2600.6,0.0027,0.003
15.03.2020 23:04:07.445 GMT+0100,2601.257,2600.6,0.0027,0.0022
15.03.2020 23:04:07.716 GMT+0100,2601.257,2600.337,0.0027,0.003
15.03.2020 23:04:07.766 GMT+0100,2601.048,2600.337,0.0027,0.003
15.03.2020 23:04:07.877 GMT+0100,2601.048,2600.14,0.0027,0.003
15.03.2020 23:04:07.928 GMT+0100,2601.357,2600.655,0.0027,0.0022
15.03.2020 23:04:08.082 GMT+0100,2601.357,2600.549,0.0027,0.003
15.03.2020 23:04:08.133 GMT+0100,2601.248,2600.549,0.0004,0.0022
15.03.2020 23:04:08.349 GMT+0100,2601.248,2600.4370000000004,0.0027,0.003
15.03.2020 23:04:08.399 GMT+0100,2601.163,2600.4370000000004,0.0027,0.003
15.03.2020 23:04:08.509 GMT+0100,2601.163,2600.543,0.0004,0.0022
15.03.2020 23:04:08.559 GMT+0100,2601.254,2600.543,0.0004,0.003
15.03.2020 23:04:08.669 GMT+0100,2601.254,2600.149,0.0027,0.003
15.03.2020 23:04:08.979 GMT+0100,2601.6,2600.5370000000003,0.0027,0.003
15.03.2020 23:04:09.029 GMT+0100,2601.245,2600.5370000000003,0.0004,0.003
15.03.2020 23:04:09.174 GMT+0100,2601.245,2600.049,0.0027,0.003
15.03.2020 23:04:09.224 GMT+0100,2600.748,2600.049,0.0004,0.0022
15.03.2020 23:04:09.358 GMT+0100,2599.757,2599.052,0.0027,0.0022
15.03.2020 23:04:09.490 GMT+0100,2600.357,2599.649,0.0027,0.0007
15.03.2020 23:04:09.688 GMT+0100,2600.551,2599.85,0.0027,0.0022
15.03.2020 23:04:09.798 GMT+0100,2601.045,2600.344,0.0004,0.003
15.03.2020 23:04:09.908 GMT+0100,2601.045,2599.949,0.0027,0.003
15.03.2020 23:04:09.958 GMT+0100,2600.16,2599.5,0.0004,0.0022
15.03.2020 23:04:10.089 GMT+0100,2600.16,2599.44,0.0004,0.0007
15.03.2020 23:04:10.139 GMT+0100,2601.251,2600.547,0.0004,0.0022
15.03.2020 23:04:10.240 GMT+0100,2601.1,2600.5,0.0004,0.0022
15.03.2020 23:04:10.399 GMT+0100,2601.1,2600.532,0.0004,0.0022
15.03.2020 23:04:10.450 GMT+0100,2601.263,2600.532,0.0027,0.003
15.03.2020 23:04:10.500 GMT+0100,2601.8,2601.138,0.0004,0.003
15.03.2020 23:04:10.678 GMT+0100,2602.3,2601.638,0.0004,0.0022
15.03.2020 23:04:10.824 GMT+0100,2602.245,2600.94,0.0027,0.003
15.03.2020 23:04:10.875 GMT+0100,2601.663,2600.94,0.0027,0.003
15.03.2020 23:04:11.008 GMT+0100,2601.757,2601.035,0.0027,0.003
15.03.2020 23:04:11.145 GMT+0100,2601.757,2600.849,0.0027,0.003
15.03.2020 23:04:11.195 GMT+0100,2601.563,2600.849,0.0027,0.0022
15.03.2020 23:04:11.286 GMT+0100,2601.563,2600.143,0.0027,0.003
15.03.2020 23:04:11.337 GMT+0100,2600.866,2600.143,0.0027,0.0022
15.03.2020 23:04:11.446 GMT+0100,2600.866,2600.052,0.0027,0.003
15.03.2020 23:04:11.497 GMT+0100,2600.748,2600.052,0.0004,0.003
15.03.2020 23:04:11.668 GMT+0100,2601.251,2600.5950000000003,0.0027,0.0022
15.03.2020 23:04:11.769 GMT+0100,2600.76,2600.04,0.0027,0.003
15.03.2020 23:04:12.082 GMT+0100,2600.76,2600.341,0.0004,0.0022
15.03.2020 23:04:12.133 GMT+0100,2601.051,2600.341,0.0004,0.003
15.03.2020 23:04:12.241 GMT+0100,2601.051,2599.9,0.0027,0.003
15.03.2020 23:04:12.291 GMT+0100,2600.551,2599.9,0.0004,0.0022
15.03.2020 23:04:12.342 GMT+0100,2601.06,2600.343,0.0027,0.0007
15.03.2020 23:04:12.392 GMT+0100,2601.351,2600.6470000000004,0.0004,0.0022
15.03.2020 23:04:12.658 GMT+0100,2601.351,2600.152,0.0027,0.003
15.03.2020 23:04:12.709 GMT+0100,2600.863,2600.152,0.0027,0.0022
15.03.2020 23:04:12.796 GMT+0100,2600.863,2599.7000000000003,0.0027,0.003
15.03.2020 23:04:12.847 GMT+0100,2600.357,2599.7000000000003,0.0004,0.0022
15.03.2020 23:04:12.988 GMT+0100,2600.8450000000003,2600.15,0.0004,0.003
15.03.2020 23:04:13.132 GMT+0100,2600.8450000000003,2599.843,0.0027,0.003
15.03.2020 23:04:13.183 GMT+0100,2600.563,2599.843,0.0027,0.003
15.03.2020 23:04:13.318 GMT+0100,2600.666,2599.995,0.0027,0.0022
15.03.2020 23:04:13.453 GMT+0100,2600.666,2600.15,0.0004,0.0022
15.03.2020 23:04:13.503 GMT+0100,2600.848,2600.152,0.0004,0.0007
15.03.2020 23:04:13.648 GMT+0100,2601.157,2600.495,0.0027,0.0022
15.03.2020 23:04:14.079 GMT+0100,2601.157,2600.452,0.0004,0.0007
15.03.2020 23:04:14.130 GMT+0100,2599.351,2598.634,0.0049,0.003
15.03.2020 23:04:14.187 GMT+0100,2599.351,2598.134,0.0027,0.003
15.03.2020 23:04:14.237 GMT+0100,2597.6,2596.055,0.0004,0.003
15.03.2020 23:04:14.288 GMT+0100,2598.257,2597.544,0.0004,0.003
15.03.2020 23:04:14.437 GMT+0100,2598.745,2597.343,0.0027,0.003
15.03.2020 23:04:14.487 GMT+0100,2598.0570000000002,2597.343,0.0027,0.003
15.03.2020 23:04:14.639 GMT+0100,2597.754,2597.043,0.0004,0.0022
15.03.2020 23:04:15.139 GMT+0100,2597.754,2595.952,0.0004,0.003
15.03.2020 23:04:15.189 GMT+0100,2596.663,2595.952,0.0004,0.0022
15.03.2020 23:04:15.300 GMT+0100,2596.663,2595.837,0.0027,0.003
15.03.2020 23:04:15.350 GMT+0100,2596.5570000000002,2595.837,0.0004,0.003
15.03.2020 23:04:15.481 GMT+0100,2595.748,2595.049,0.0004,0.0022
15.03.2020 23:04:15.581 GMT+0100,2594.745,2594.055,0.0004,0.0022
15.03.2020 23:04:15.714 GMT+0100,2594.745,2593.946,0.0027,0.003
15.03.2020 23:04:15.765 GMT+0100,2594.6510000000003,2593.946,0.0027,0.003
15.03.2020 23:04:16.290 GMT+0100,2594.157,2593.452,0.0004,0.0022
15.03.2020 23:04:16.410 GMT+0100,2594.3450000000003,2593.646,0.0004,0.003
15.03.2020 23:04:16.524 GMT+0100,2593.866,2593.14,0.0027,0.0022
15.03.2020 23:04:16.574 GMT+0100,2592.866,2592.155,0.0027,0.0022
15.03.2020 23:04:16.625 GMT+0100,2593.554,2592.834,0.0004,0.003
15.03.2020 23:04:16.800 GMT+0100,2593,2592.143,0.0027,0.003
15.03.2020 23:04:16.850 GMT+0100,2592.8,2592.143,0.0004,0.003
15.03.2020 23:04:17.280 GMT+0100,2592.254,2591.54,0.0027,0.003
15.03.2020 23:04:17.381 GMT+0100,2591.063,2590.3520000000003,0.0004,0.0022
15.03.2020 23:04:17.643 GMT+0100,2590.545,2589.837,0.0004,0.003
15.03.2020 23:04:17.791 GMT+0100,2589.554,2588.837,0.0004,0.003
15.03.2020 23:04:17.841 GMT+0100,2590.054,2589.349,0.0004,0.003
15.03.2020 23:04:17.962 GMT+0100,2590.054,2589.534,0.0004,0.0022
15.03.2020 23:04:18.012 GMT+0100,2590.266,2589.534,0.0027,0.003
15.03.2020 23:04:18.124 GMT+0100,2590.266,2589.343,0.0027,0.003
15.03.2020 23:04:18.174 GMT+0100,2590,2589.343,0.0004,0.0022
15.03.2020 23:04:18.284 GMT+0100,2590,2589.14,0.0027,0.003
15.03.2020 23:04:18.334 GMT+0100,2589.363,2588.655,0.0004,0.0022
15.03.2020 23:04:18.384 GMT+0100,2590.0570000000002,2589.337,0.0027,0.003
15.03.2020 23:04:18.435 GMT+0100,2589.045,2588.334,0.0004,0.003
15.03.2020 23:04:18.680 GMT+0100,2589.045,2587.855,0.0027,0.003
15.03.2020 23:04:18.731 GMT+0100,2588.56,2587.855,0.0027,0.0022
15.03.2020 23:04:18.821 GMT+0100,2588.56,2586.952,0.0004,0.003
15.03.2020 23:04:18.871 GMT+0100,2587.648,2586.952,0.0049,0.0022
15.03.2020 23:04:18.921 GMT+0100,2588.257,2587.54,0.0004,0.003
15.03.2020 23:04:19.022 GMT+0100,2587.56,2586.8520000000003,0.0027,0.0022
15.03.2020 23:04:19.345 GMT+0100,2587.56,2586.0370000000003,0.0004,0.003
15.03.2020 23:04:19.508 GMT+0100,2587.145,2586.455,0.0027,0.0022
15.03.2020 23:04:19.669 GMT+0100,2587.5570000000002,2586.849,0.0027,0.0022
15.03.2020 23:04:19.815 GMT+0100,2587.5570000000002,2585.843,0.0004,0.003
15.03.2020 23:04:19.865 GMT+0100,2585.754,2585.0460000000003,0.0027,0.003
15.03.2020 23:04:19.998 GMT+0100,2586.3450000000003,2585.646,0.0027,0.0022
15.03.2020 23:04:20.072 GMT+0100,2586.3450000000003,2586.143,0.0004,0.0022
15.03.2020 23:04:20.123 GMT+0100,2586.8450000000003,2586.143,0.0004,0.003
15.03.2020 23:04:20.173 GMT+0100,2587.348,2586.646,0.0027,0.003
15.03.2020 23:04:20.224 GMT+0100,2586.851,2586.149,0.0004,0.003
15.03.2020 23:04:20.338 GMT+0100,2586.851,2586.0370000000003,0.0027,0.003
15.03.2020 23:04:20.388 GMT+0100,2586.763,2586.0370000000003,0.0027,0.003
15.03.2020 23:04:20.818 GMT+0100,2586.763,2585.94,0.0027,0.003
15.03.2020 23:04:20.869 GMT+0100,2586.657,2585.94,0.0004,0.0022
15.03.2020 23:04:20.920 GMT+0100,2586.657,2584.934,0.0004,0.003
15.03.2020 23:04:20.970 GMT+0100,2585.6,2584.934,0.0049,0.003
15.03.2020 23:04:21.080 GMT+0100,2585.6,2584.543,0.0027,0.003
15.03.2020 23:04:21.130 GMT+0100,2585.251,2584.543,0.0027,0.003
15.03.2020 23:04:21.231 GMT+0100,2585.251,2584.547,0.0004,0.0007
15.03.2020 23:04:21.281 GMT+0100,2585.5570000000002,2584.895,0.0004,0.003
15.03.2020 23:04:21.332 GMT+0100,2584.8450000000003,2584.137,0.0004,0.003
15.03.2020 23:04:21.649 GMT+0100,2585.048,2584.395,0.0004,0.0022
15.03.2020 23:04:21.927 GMT+0100,2585.048,2584.034,0.0027,0.003
15.03.2020 23:04:21.977 GMT+0100,2584.751,2584.034,0.0027,0.003
15.03.2020 23:04:22.027 GMT+0100,2584.251,2583.5370000000003,0.0027,0.003
15.03.2020 23:04:22.140 GMT+0100,2584.251,2583.8379999999997,0.0004,0.0022
15.03.2020 23:04:22.190 GMT+0100,2584.5,2583.8379999999997,0.0004,0.003
15.03.2020 23:04:22.340 GMT+0100,2584.5,2584.341,0.0004,0.0022
15.03.2020 23:04:22.390 GMT+0100,2585.048,2584.341,0.0022,0.0022
15.03.2020 23:04:22.501 GMT+0100,2584.745,2584.049,0.0022,0.0022
15.03.2020 23:04:22.652 GMT+0100,2586.554,2585.829,0.0027,0.003
15.03.2020 23:04:22.741 GMT+0100,2586.554,2586.3320000000003,0.0004,0.0022
15.03.2020 23:04:22.792 GMT+0100,2586.545,2585.84,0.0004,0.003
15.03.2020 23:04:22.842 GMT+0100,2586.866,2586.195,0.0027,0.0022
15.03.2020 23:04:22.969 GMT+0100,2587.251,2586.538,0.0004,0.003
15.03.2020 23:04:23.020 GMT+0100,2586.757,2586.052,0.0027,0.0022
15.03.2020 23:04:23.120 GMT+0100,2583.654,2583,0.0004,0.0022
15.03.2020 23:04:23.171 GMT+0100,2586.645,2585.9410000000003,0.0004,0.003
15.03.2020 23:04:23.221 GMT+0100,2584.7000000000003,2584.052,0.0027,0.003
15.03.2020 23:04:23.272 GMT+0100,2584.754,2584.052,0.0027,0.0022
15.03.2020 23:04:23.414 GMT+0100,2584.754,2584.344,0.0004,0.0022
15.03.2020 23:04:23.464 GMT+0100,2583.748,2583.0370000000003,0.0004,0.003
15.03.2020 23:04:23.548 GMT+0100,2583.748,2583.5950000000003,0.0004,0.0022
15.03.2020 23:04:23.598 GMT+0100,2584.26,2583.5950000000003,0.0027,0.0022
15.03.2020 23:04:23.649 GMT+0100,2583.348,2582.652,0.0027,0.0022
15.03.2020 23:04:23.755 GMT+0100,2583.348,2582.637,0.0004,0.0007
15.03.2020 23:04:23.805 GMT+0100,2585.266,2584.538,0.0027,0.003
15.03.2020 23:04:23.856 GMT+0100,2584.763,2584.043,0.0027,0.0022
15.03.2020 23:04:23.906 GMT+0100,2585.354,2584.695,0.0027,0.0022
15.03.2020 23:04:23.956 GMT+0100,2584.86,2584.143,0.0027,0.003
15.03.2020 23:04:24.079 GMT+0100,2584.86,2584.034,0.0027,0.003
15.03.2020 23:04:24.129 GMT+0100,2584.751,2584.05,0.0004,0.003
15.03.2020 23:04:24.234 GMT+0100,2584.851,2583.337,0.0004,0.003
15.03.2020 23:04:24.284 GMT+0100,2583.551,2582.9,0.0027,0.0022
15.03.2020 23:04:24.503 GMT+0100,2583.551,2582.155,0.0004,0.003
15.03.2020 23:04:24.553 GMT+0100,2582.848,2582.155,0.0049,0.0022
15.03.2020 23:04:24.738 GMT+0100,2582.877,2582.8320000000003,0.0004,0.0022
15.03.2020 23:04:24.789 GMT+0100,2583.548,2582.8320000000003,0.0004,0.003
15.03.2020 23:04:24.949 GMT+0100,2583.363,2582.634,0.0027,0.003
15.03.2020 23:04:25.000 GMT+0100,2584.745,2584.032,0.0004,0.003
15.03.2020 23:04:25.119 GMT+0100,2584.251,2583.5370000000003,0.0004,0.003
15.03.2020 23:04:25.194 GMT+0100,2584.251,2584.132,0.0004,0.0022
15.03.2020 23:04:25.245 GMT+0100,2584.8450000000003,2584.132,0.0004,0.003
15.03.2020 23:04:25.346 GMT+0100,2583.348,2582.637,0.0004,0.003
15.03.2020 23:04:25.459 GMT+0100,2583.348,2582.944,0.0004,0.0022
15.03.2020 23:04:25.509 GMT+0100,2583.645,2582.944,0.0004,0.0022
15.03.2020 23:04:25.662 GMT+0100,2583.645,2582.143,0.0004,0.003
15.03.2020 23:04:25.712 GMT+0100,2582.8450000000003,2582.146,0.0027,0.0022
15.03.2020 23:04:25.828 GMT+0100,2582.8450000000003,2582.034,0.0027,0.003
15.03.2020 23:04:25.879 GMT+0100,2582.76,2582.034,0.0004,0.003
15.03.2020 23:04:25.929 GMT+0100,2583.748,2583.034,0.0004,0.003
15.03.2020 23:04:26.213 GMT+0100,2583.748,2582.952,0.0027,0.003
15.03.2020 23:04:26.264 GMT+0100,2583.6510000000003,2582.952,0.0027,0.0022
15.03.2020 23:04:26.621 GMT+0100,2583.6510000000003,2583.449,0.0004,0.0022
15.03.2020 23:04:26.671 GMT+0100,2584.16,2583.449,0.0027,0.003
15.03.2020 23:04:26.731 GMT+0100,2584.16,2583.952,0.0004,0.0022
15.03.2020 23:04:26.781 GMT+0100,2584.645,2583.952,0.0004,0.0022
15.03.2020 23:04:26.930 GMT+0100,2584.5570000000002,2583.846,0.0027,0.0022
15.03.2020 23:04:27.054 GMT+0100,2584.5570000000002,2584.04,0.0004,0.0022
15.03.2020 23:04:27.105 GMT+0100,2584.745,2584.04,0.0027,0.003
15.03.2020 23:04:27.155 GMT+0100,2585.551,2584.8520000000003,0.0027,0.0022
15.03.2020 23:04:27.256 GMT+0100,2585.76,2585.1,0.0027,0.0022
15.03.2020 23:04:27.349 GMT+0100,2585.76,2584.0460000000003,0.0004,0.003
15.03.2020 23:04:27.400 GMT+0100,2584.654,2583.934,0.0027,0.003
15.03.2020 23:04:27.450 GMT+0100,2585.36,2584.646,0.0027,0.0022
15.03.2020 23:04:27.593 GMT+0100,2585.36,2584.837,0.0004,0.0022
15.03.2020 23:04:27.643 GMT+0100,2585.551,2584.837,0.0027,0.003
15.03.2020 23:04:27.699 GMT+0100,2585.551,2585.446,0.0004,0.0022
15.03.2020 23:04:27.749 GMT+0100,2586.166,2585.446,0.0027,0.0022
15.03.2020 23:04:27.860 GMT+0100,2586.166,2585.846,0.0004,0.0022
15.03.2020 23:04:27.910 GMT+0100,2586.563,2585.846,0.0027,0.003
15.03.2020 23:04:28.020 GMT+0100,2586.563,2585.7000000000003,0.0027,0.003
15.03.2020 23:04:28.070 GMT+0100,2586.2000000000003,2585.534,0.0027,0.003
15.03.2020 23:04:28.121 GMT+0100,2587.266,2586.5460000000003,0.0027,0.0022
15.03.2020 23:04:28.277 GMT+0100,2587.266,2586.452,0.0027,0.003
15.03.2020 23:04:28.327 GMT+0100,2587.1,2586.452,0.0004,0.003
15.03.2020 23:04:28.428 GMT+0100,2587.266,2586.54,0.0027,0.0022
15.03.2020 23:04:28.478 GMT+0100,2587.8,2587.137,0.0004,0.003
15.03.2020 23:04:28.696 GMT+0100,2587.8,2587.7000000000003,0.0004,0.0022
15.03.2020 23:04:28.747 GMT+0100,2587.854,2587.149,0.0027,0.0022
15.03.2020 23:04:28.911 GMT+0100,2588,2587.3520000000003,0.0004,0.0022
15.03.2020 23:04:29.287 GMT+0100,2588,2586.8520000000003,0.0027,0.003
15.03.2020 23:04:29.338 GMT+0100,2587.5570000000002,2586.8520000000003,0.0027,0.003
15.03.2020 23:04:29.526 GMT+0100,2588,2587.334,0.0004,0.003
15.03.2020 23:04:29.577 GMT+0100,2587.766,2587.034,0.0027,0.003
15.03.2020 23:04:29.692 GMT+0100,2587.766,2587.349,0.0004,0.0022
15.03.2020 23:04:29.742 GMT+0100,2588,2587.349,0.0004,0.0022
15.03.2020 23:04:30.493 GMT+0100,2588,2587.1,0.0027,0.003
15.03.2020 23:04:30.543 GMT+0100,2587.763,2587.1,0.0027,0.0022
15.03.2020 23:04:30.813 GMT+0100,2587.763,2587.14,0.0004,0.0022
15.03.2020 23:04:30.863 GMT+0100,2587.866,2587.14,0.0027,0.003
15.03.2020 23:04:30.975 GMT+0100,2587.866,2587.346,0.0004,0.0022
15.03.2020 23:04:31.025 GMT+0100,2588.063,2587.346,0.0027,0.003
15.03.2020 23:04:31.133 GMT+0100,2588.063,2587.052,0.0027,0.003
15.03.2020 23:04:31.184 GMT+0100,2587.766,2587.052,0.0027,0.0022
15.03.2020 23:04:32.096 GMT+0100,2587.766,2587.134,0.0004,0.0022
15.03.2020 23:04:32.146 GMT+0100,2587.854,2587.134,0.0027,0.003
15.03.2020 23:04:32.274 GMT+0100,2587.854,2587.143,0.0004,0.0007
15.03.2020 23:04:32.324 GMT+0100,2588,2587.337,0.0004,0.0022
15.03.2020 23:04:32.445 GMT+0100,2588,2587.052,0.0027,0.003
15.03.2020 23:04:32.495 GMT+0100,2587.754,2587.052,0.0027,0.003
15.03.2020 23:04:33.208 GMT+0100,2590.757,2590.043,0.0027,0.003
15.03.2020 23:04:33.259 GMT+0100,2591.7000000000003,2591.0370000000003,0.0027,0.003
15.03.2020 23:04:33.309 GMT+0100,2593.3,2592.637,0.0004,0.003
15.03.2020 23:04:33.410 GMT+0100,2593.7000000000003,2593.043,0.0004,0.003
15.03.2020 23:04:33.538 GMT+0100,2593.166,2592.4429999999998,0.0027,0.0022
15.03.2020 23:04:33.598 GMT+0100,2593.166,2591.949,0.0027,0.003
15.03.2020 23:04:33.649 GMT+0100,2589.5,2588.84,0.0027,0.003
15.03.2020 23:04:33.953 GMT+0100,2589.5,2588.634,0.0027,0.003
15.03.2020 23:04:34.003 GMT+0100,2589.3450000000003,2588.634,0.0004,0.003
15.03.2020 23:04:34.113 GMT+0100,2589.3450000000003,2588.5460000000003,0.0027,0.003
15.03.2020 23:04:34.163 GMT+0100,2589.251,2588.5460000000003,0.0027,0.003
15.03.2020 23:04:34.214 GMT+0100,2589.7000000000003,2589.0370000000003,0.0004,0.003
15.03.2020 23:04:34.332 GMT+0100,2593.2000000000003,2592.543,0.0027,0.003
15.03.2020 23:04:34.382 GMT+0100,2591.6510000000003,2590.955,0.0004,0.0022
15.03.2020 23:04:34.433 GMT+0100,2592.257,2591.555,0.0027,0.0022
15.03.2020 23:04:34.483 GMT+0100,2593.054,2592.3520000000003,0.0027,0.003
15.03.2020 23:04:34.627 GMT+0100,2593.054,2592.149,0.0027,0.003
15.03.2020 23:04:34.677 GMT+0100,2594.266,2593.552,0.0027,0.0022
15.03.2020 23:04:34.860 GMT+0100,2592.76,2592.1,0.0027,0.0022
15.03.2020 23:04:34.971 GMT+0100,2592.76,2592.6,0.0004,0.0022
15.03.2020 23:04:35.021 GMT+0100,2593.248,2592.6,0.0004,0.0022
15.03.2020 23:04:35.072 GMT+0100,2592.745,2592.1,0.0004,0.003
15.03.2020 23:04:35.265 GMT+0100,2598.3450000000003,2597.7000000000003,0.0004,0.0022
15.03.2020 23:04:35.315 GMT+0100,2600.2000000000003,2599.534,0.0004,0.003
15.03.2020 23:04:35.415 GMT+0100,2598.251,2597.5460000000003,0.0027,0.0022
15.03.2020 23:04:35.466 GMT+0100,2599.554,2598.9,0.0027,0.003
15.03.2020 23:04:35.516 GMT+0100,2601.351,2600.655,0.0027,0.0022
15.03.2020 23:04:35.567 GMT+0100,2599.751,2599.043,0.0027,0.003
15.03.2020 23:04:35.617 GMT+0100,2601.8450000000003,2601.2000000000003,0.0027,0.0022
15.03.2020 23:04:35.668 GMT+0100,2598.245,2597.54,0.0004,0.003
15.03.2020 23:04:35.718 GMT+0100,2601.763,2601.052,0.0027,0.003
15.03.2020 23:04:35.768 GMT+0100,2602.357,2601.655,0.0027,0.0022
15.03.2020 23:04:35.871 GMT+0100,2602.357,2600.952,0.0027,0.003
15.03.2020 23:04:35.921 GMT+0100,2602.16,2601.5,0.0027,0.0022
15.03.2020 23:04:36.180 GMT+0100,2602.654,2601.955,0.0004,0.003
15.03.2020 23:04:51.392 GMT+0100,2603.354,2602.649,0.0022,0.0022
15.03.2020 23:04:51.442 GMT+0100,2603.351,2602.649,0.0004,0.003
15.03.2020 23:04:51.593 GMT+0100,2603.8450000000003,2603.14,0.0004,0.003
15.03.2020 23:04:51.707 GMT+0100,2603.8450000000003,2602.949,0.0027,0.003
15.03.2020 23:04:51.757 GMT+0100,2603.66,2602.949,0.0027,0.003
15.03.2020 23:04:51.847 GMT+0100,2603.66,2603.549,0.0004,0.0022
15.03.2020 23:04:51.897 GMT+0100,2605.045,2604.343,0.0027,0.0022
15.03.2020 23:04:51.949 GMT+0100,2605.045,2603.643,0.0027,0.003
15.03.2020 23:04:52.000 GMT+0100,2604.348,2603.643,0.0004,0.003
15.03.2020 23:04:52.107 GMT+0100,2604.348,2603.534,0.0027,0.003
15.03.2020 23:04:52.158 GMT+0100,2604.2000000000003,2603.534,0.0004,0.003
15.03.2020 23:04:52.307 GMT+0100,2604.06,2603.334,0.0027,0.003
15.03.2020 23:04:52.392 GMT+0100,2604.06,2602.8520000000003,0.0027,0.003
15.03.2020 23:04:52.442 GMT+0100,2604.0570000000002,2603.355,0.0027,0.0022
15.03.2020 23:04:52.533 GMT+0100,2604.0570000000002,2603.3520000000003,0.0004,0.0007
15.03.2020 23:04:52.583 GMT+0100,2605.666,2604.9429999999998,0.0027,0.0045
15.03.2020 23:04:52.634 GMT+0100,2604.86,2604.146,0.0004,0.003
15.03.2020 23:04:52.684 GMT+0100,2603.7000000000003,2603.052,0.0004,0.0022
15.03.2020 23:04:52.734 GMT+0100,2604.86,2604.14,0.0027,0.0022
15.03.2020 23:04:52.785 GMT+0100,2604.251,2603.6,0.0027,0.0022
15.03.2020 23:05:02.858 GMT+0100,2609.663,2608.949,0.0027,0.003
15.03.2020 23:05:02.958 GMT+0100,2610.545,2609.855,0.0027,0.0022
15.03.2020 23:05:03.008 GMT+0100,2609.757,2609.055,0.0004,0.003
15.03.2020 23:05:03.059 GMT+0100,2611.563,2610.84,0.0004,0.003
15.03.2020 23:05:03.109 GMT+0100,2611.654,2610.94,0.0027,0.003
15.03.2020 23:05:03.160 GMT+0100,2611.054,2610.3520000000003,0.0004,0.0022
15.03.2020 23:05:03.210 GMT+0100,2611.045,2610.355,0.0004,0.0022
15.03.2020 23:05:03.261 GMT+0100,2609.6,2608.9429999999998,0.0004,0.003
15.03.2020 23:05:03.397 GMT+0100,2610.1510000000003,2609.446,0.0004,0.003
15.03.2020 23:05:03.448 GMT+0100,2611.363,2610.646,0.0027,0.0022
15.03.2020 23:05:03.498 GMT+0100,2611.563,2611.4429999999998,0.0004,0.0022
15.03.2020 23:05:03.549 GMT+0100,2612.166,2611.4429999999998,0.0027,0.003
15.03.2020 23:05:03.748 GMT+0100,2612.166,2610.549,0.0004,0.003
15.03.2020 23:05:03.799 GMT+0100,2611.263,2610.549,0.0049,0.0022
15.03.2020 23:05:03.849 GMT+0100,2612.0570000000002,2611.334,0.0027,0.003
15.03.2020 23:05:03.899 GMT+0100,2612.645,2611.952,0.0027,0.003
15.03.2020 23:05:04.023 GMT+0100,2610.66,2609.9370000000004,0.0004,0.003
15.03.2020 23:05:04.074 GMT+0100,2611.848,2611.14,0.0004,0.003
15.03.2020 23:05:04.124 GMT+0100,2612.354,2611.634,0.0027,0.003
15.03.2020 23:05:04.249 GMT+0100,2612.354,2611.843,0.0004,0.0022
15.03.2020 23:05:04.300 GMT+0100,2612.545,2611.843,0.0027,0.003
15.03.2020 23:05:04.350 GMT+0100,2611.8,2611.152,0.0004,0.003
15.03.2020 23:05:04.401 GMT+0100,2610.563,2609.834,0.0027,0.003
15.03.2020 23:05:04.451 GMT+0100,2611.551,2610.8520000000003,0.0004,0.003
15.03.2020 23:05:04.554 GMT+0100,2612.863,2612.149,0.0004,0.003
15.03.2020 23:05:04.604 GMT+0100,2612.363,2611.7000000000003,0.0027,0.0022
15.03.2020 23:05:04.654 GMT+0100,2612.16,2611.452,0.0004,0.0022
15.03.2020 23:05:04.795 GMT+0100,2612.16,2611.84,0.0004,0.0022
15.03.2020 23:05:04.846 GMT+0100,2612.56,2611.84,0.0027,0.003
15.03.2020 23:05:04.947 GMT+0100,2612.56,2612.346,0.0004,0.0022
15.03.2020 23:05:04.998 GMT+0100,2613.063,2612.346,0.0027,0.0022
15.03.2020 23:05:05.070 GMT+0100,2613.063,2611.643,0.0027,0.003
15.03.2020 23:05:05.120 GMT+0100,2612.348,2611.643,0.0004,0.0022
15.03.2020 23:05:05.171 GMT+0100,2613.051,2612.343,0.0027,0.003
15.03.2020 23:05:05.290 GMT+0100,2612.554,2611.9,0.0004,0.0022
15.03.2020 23:05:05.471 GMT+0100,2612.645,2612.055,0.0004,0.0022
15.03.2020 23:05:05.521 GMT+0100,2612.745,2612.055,0.0004,0.0022
15.03.2020 23:05:05.631 GMT+0100,2612.745,2612.3520000000003,0.0004,0.0022
15.03.2020 23:05:05.681 GMT+0100,2613.063,2612.3520000000003,0.0027,0.0022
15.03.2020 23:05:05.791 GMT+0100,2613.063,2612.052,0.0027,0.003
15.03.2020 23:05:05.841 GMT+0100,2612.763,2612.1,0.0027,0.0022
15.03.2020 23:05:06.007 GMT+0100,2612.763,2612.543,0.0004,0.0022
15.03.2020 23:05:06.057 GMT+0100,2612.751,2612.0370000000003,0.0027,0.0022
15.03.2020 23:05:06.345 GMT+0100,2612.751,2612.137,0.0004,0.0022
15.03.2020 23:05:06.396 GMT+0100,2612.366,2611.646,0.0027,0.003
15.03.2020 23:05:06.549 GMT+0100,2612.2000000000003,2611.543,0.0004,0.0022
15.03.2020 23:05:06.760 GMT+0100,2612.2000000000003,2612.0370000000003,0.0004,0.0022
15.03.2020 23:05:06.811 GMT+0100,2612.0570000000002,2611.34,0.0027,0.0022
15.03.2020 23:05:06.861 GMT+0100,2612.357,2611.655,0.0027,0.0022
15.03.2020 23:05:06.983 GMT+0100,2611.754,2611.052,0.0004,0.003
15.03.2020 23:05:07.158 GMT+0100,2611.657,2611.049,0.0004,0.0022
15.03.2020 23:05:07.208 GMT+0100,2611.76,2611.049,0.0027,0.003
15.03.2020 23:05:07.290 GMT+0100,2611.76,2611.555,0.0004,0.0022
15.03.2020 23:05:07.340 GMT+0100,2612.263,2611.555,0.0027,0.0022
15.03.2020 23:05:07.451 GMT+0100,2612.263,2611.4429999999998,0.0027,0.003
15.03.2020 23:05:07.501 GMT+0100,2612.163,2611.4429999999998,0.0027,0.003
15.03.2020 23:05:07.630 GMT+0100,2612.163,2610.855,0.0027,0.003
15.03.2020 23:05:07.681 GMT+0100,2612,2611.346,0.0004,0.003
15.03.2020 23:05:07.869 GMT+0100,2611.848,2611.152,0.0027,0.003
15.03.2020 23:05:08.121 GMT+0100,2611.848,2611.643,0.0004,0.0022
15.03.2020 23:05:08.171 GMT+0100,2611.851,2611.146,0.0027,0.003
15.03.2020 23:05:08.283 GMT+0100,2611.851,2611.334,0.0004,0.0022
15.03.2020 23:05:08.333 GMT+0100,2612.0660000000003,2611.334,0.0027,0.003
15.03.2020 23:05:08.384 GMT+0100,2611.363,2610.7000000000003,0.0027,0.0022
15.03.2020 23:05:08.434 GMT+0100,2610.063,2609.3520000000003,0.0027,0.0022
15.03.2020 23:05:08.534 GMT+0100,2610.16,2609.455,0.0004,0.003
15.03.2020 23:05:08.585 GMT+0100,2612.157,2611.5,0.0027,0.0022
15.03.2020 23:05:08.635 GMT+0100,2612.86,2612.146,0.0027,0.0022
15.03.2020 23:05:08.695 GMT+0100,2612.86,2611.4370000000004,0.0027,0.003
15.03.2020 23:05:08.745 GMT+0100,2612.154,2611.4370000000004,0.0004,0.003
15.03.2020 23:05:08.859 GMT+0100,2612.3450000000003,2611.634,0.0004,0.003
15.03.2020 23:05:09.003 GMT+0100,2609.6510000000003,2608.946,0.0027,0.003
15.03.2020 23:05:09.106 GMT+0100,2609.6510000000003,2609.54,0.0004,0.0022
15.03.2020 23:05:09.156 GMT+0100,2610.857,2610.2000000000003,0.0027,0.0022
15.03.2020 23:05:09.252 GMT+0100,2610.857,2609.646,0.0027,0.003
15.03.2020 23:05:09.302 GMT+0100,2610.357,2609.646,0.0027,0.003
15.03.2020 23:05:09.387 GMT+0100,2610.357,2608.837,0.0004,0.003
15.03.2020 23:05:09.437 GMT+0100,2609.56,2608.837,0.0049,0.003
15.03.2020 23:05:09.538 GMT+0100,2610.56,2609.9,0.0004,0.003
15.03.2020 23:05:09.588 GMT+0100,2612.354,2611.652,0.0027,0.0022
15.03.2020 23:05:09.638 GMT+0100,2611,2610.334,0.0004,0.003
15.03.2020 23:05:09.785 GMT+0100,2611,2610.543,0.0004,0.0022
15.03.2020 23:05:09.836 GMT+0100,2611.248,2610.543,0.0004,0.003
15.03.2020 23:05:09.945 GMT+0100,2611.248,2610.846,0.0004,0.0022
15.03.2020 23:05:09.995 GMT+0100,2612.745,2612.052,0.0027,0.0022
15.03.2020 23:05:10.179 GMT+0100,2613,2612.4,0.0004,0.003
15.03.2020 23:05:10.308 GMT+0100,2612.148,2611.4429999999998,0.0027,0.0022
15.03.2020 23:05:10.428 GMT+0100,2612.148,2611.143,0.0027,0.003
15.03.2020 23:05:10.478 GMT+0100,2611.848,2611.143,0.0027,0.003
15.03.2020 23:05:10.532 GMT+0100,2611.848,2610.655,0.0027,0.003
15.03.2020 23:05:10.582 GMT+0100,2612.0570000000002,2611.337,0.0027,0.003
15.03.2020 23:05:10.888 GMT+0100,2612.0570000000002,2611.54,0.0004,0.0022
15.03.2020 23:05:10.938 GMT+0100,2612.254,2611.54,0.0004,0.0022
15.03.2020 23:05:11.371 GMT+0100,2612.254,2611.44,0.0027,0.003
15.03.2020 23:05:11.422 GMT+0100,2612.154,2611.44,0.0027,0.0022
15.03.2020 23:05:12.159 GMT+0100,2611.6510000000003,2610.955,0.0027,0.0022
15.03.2020 23:05:12.489 GMT+0100,2611.766,2611.0460000000003,0.0027,0.003
15.03.2020 23:05:13.072 GMT+0100,2611.766,2611.2000000000003,0.0004,0.0022
15.03.2020 23:05:13.122 GMT+0100,2611.848,2611.2000000000003,0.0004,0.0022
15.03.2020 23:05:13.233 GMT+0100,2611.848,2611.334,0.0004,0.0022
15.03.2020 23:05:13.283 GMT+0100,2612.8,2612.152,0.0004,0.003
15.03.2020 23:05:13.396 GMT+0100,2612.8,2612.449,0.0004,0.0022
15.03.2020 23:05:13.446 GMT+0100,2613.154,2612.449,0.0004,0.0022
15.03.2020 23:05:13.535 GMT+0100,2613.154,2612.934,0.0004,0.0022
15.03.2020 23:05:13.586 GMT+0100,2613.6,2612.934,0.0004,0.003
15.03.2020 23:05:13.695 GMT+0100,2613.6,2613.14,0.0004,0.0022
15.03.2020 23:05:13.745 GMT+0100,2613.8,2613.14,0.0004,0.003
15.03.2020 23:05:13.857 GMT+0100,2613.8,2613.04,0.0027,0.003
15.03.2020 23:05:13.907 GMT+0100,2613.748,2613.04,0.0004,0.0022
15.03.2020 23:05:14.017 GMT+0100,2613.848,2613.146,0.0004,0.003
15.03.2020 23:05:14.495 GMT+0100,2613.848,2613.052,0.0027,0.003
15.03.2020 23:05:14.546 GMT+0100,2613.748,2613.052,0.0004,0.003
15.03.2020 23:05:14.699 GMT+0100,2616.1510000000003,2614.9370000000004,0.0027,0.003
15.03.2020 23:05:14.750 GMT+0100,2615.666,2614.9370000000004,0.0027,0.003
15.03.2020 23:05:14.878 GMT+0100,2615.666,2614.9,0.0027,0.003
15.03.2020 23:05:14.929 GMT+0100,2615.548,2614.9,0.0004,0.0022
15.03.2020 23:05:15.060 GMT+0100,2615.548,2614.655,0.0027,0.003
15.03.2020 23:05:15.110 GMT+0100,2615.357,2614.655,0.0027,0.0022
15.03.2020 23:05:15.217 GMT+0100,2615.357,2614.9370000000004,0.0004,0.0022
15.03.2020 23:05:15.267 GMT+0100,2616.5570000000002,2615.834,0.0027,0.003
15.03.2020 23:05:15.318 GMT+0100,2615.563,2614.84,0.0027,0.0022
15.03.2020 23:05:15.368 GMT+0100,2616.048,2615.4,0.0004,0.0022
15.03.2020 23:05:15.418 GMT+0100,2616.76,2616.034,0.0027,0.003
15.03.2020 23:05:15.899 GMT+0100,2616.76,2616.134,0.0004,0.0022
15.03.2020 23:05:15.949 GMT+0100,2616.851,2616.134,0.0027,0.003
15.03.2020 23:05:16.059 GMT+0100,2616.851,2616.043,0.0027,0.003
15.03.2020 23:05:16.109 GMT+0100,2616.763,2616.043,0.0027,0.0022
