Local time,Ask,Bid,AskVolume,BidVolume
15.03.2020 23:00:25.527 GMT+0100,179.567,179.52900000000002,0.0195,0.0205
15.03.2020 23:00:26.142 GMT+0100,179.553,179.511,0.0195,0.0205
15.03.2020 23:00:26.243 GMT+0100,179.566,179.53099999999998,0.0195,0.0205
15.03.2020 23:00:26.382 GMT+0100,179.597,179.56,0.0195,0.0205
15.03.2020 23:00:26.441 GMT+0100,179.62900000000002,179.592,0.0195,0.0205
15.03.2020 23:00:41.443 GMT+0100,179.63,179.437,0.0195,0.0205
15.03.2020 23:00:57.161 GMT+0100,179.475,179.437,0.0195,0.0205
15.03.2020 23:00:58.205 GMT+0100,179.45900000000003,179.422,0.0195,0.0205
15.03.2020 23:00:58.560 GMT+0100,179.47299999999998,179.437,0.0195,0.0205
15.03.2020 23:00:59.095 GMT+0100,179.452,179.424,0.0195,0.0205
15.03.2020 23:00:59.337 GMT+0100,179.468,179.44,0.0195,0.0205
15.03.2020 23:01:00.266 GMT+0100,179.458,179.421,0.0195,0.0205
15.03.2020 23:01:01.787 GMT+0100,179.442,179.40200000000002,0.0195,0.0205
15.03.2020 23:01:02.517 GMT+0100,179.44299999999998,179.40400000000002,0.0195,0.0205
15.03.2020 23:01:02.933 GMT+0100,179.47,179.285,0.0195,0.0205
15.03.2020 23:01:03.150 GMT+0100,179.468,179.25099999999998,0.0195,0.0205
15.03.2020 23:01:03.456 GMT+0100,179.437,179.25400000000002,0.0195,0.0205
15.03.2020 23:01:33.833 GMT+0100,178.937,178.69,0.0195,0.0205
15.03.2020 23:01:45.343 GMT+0100,178.705,178.668,0.0195,0.0205
15.03.2020 23:01:46.968 GMT+0100,178.72,178.69,0.0195,0.0205
15.03.2020 23:01:47.894 GMT+0100,178.68900000000002,178.65400000000002,0.0195,0.0205
15.03.2020 23:01:48.786 GMT+0100,178.674,178.643,0.0195,0.0205
15.03.2020 23:01:50.970 GMT+0100,178.62599999999998,178.593,0.0195,0.0205
15.03.2020 23:01:54.130 GMT+0100,178.593,178.563,0.0195,0.0205
15.03.2020 23:01:56.440 GMT+0100,178.593,178.56,0.0195,0.0205
15.03.2020 23:01:57.380 GMT+0100,178.614,178.57500000000002,0.0195,0.0205
15.03.2020 23:01:57.439 GMT+0100,178.645,178.606,0.0195,0.0205
15.03.2020 23:01:58.290 GMT+0100,178.657,178.622,0.0195,0.0205
15.03.2020 23:02:00.402 GMT+0100,178.67700000000002,178.637,0.0195,0.0205
15.03.2020 23:02:01.402 GMT+0100,178.68900000000002,178.653,0.0195,0.0205
15.03.2020 23:02:02.619 GMT+0100,178.66,178.625,0.0195,0.0205
15.03.2020 23:02:03.779 GMT+0100,178.64000000000001,178.606,0.0195,0.0205
15.03.2020 23:02:06.539 GMT+0100,178.655,178.625,0.0195,0.0205
15.03.2020 23:02:09.427 GMT+0100,178.613,178.573,0.0195,0.0205
15.03.2020 23:02:10.608 GMT+0100,178.68900000000002,178.658,0.0195,0.0205
15.03.2020 23:02:11.565 GMT+0100,178.752,178.715,0.0195,0.0205
15.03.2020 23:02:13.619 GMT+0100,178.708,178.668,0.0195,0.0205
15.03.2020 23:02:17.240 GMT+0100,178.631,178.59599999999998,0.0195,0.0205
15.03.2020 23:02:18.690 GMT+0100,178.72299999999998,178.52900000000002,0.0195,0.0205
15.03.2020 23:02:22.124 GMT+0100,178.65900000000002,178.622,0.0195,0.0205
15.03.2020 23:02:22.958 GMT+0100,178.62900000000002,178.59400000000002,0.0195,0.0205
15.03.2020 23:02:23.739 GMT+0100,178.646,178.61,0.0195,0.0205
15.03.2020 23:02:25.883 GMT+0100,178.678,178.637,0.0195,0.0205
15.03.2020 23:02:26.446 GMT+0100,178.75400000000002,178.715,0.0195,0.0205
15.03.2020 23:02:27.642 GMT+0100,178.675,178.636,0.0195,0.0205
15.03.2020 23:02:31.081 GMT+0100,178.69,178.50099999999998,0.0195,0.0205
15.03.2020 23:02:33.019 GMT+0100,178.62900000000002,178.593,0.0195,0.0205
15.03.2020 23:02:34.376 GMT+0100,178.68900000000002,178.50400000000002,0.0195,0.0205
15.03.2020 23:02:34.539 GMT+0100,178.628,178.58900000000003,0.0195,0.0205
15.03.2020 23:02:35.854 GMT+0100,178.64000000000001,178.607,0.0195,0.0205
15.03.2020 23:02:36.081 GMT+0100,178.631,178.58900000000003,0.0195,0.0205
15.03.2020 23:02:36.761 GMT+0100,178.643,178.605,0.0195,0.0205
15.03.2020 23:02:38.779 GMT+0100,178.628,178.59,0.0195,0.0205
15.03.2020 23:02:40.964 GMT+0100,178.64200000000002,178.605,0.0195,0.0205
15.03.2020 23:02:41.072 GMT+0100,178.655,178.625,0.0195,0.0205
15.03.2020 23:02:43.543 GMT+0100,178.644,178.606,0.0195,0.0205
15.03.2020 23:02:45.085 GMT+0100,178.64700000000002,178.606,0.0195,0.0205
15.03.2020 23:02:45.188 GMT+0100,178.66,178.62099999999998,0.0195,0.0205
15.03.2020 23:02:46.107 GMT+0100,178.64200000000002,178.606,0.0195,0.0205
15.03.2020 23:02:46.453 GMT+0100,178.662,178.625,0.0195,0.0205
15.03.2020 23:02:51.073 GMT+0100,178.675,178.637,0.0195,0.0205
15.03.2020 23:02:54.205 GMT+0100,178.68900000000002,178.65099999999998,0.0195,0.0205
15.03.2020 23:02:55.300 GMT+0100,178.674,178.637,0.0195,0.0205
15.03.2020 23:02:59.236 GMT+0100,178.62900000000002,178.59099999999998,0.0195,0.0205
15.03.2020 23:02:59.888 GMT+0100,178.671,178.637,0.0195,0.0205
15.03.2020 23:03:01.045 GMT+0100,178.722,178.687,0.0195,0.0205
15.03.2020 23:03:02.250 GMT+0100,178.736,178.702,0.0195,0.0205
15.03.2020 23:03:05.043 GMT+0100,178.755,178.718,0.0195,0.0205
15.03.2020 23:03:06.377 GMT+0100,178.768,178.732,0.0195,0.0205
15.03.2020 23:03:06.610 GMT+0100,178.785,178.74599999999998,0.0195,0.0205
15.03.2020 23:03:06.745 GMT+0100,178.799,178.76500000000001,0.0195,0.0205
15.03.2020 23:03:08.077 GMT+0100,178.785,178.75,0.0195,0.0205
15.03.2020 23:03:08.242 GMT+0100,178.798,178.763,0.0195,0.0205
15.03.2020 23:03:08.855 GMT+0100,178.81799999999998,178.77700000000002,0.0195,0.0205
15.03.2020 23:03:08.993 GMT+0100,178.786,178.748,0.0195,0.0205
15.03.2020 23:03:09.274 GMT+0100,178.799,178.76500000000001,0.0195,0.0205
15.03.2020 23:03:11.220 GMT+0100,178.817,178.78,0.0195,0.0205
15.03.2020 23:03:11.384 GMT+0100,178.829,178.793,0.0195,0.0205
15.03.2020 23:03:11.547 GMT+0100,178.816,178.783,0.0195,0.0205
15.03.2020 23:03:11.714 GMT+0100,178.83,178.79500000000002,0.0195,0.0205
15.03.2020 23:03:11.793 GMT+0100,178.796,178.768,0.0195,0.0205
15.03.2020 23:03:11.843 GMT+0100,178.827,178.79500000000002,0.0195,0.0205
15.03.2020 23:03:12.068 GMT+0100,178.845,178.81,0.0195,0.0205
15.03.2020 23:03:12.453 GMT+0100,178.847,178.812,0.0195,0.0205
15.03.2020 23:03:12.626 GMT+0100,178.864,178.827,0.0195,0.0205
15.03.2020 23:03:13.038 GMT+0100,178.88,178.84400000000002,0.0195,0.0205
15.03.2020 23:03:13.350 GMT+0100,178.908,178.87,0.0195,0.0205
15.03.2020 23:03:13.623 GMT+0100,178.894,178.859,0.0195,0.0205
15.03.2020 23:03:13.921 GMT+0100,178.912,178.875,0.0195,0.0205
15.03.2020 23:03:13.994 GMT+0100,178.87900000000002,178.83900000000003,0.0195,0.0205
15.03.2020 23:03:14.349 GMT+0100,178.89200000000002,178.856,0.0195,0.0205
15.03.2020 23:03:14.459 GMT+0100,178.87900000000002,178.84,0.0195,0.0205
15.03.2020 23:03:14.697 GMT+0100,178.905,178.873,0.0195,0.0205
15.03.2020 23:03:14.854 GMT+0100,178.881,178.84,0.0195,0.0205
15.03.2020 23:03:14.923 GMT+0100,178.923,178.89000000000001,0.0195,0.0205
15.03.2020 23:03:15.220 GMT+0100,178.908,178.87400000000002,0.0195,0.0205
15.03.2020 23:03:15.651 GMT+0100,178.94,178.903,0.0195,0.0205
15.03.2020 23:03:15.702 GMT+0100,178.97299999999998,178.938,0.0195,0.0205
15.03.2020 23:03:16.509 GMT+0100,178.983,178.955,0.0195,0.0205
15.03.2020 23:03:18.551 GMT+0100,179.03400000000002,178.998,0.0195,0.0205
15.03.2020 23:03:20.186 GMT+0100,178.908,178.873,0.0195,0.0205
15.03.2020 23:03:20.418 GMT+0100,178.92700000000002,178.891,0.0195,0.0205
15.03.2020 23:03:22.502 GMT+0100,178.90900000000002,178.87099999999998,0.0195,0.0205
15.03.2020 23:03:25.086 GMT+0100,178.881,178.83900000000003,0.0195,0.0205
15.03.2020 23:03:26.190 GMT+0100,178.89200000000002,178.855,0.0195,0.0205
15.03.2020 23:03:39.623 GMT+0100,179.08,179.04500000000002,0.0195,0.0205
15.03.2020 23:03:40.150 GMT+0100,179.063,179.033,0.0195,0.0205
15.03.2020 23:03:41.830 GMT+0100,179.081,179.047,0.0195,0.0205
15.03.2020 23:03:42.004 GMT+0100,179.067,179.03099999999998,0.0195,0.0205
15.03.2020 23:03:42.175 GMT+0100,179.08400000000003,179.042,0.0195,0.0205
15.03.2020 23:03:43.385 GMT+0100,179.131,179.08900000000003,0.0195,0.0205
15.03.2020 23:03:43.744 GMT+0100,179.113,179.078,0.0195,0.0205
15.03.2020 23:03:44.406 GMT+0100,179.12599999999998,179.092,0.0195,0.0205
15.03.2020 23:03:45.751 GMT+0100,179.115,179.074,0.0195,0.0205
15.03.2020 23:03:46.047 GMT+0100,179.128,179.09400000000002,0.0195,0.0205
15.03.2020 23:03:47.646 GMT+0100,179.111,179.07500000000002,0.0195,0.0205
15.03.2020 23:03:49.135 GMT+0100,179.157,179.123,0.0195,0.0205
15.03.2020 23:03:50.762 GMT+0100,179.173,179.139,0.0195,0.0205
15.03.2020 23:03:51.510 GMT+0100,179.192,179.15599999999998,0.0195,0.0205
15.03.2020 23:03:53.564 GMT+0100,179.155,179.12400000000002,0.0195,0.0205
15.03.2020 23:03:54.056 GMT+0100,179.12599999999998,179.09400000000002,0.0195,0.0205
15.03.2020 23:03:54.201 GMT+0100,179.161,179.123,0.0195,0.0205
15.03.2020 23:03:54.633 GMT+0100,179.192,179.155,0.0195,0.0205
15.03.2020 23:03:55.057 GMT+0100,179.204,179.17000000000002,0.0195,0.0205
15.03.2020 23:03:55.658 GMT+0100,179.192,179.15400000000002,0.0195,0.0205
15.03.2020 23:03:56.990 GMT+0100,179.176,179.141,0.0195,0.0205
15.03.2020 23:03:58.048 GMT+0100,179.252,179.22099999999998,0.0195,0.0205
15.03.2020 23:03:58.624 GMT+0100,179.205,179.17000000000002,0.0195,0.0205
15.03.2020 23:04:00.125 GMT+0100,179.178,179.136,0.0195,0.0205
15.03.2020 23:04:00.175 GMT+0100,179.14200000000002,179.106,0.0195,0.0205
15.03.2020 23:04:00.489 GMT+0100,179.158,179.12099999999998,0.0195,0.0205
15.03.2020 23:04:01.599 GMT+0100,179.17700000000002,179.138,0.0195,0.0205
15.03.2020 23:04:01.860 GMT+0100,179.12400000000002,179.09,0.0195,0.0205
15.03.2020 23:04:02.082 GMT+0100,179.192,179.153,0.0195,0.0205
15.03.2020 23:04:04.059 GMT+0100,179.20700000000002,179.17000000000002,0.0195,0.0205
15.03.2020 23:04:06.093 GMT+0100,179.31,179.127,0.0195,0.0205
15.03.2020 23:04:06.809 GMT+0100,179.256,179.218,0.0195,0.0205
15.03.2020 23:04:07.395 GMT+0100,179.202,179.17000000000002,0.0195,0.0205
15.03.2020 23:04:07.685 GMT+0100,179.22,179.187,0.0195,0.0205
15.03.2020 23:04:11.063 GMT+0100,179.20700000000002,179.167,0.0195,0.0205
15.03.2020 23:04:13.219 GMT+0100,179.20700000000002,179.169,0.0195,0.0205
15.03.2020 23:04:13.639 GMT+0100,179.225,179.183,0.0195,0.0205
15.03.2020 23:04:16.512 GMT+0100,179.236,179.201,0.0195,0.0205
15.03.2020 23:04:16.757 GMT+0100,179.25400000000002,179.218,0.0195,0.0205
15.03.2020 23:04:18.870 GMT+0100,179.285,179.24900000000002,0.0195,0.0205
15.03.2020 23:04:21.574 GMT+0100,179.303,179.268,0.0195,0.0205
15.03.2020 23:04:22.075 GMT+0100,179.31799999999998,179.28,0.0195,0.0205
15.03.2020 23:04:22.895 GMT+0100,179.345,179.30900000000003,0.0195,0.0205
15.03.2020 23:04:22.946 GMT+0100,179.317,179.278,0.0195,0.0205
15.03.2020 23:04:23.063 GMT+0100,179.299,179.268,0.0195,0.0205
15.03.2020 23:04:23.113 GMT+0100,179.33200000000002,179.292,0.0195,0.0205
15.03.2020 23:04:23.865 GMT+0100,179.35,179.30900000000003,0.0195,0.0205
15.03.2020 23:04:25.597 GMT+0100,179.31400000000002,179.28099999999998,0.0195,0.0205
15.03.2020 23:04:25.803 GMT+0100,179.358,179.323,0.0195,0.0205
15.03.2020 23:04:26.002 GMT+0100,179.343,179.31099999999998,0.0195,0.0205
15.03.2020 23:04:30.132 GMT+0100,179.31099999999998,179.27700000000002,0.0195,0.0205
15.03.2020 23:04:30.259 GMT+0100,179.33,179.299,0.0195,0.0205
15.03.2020 23:04:30.368 GMT+0100,179.316,179.28099999999998,0.0195,0.0205
15.03.2020 23:04:31.685 GMT+0100,179.317,179.28099999999998,0.0195,0.0205
15.03.2020 23:04:32.946 GMT+0100,179.282,179.24900000000002,0.0195,0.0205
15.03.2020 23:04:33.960 GMT+0100,179.317,179.283,0.0195,0.0205
15.03.2020 23:04:34.128 GMT+0100,179.33400000000003,179.29500000000002,0.0195,0.0205
15.03.2020 23:04:34.370 GMT+0100,179.26700000000002,179.231,0.0195,0.0205
15.03.2020 23:04:35.261 GMT+0100,179.256,179.215,0.0195,0.0205
15.03.2020 23:04:35.425 GMT+0100,179.287,179.247,0.0195,0.0205
15.03.2020 23:04:35.950 GMT+0100,179.24900000000002,179.21900000000002,0.0195,0.0205
15.03.2020 23:04:36.235 GMT+0100,179.28,179.25,0.0195,0.0205
15.03.2020 23:04:38.186 GMT+0100,179.296,179.264,0.0195,0.0205
15.03.2020 23:04:40.064 GMT+0100,179.315,179.27900000000002,0.0195,0.0205
15.03.2020 23:04:43.878 GMT+0100,179.329,179.297,0.0195,0.0205
15.03.2020 23:04:43.995 GMT+0100,179.34900000000002,179.313,0.0195,0.0205
15.03.2020 23:04:45.071 GMT+0100,179.358,179.328,0.0195,0.0205
15.03.2020 23:04:45.511 GMT+0100,179.37599999999998,179.34099999999998,0.0195,0.0205
15.03.2020 23:04:47.245 GMT+0100,179.39700000000002,179.36200000000002,0.0195,0.0205
15.03.2020 23:04:47.357 GMT+0100,179.38,179.342,0.0195,0.0205
15.03.2020 23:04:48.072 GMT+0100,179.396,179.36200000000002,0.0195,0.0205
15.03.2020 23:04:48.189 GMT+0100,179.407,179.377,0.0195,0.0205
15.03.2020 23:04:48.309 GMT+0100,179.396,179.355,0.0195,0.0205
15.03.2020 23:04:48.427 GMT+0100,179.412,179.377,0.0195,0.0205
15.03.2020 23:04:48.540 GMT+0100,179.39700000000002,179.358,0.0195,0.0205
15.03.2020 23:04:48.793 GMT+0100,179.405,179.37400000000002,0.0195,0.0205
15.03.2020 23:04:49.577 GMT+0100,179.393,179.36200000000002,0.0195,0.0205
15.03.2020 23:04:49.781 GMT+0100,179.395,179.355,0.0195,0.0205
15.03.2020 23:04:49.913 GMT+0100,179.41,179.372,0.0195,0.0205
15.03.2020 23:04:50.027 GMT+0100,179.395,179.36200000000002,0.0195,0.0205
15.03.2020 23:04:50.133 GMT+0100,179.411,179.375,0.0195,0.0205
15.03.2020 23:04:50.258 GMT+0100,179.407,179.373,0.0195,0.0205
15.03.2020 23:04:51.318 GMT+0100,179.394,179.355,0.0195,0.0205
15.03.2020 23:04:51.525 GMT+0100,179.37400000000002,179.34599999999998,0.0195,0.0205
15.03.2020 23:04:53.682 GMT+0100,179.40900000000002,179.37400000000002,0.0195,0.0205
15.03.2020 23:04:54.073 GMT+0100,179.41,179.375,0.0195,0.0205
15.03.2020 23:04:54.334 GMT+0100,179.424,179.393,0.0195,0.0205
15.03.2020 23:04:54.926 GMT+0100,179.424,179.389,0.0195,0.0205
15.03.2020 23:04:56.250 GMT+0100,179.407,179.37400000000002,0.0195,0.0205
15.03.2020 23:04:57.663 GMT+0100,179.378,179.34099999999998,0.0195,0.0205
15.03.2020 23:04:58.198 GMT+0100,179.37599999999998,179.342,0.0195,0.0205
15.03.2020 23:05:00.574 GMT+0100,179.38,179.34099999999998,0.0195,0.0205
15.03.2020 23:05:12.018 GMT+0100,179.394,179.36200000000002,0.0195,0.0205
15.03.2020 23:05:12.173 GMT+0100,179.411,179.37,0.0195,0.0205
15.03.2020 23:05:17.413 GMT+0100,179.412,179.37400000000002,0.0195,0.0205
15.03.2020 23:05:18.559 GMT+0100,179.42700000000002,179.391,0.0195,0.0205
15.03.2020 23:05:18.801 GMT+0100,179.44299999999998,179.40200000000002,0.0195,0.0205
15.03.2020 23:05:19.301 GMT+0100,179.438,179.40200000000002,0.0195,0.0205
15.03.2020 23:05:22.451 GMT+0100,179.428,179.388,0.0195,0.0205
15.03.2020 23:05:22.907 GMT+0100,179.438,179.408,0.0195,0.0205
15.03.2020 23:05:23.188 GMT+0100,179.442,179.40599999999998,0.0195,0.0205
15.03.2020 23:05:23.239 GMT+0100,179.472,179.433,0.0195,0.0205
15.03.2020 23:05:23.716 GMT+0100,179.455,179.418,0.0195,0.0205
15.03.2020 23:05:24.174 GMT+0100,179.43599999999998,179.40099999999998,0.0195,0.0205
15.03.2020 23:05:24.481 GMT+0100,179.438,179.408,0.0195,0.0205
15.03.2020 23:05:26.892 GMT+0100,179.425,179.386,0.0195,0.0205
15.03.2020 23:05:27.283 GMT+0100,179.407,179.377,0.0195,0.0205
15.03.2020 23:05:28.357 GMT+0100,179.396,179.355,0.0195,0.0205
15.03.2020 23:05:29.994 GMT+0100,179.37599999999998,179.343,0.0195,0.0205
15.03.2020 23:05:30.881 GMT+0100,179.393,179.357,0.0195,0.0205
15.03.2020 23:05:31.175 GMT+0100,179.38,179.342,0.0195,0.0205
15.03.2020 23:05:31.759 GMT+0100,179.394,179.359,0.0195,0.0205
15.03.2020 23:05:31.902 GMT+0100,179.407,179.372,0.0195,0.0205
15.03.2020 23:05:32.537 GMT+0100,179.381,179.33900000000003,0.0195,0.0205
15.03.2020 23:05:36.857 GMT+0100,179.37900000000002,179.33900000000003,0.0195,0.0205
15.03.2020 23:05:38.263 GMT+0100,179.347,179.312,0.0195,0.0205
15.03.2020 23:05:41.373 GMT+0100,179.381,179.33900000000003,0.0195,0.0205
15.03.2020 23:05:45.081 GMT+0100,179.345,179.313,0.0195,0.0205
15.03.2020 23:05:45.351 GMT+0100,179.329,179.293,0.0195,0.0205
15.03.2020 23:05:46.412 GMT+0100,179.33,179.292,0.0195,0.0205
15.03.2020 23:05:46.793 GMT+0100,179.363,179.328,0.0195,0.0205
15.03.2020 23:05:47.465 GMT+0100,179.35,179.315,0.0195,0.0205
15.03.2020 23:05:47.629 GMT+0100,179.331,179.297,0.0195,0.0205
15.03.2020 23:05:48.265 GMT+0100,179.329,179.296,0.0195,0.0205
15.03.2020 23:05:49.976 GMT+0100,179.317,179.27900000000002,0.0195,0.0205
15.03.2020 23:05:50.399 GMT+0100,179.327,179.29500000000002,0.0195,0.0205
15.03.2020 23:05:52.276 GMT+0100,179.313,179.27700000000002,0.0195,0.0205
15.03.2020 23:05:55.496 GMT+0100,179.285,179.252,0.0195,0.0205
15.03.2020 23:05:55.631 GMT+0100,179.282,179.248,0.0195,0.0205
15.03.2020 23:05:55.809 GMT+0100,179.317,179.283,0.0195,0.0205
15.03.2020 23:06:00.240 GMT+0100,179.282,179.245,0.0195,0.0205
15.03.2020 23:06:00.384 GMT+0100,179.303,179.268,0.0195,0.0205
15.03.2020 23:06:00.512 GMT+0100,179.283,179.25,0.0195,0.0205
15.03.2020 23:06:01.303 GMT+0100,179.268,179.232,0.0195,0.0205
15.03.2020 23:06:01.902 GMT+0100,179.285,179.25,0.0195,0.0205
15.03.2020 23:06:04.136 GMT+0100,179.30200000000002,179.26500000000001,0.0195,0.0205
15.03.2020 23:06:04.559 GMT+0100,179.31799999999998,179.27700000000002,0.0195,0.0205
15.03.2020 23:06:06.400 GMT+0100,179.301,179.268,0.0195,0.0205
15.03.2020 23:06:06.850 GMT+0100,179.315,179.27599999999998,0.0195,0.0205
15.03.2020 23:06:09.089 GMT+0100,179.33400000000003,179.292,0.0195,0.0205
15.03.2020 23:06:09.915 GMT+0100,179.316,179.283,0.0195,0.0205
15.03.2020 23:06:10.933 GMT+0100,179.3,179.26500000000001,0.0195,0.0205
15.03.2020 23:06:11.049 GMT+0100,179.287,179.248,0.0195,0.0205
15.03.2020 23:06:12.560 GMT+0100,179.296,179.266,0.0195,0.0205
15.03.2020 23:06:14.139 GMT+0100,179.28400000000002,179.247,0.0195,0.0205
15.03.2020 23:06:14.467 GMT+0100,179.3,179.262,0.0195,0.0205
15.03.2020 23:06:16.810 GMT+0100,179.317,179.27700000000002,0.0195,0.0205
15.03.2020 23:06:17.724 GMT+0100,179.287,179.24599999999998,0.0195,0.0205
15.03.2020 23:06:18.752 GMT+0100,179.269,179.233,0.0195,0.0205
15.03.2020 23:06:19.220 GMT+0100,179.239,179.205,0.0195,0.0205
15.03.2020 23:06:20.756 GMT+0100,179.225,179.185,0.0195,0.0205
15.03.2020 23:06:21.953 GMT+0100,179.256,179.21400000000003,0.0195,0.0205
15.03.2020 23:06:23.081 GMT+0100,179.233,179.202,0.0195,0.0205
15.03.2020 23:06:23.301 GMT+0100,179.22400000000002,179.187,0.0195,0.0205
15.03.2020 23:06:23.723 GMT+0100,179.233,179.20000000000002,0.0195,0.0205
15.03.2020 23:06:23.996 GMT+0100,179.22099999999998,179.183,0.0195,0.0205
15.03.2020 23:06:24.101 GMT+0100,179.24,179.20000000000002,0.0195,0.0205
15.03.2020 23:06:24.292 GMT+0100,179.192,179.15599999999998,0.0195,0.0205
15.03.2020 23:06:24.577 GMT+0100,179.202,179.174,0.0195,0.0205
15.03.2020 23:06:25.418 GMT+0100,179.222,179.19,0.0195,0.0205
15.03.2020 23:06:25.595 GMT+0100,179.19299999999998,179.158,0.0195,0.0205
15.03.2020 23:06:25.759 GMT+0100,179.20900000000003,179.167,0.0195,0.0205
15.03.2020 23:06:26.245 GMT+0100,179.18599999999998,179.155,0.0195,0.0205
15.03.2020 23:06:26.542 GMT+0100,179.20700000000002,179.169,0.0195,0.0205
15.03.2020 23:06:26.938 GMT+0100,179.22099999999998,179.18599999999998,0.0195,0.0205
15.03.2020 23:06:27.108 GMT+0100,179.208,179.168,0.0195,0.0205
15.03.2020 23:06:27.481 GMT+0100,179.19,179.15599999999998,0.0195,0.0205
15.03.2020 23:06:29.257 GMT+0100,179.205,179.17000000000002,0.0195,0.0205
15.03.2020 23:06:30.855 GMT+0100,179.19,179.158,0.0195,0.0205
15.03.2020 23:06:32.044 GMT+0100,179.18599999999998,179.158,0.0195,0.0205
15.03.2020 23:06:39.435 GMT+0100,179.162,179.12,0.0195,0.0205
15.03.2020 23:06:40.099 GMT+0100,179.144,179.108,0.0195,0.0205
15.03.2020 23:06:40.242 GMT+0100,179.12400000000002,179.09,0.0195,0.0205
15.03.2020 23:06:40.345 GMT+0100,179.145,179.105,0.0195,0.0205
15.03.2020 23:06:40.474 GMT+0100,179.131,179.09400000000002,0.0195,0.0205
15.03.2020 23:06:41.640 GMT+0100,179.1,179.06,0.0195,0.0205
15.03.2020 23:06:43.326 GMT+0100,179.067,179.03099999999998,0.0195,0.0205
15.03.2020 23:06:47.689 GMT+0100,179.03400000000002,179.002,0.0195,0.0205
15.03.2020 23:06:47.831 GMT+0100,179.067,179.03099999999998,0.0195,0.0205
15.03.2020 23:06:48.205 GMT+0100,179.08,179.04500000000002,0.0195,0.0205
15.03.2020 23:06:48.325 GMT+0100,179.093,179.06099999999998,0.0195,0.0205
15.03.2020 23:06:49.127 GMT+0100,179.12900000000002,179.09,0.0195,0.0205
15.03.2020 23:06:50.111 GMT+0100,179.15900000000002,179.122,0.0195,0.0205
15.03.2020 23:06:50.339 GMT+0100,179.175,179.143,0.0195,0.0205
15.03.2020 23:06:51.706 GMT+0100,179.191,179.155,0.0195,0.0205
15.03.2020 23:06:55.104 GMT+0100,179.206,179.168,0.0195,0.0205
15.03.2020 23:06:55.516 GMT+0100,179.225,179.185,0.0195,0.0205
15.03.2020 23:06:57.372 GMT+0100,179.205,179.168,0.0195,0.0205
15.03.2020 23:06:58.444 GMT+0100,179.22299999999998,179.18400000000003,0.0195,0.0205
15.03.2020 23:06:59.065 GMT+0100,179.34599999999998,179.313,0.0195,0.0205
15.03.2020 23:06:59.259 GMT+0100,179.33200000000002,179.299,0.0195,0.0205
15.03.2020 23:06:59.607 GMT+0100,179.34799999999998,179.31099999999998,0.0195,0.0205
15.03.2020 23:07:00.111 GMT+0100,179.327,179.29500000000002,0.0195,0.0205
15.03.2020 23:07:01.236 GMT+0100,179.34900000000002,179.315,0.0195,0.0205
15.03.2020 23:07:01.748 GMT+0100,179.333,179.292,0.0195,0.0205
15.03.2020 23:07:02.246 GMT+0100,179.36200000000002,179.33,0.0195,0.0205
15.03.2020 23:07:04.253 GMT+0100,179.327,179.293,0.0195,0.0205
15.03.2020 23:07:04.358 GMT+0100,179.35,179.31099999999998,0.0195,0.0205
15.03.2020 23:07:04.655 GMT+0100,179.315,179.283,0.0195,0.0205
15.03.2020 23:07:05.559 GMT+0100,179.333,179.293,0.0195,0.0205
15.03.2020 23:07:06.320 GMT+0100,179.347,179.30900000000003,0.0195,0.0205
15.03.2020 23:07:07.300 GMT+0100,179.36,179.32500000000002,0.0195,0.0205
15.03.2020 23:07:07.700 GMT+0100,179.343,179.308,0.0195,0.0205
15.03.2020 23:07:09.963 GMT+0100,179.365,179.33,0.0195,0.0205
15.03.2020 23:07:10.743 GMT+0100,179.38,179.33900000000003,0.0195,0.0205
15.03.2020 23:07:11.020 GMT+0100,179.31099999999998,179.27599999999998,0.0195,0.0205
15.03.2020 23:07:11.173 GMT+0100,179.31400000000002,179.27700000000002,0.0195,0.0205
15.03.2020 23:07:12.318 GMT+0100,179.365,179.328,0.0195,0.0205
15.03.2020 23:07:12.508 GMT+0100,179.393,179.36,0.0195,0.0205
15.03.2020 23:07:13.308 GMT+0100,179.424,179.393,0.0195,0.0205
15.03.2020 23:07:13.458 GMT+0100,179.43599999999998,179.408,0.0195,0.0205
15.03.2020 23:07:16.282 GMT+0100,179.47099999999998,179.43599999999998,0.0195,0.0205
15.03.2020 23:07:16.544 GMT+0100,179.486,179.448,0.0195,0.0205
15.03.2020 23:07:16.774 GMT+0100,179.472,179.433,0.0195,0.0205
15.03.2020 23:07:17.585 GMT+0100,179.502,179.46599999999998,0.0195,0.0205
15.03.2020 23:07:18.549 GMT+0100,179.52200000000002,179.482,0.0195,0.0205
15.03.2020 23:07:18.666 GMT+0100,179.536,179.497,0.0195,0.0205
15.03.2020 23:07:19.331 GMT+0100,179.505,179.467,0.0195,0.0205
15.03.2020 23:07:19.839 GMT+0100,179.535,179.49599999999998,0.0195,0.0205
15.03.2020 23:07:20.864 GMT+0100,179.563,179.52700000000002,0.0195,0.0205
15.03.2020 23:07:21.347 GMT+0100,179.518,179.484,0.0195,0.0205
15.03.2020 23:07:21.398 GMT+0100,179.47400000000002,179.44,0.0195,0.0205
15.03.2020 23:07:25.785 GMT+0100,179.48700000000002,179.453,0.0195,0.0205
15.03.2020 23:07:26.117 GMT+0100,179.47299999999998,179.438,0.0195,0.0205
15.03.2020 23:07:31.815 GMT+0100,179.488,179.45000000000002,0.0195,0.0205
15.03.2020 23:07:33.736 GMT+0100,179.47,179.435,0.0195,0.0205
15.03.2020 23:07:33.940 GMT+0100,179.506,179.47099999999998,0.0195,0.0205
15.03.2020 23:07:35.119 GMT+0100,179.533,179.49599999999998,0.0195,0.0205
15.03.2020 23:07:36.947 GMT+0100,179.532,179.49900000000002,0.0195,0.0205
15.03.2020 23:07:37.511 GMT+0100,179.565,179.52900000000002,0.0195,0.0205
15.03.2020 23:07:43.482 GMT+0100,179.59599999999998,179.56099999999998,0.0195,0.0205
15.03.2020 23:07:43.951 GMT+0100,179.613,179.58,0.0195,0.0205
15.03.2020 23:07:44.303 GMT+0100,179.631,179.59099999999998,0.0195,0.0205
15.03.2020 23:07:49.234 GMT+0100,179.655,179.62099999999998,0.0195,0.0205
15.03.2020 23:07:49.506 GMT+0100,179.725,179.683,0.0195,0.0205
15.03.2020 23:07:50.236 GMT+0100,179.74,179.705,0.0195,0.0205
15.03.2020 23:07:50.909 GMT+0100,179.755,179.72099999999998,0.0195,0.0205
15.03.2020 23:07:51.080 GMT+0100,179.785,179.745,0.0195,0.0205
15.03.2020 23:07:51.333 GMT+0100,179.81799999999998,179.78099999999998,0.0195,0.0205
15.03.2020 23:07:51.542 GMT+0100,179.85,179.81099999999998,0.0195,0.0205
15.03.2020 23:07:52.491 GMT+0100,179.893,179.855,0.0195,0.0205
15.03.2020 23:07:52.617 GMT+0100,179.911,179.872,0.0195,0.0205
15.03.2020 23:07:53.924 GMT+0100,179.98700000000002,179.948,0.0195,0.0205
15.03.2020 23:07:54.026 GMT+0100,180.002,179.97099999999998,0.0195,0.0205
15.03.2020 23:07:54.846 GMT+0100,180.01700000000002,179.98,0.0195,0.0205
15.03.2020 23:07:54.971 GMT+0100,180.035,179.997,0.0195,0.0205
15.03.2020 23:07:58.883 GMT+0100,180.18900000000002,180.153,0.0195,0.0205
15.03.2020 23:07:59.631 GMT+0100,180.15900000000002,180.125,0.0195,0.0205
15.03.2020 23:07:59.726 GMT+0100,180.19299999999998,180.153,0.0195,0.0205
15.03.2020 23:07:59.776 GMT+0100,180.158,180.123,0.0195,0.0205
15.03.2020 23:08:00.065 GMT+0100,180.178,180.136,0.0195,0.0205
15.03.2020 23:08:00.184 GMT+0100,180.131,180.093,0.0195,0.0205
15.03.2020 23:08:00.438 GMT+0100,180.095,180.06099999999998,0.0195,0.0205
15.03.2020 23:08:02.173 GMT+0100,180.12400000000002,180.093,0.0195,0.0205
15.03.2020 23:08:02.428 GMT+0100,180.174,180.137,0.0195,0.0205
15.03.2020 23:08:02.588 GMT+0100,180.188,180.158,0.0195,0.0205
15.03.2020 23:08:03.555 GMT+0100,180.282,180.247,0.0195,0.0205
15.03.2020 23:08:04.130 GMT+0100,180.299,180.268,0.0195,0.0205
15.03.2020 23:08:05.161 GMT+0100,180.37400000000002,180.34099999999998,0.0195,0.0205
15.03.2020 23:08:05.303 GMT+0100,180.36,180.323,0.0195,0.0205
15.03.2020 23:08:05.433 GMT+0100,180.34599999999998,180.31099999999998,0.0195,0.0205
15.03.2020 23:08:05.635 GMT+0100,180.361,180.323,0.0195,0.0205
15.03.2020 23:08:05.884 GMT+0100,180.343,180.313,0.0195,0.0205
15.03.2020 23:08:05.935 GMT+0100,180.253,180.215,0.0195,0.0205
15.03.2020 23:08:06.000 GMT+0100,180.22,180.19,0.0195,0.0205
15.03.2020 23:08:07.180 GMT+0100,180.06099999999998,180.033,0.0195,0.0205
15.03.2020 23:08:07.369 GMT+0100,180.08200000000002,180.043,0.0195,0.0205
15.03.2020 23:08:07.496 GMT+0100,180.093,180.06,0.0195,0.0205
15.03.2020 23:08:07.622 GMT+0100,180.206,180.167,0.0195,0.0205
15.03.2020 23:08:08.424 GMT+0100,180.157,180.125,0.0195,0.0205
15.03.2020 23:08:10.172 GMT+0100,180.218,180.028,0.0195,0.0205
15.03.2020 23:08:13.389 GMT+0100,180.06099999999998,180.02900000000002,0.0195,0.0205
15.03.2020 23:08:13.439 GMT+0100,180.11,180.078,0.0195,0.0205
15.03.2020 23:08:14.132 GMT+0100,180.22299999999998,180.033,0.0195,0.0205
15.03.2020 23:08:14.248 GMT+0100,180.11200000000002,180.073,0.0195,0.0205
15.03.2020 23:08:14.496 GMT+0100,180.09799999999998,180.06099999999998,0.0195,0.0205
15.03.2020 23:08:15.068 GMT+0100,180.081,180.046,0.0195,0.0205
15.03.2020 23:08:15.245 GMT+0100,180.063,180.02599999999998,0.0195,0.0205
15.03.2020 23:08:15.786 GMT+0100,180.1,180.06,0.0195,0.0205
15.03.2020 23:08:16.882 GMT+0100,180.083,180.047,0.0195,0.0205
15.03.2020 23:08:18.491 GMT+0100,180.063,180.03099999999998,0.0195,0.0205
15.03.2020 23:08:18.872 GMT+0100,180.03,179.99900000000002,0.0195,0.0205
15.03.2020 23:08:25.774 GMT+0100,180.192,180.00400000000002,0.0195,0.0205
15.03.2020 23:08:44.746 GMT+0100,179.84599999999998,179.815,0.0195,0.0205
15.03.2020 23:08:45.211 GMT+0100,179.81099999999998,179.78,0.0195,0.0205
15.03.2020 23:08:45.313 GMT+0100,179.845,179.808,0.0195,0.0205
15.03.2020 23:08:45.522 GMT+0100,179.87599999999998,179.84599999999998,0.0195,0.0205
15.03.2020 23:08:45.577 GMT+0100,179.84900000000002,179.815,0.0195,0.0205
15.03.2020 23:08:48.386 GMT+0100,179.827,179.797,0.0195,0.0205
15.03.2020 23:08:50.924 GMT+0100,179.815,179.783,0.0195,0.0205
15.03.2020 23:08:51.081 GMT+0100,179.83,179.796,0.0195,0.0205
15.03.2020 23:08:51.312 GMT+0100,179.81099999999998,179.77599999999998,0.0195,0.0205
15.03.2020 23:08:51.933 GMT+0100,179.831,179.797,0.0195,0.0205
15.03.2020 23:08:52.159 GMT+0100,179.843,179.813,0.0195,0.0205
15.03.2020 23:08:54.808 GMT+0100,179.968,179.783,0.0195,0.0205
15.03.2020 23:08:55.086 GMT+0100,179.881,179.842,0.0195,0.0205
15.03.2020 23:08:55.580 GMT+0100,180.003,179.817,0.0195,0.0205
15.03.2020 23:08:55.847 GMT+0100,179.958,179.918,0.0195,0.0205
15.03.2020 23:08:56.210 GMT+0100,179.93900000000002,179.908,0.0195,0.0205
15.03.2020 23:08:56.828 GMT+0100,179.893,179.858,0.0195,0.0205
15.03.2020 23:08:57.029 GMT+0100,179.87400000000002,179.843,0.0195,0.0205
15.03.2020 23:08:57.831 GMT+0100,179.893,179.86200000000002,0.0195,0.0205
15.03.2020 23:08:58.215 GMT+0100,179.928,179.888,0.0195,0.0205
15.03.2020 23:08:58.710 GMT+0100,179.91,179.875,0.0195,0.0205
15.03.2020 23:09:00.611 GMT+0100,179.925,179.891,0.0195,0.0205
15.03.2020 23:09:02.603 GMT+0100,179.941,179.90400000000002,0.0195,0.0205
15.03.2020 23:09:03.061 GMT+0100,179.87400000000002,179.84599999999998,0.0195,0.0205
15.03.2020 23:09:03.231 GMT+0100,179.865,179.828,0.0195,0.0205
15.03.2020 23:09:06.164 GMT+0100,179.878,179.84,0.0195,0.0205
15.03.2020 23:09:07.541 GMT+0100,179.905,179.875,0.0195,0.0205
15.03.2020 23:09:09.442 GMT+0100,179.894,179.86200000000002,0.0195,0.0205
15.03.2020 23:09:09.968 GMT+0100,179.905,179.87099999999998,0.0195,0.0205
15.03.2020 23:09:11.330 GMT+0100,179.893,179.858,0.0195,0.0205
15.03.2020 23:09:11.870 GMT+0100,179.90900000000002,179.87099999999998,0.0195,0.0205
15.03.2020 23:09:14.483 GMT+0100,179.905,179.875,0.0195,0.0205
15.03.2020 23:09:15.012 GMT+0100,179.94299999999998,179.90599999999998,0.0195,0.0205
15.03.2020 23:09:16.049 GMT+0100,179.905,179.872,0.0195,0.0205
15.03.2020 23:09:16.986 GMT+0100,179.928,179.891,0.0195,0.0205
15.03.2020 23:09:18.109 GMT+0100,179.88,179.843,0.0195,0.0205
15.03.2020 23:09:18.602 GMT+0100,179.923,179.889,0.0195,0.0205
15.03.2020 23:09:18.760 GMT+0100,179.94299999999998,179.903,0.0195,0.0205
15.03.2020 23:09:19.636 GMT+0100,179.923,179.887,0.0195,0.0205
15.03.2020 23:09:20.250 GMT+0100,179.89000000000001,179.86,0.0195,0.0205
15.03.2020 23:09:20.697 GMT+0100,179.905,179.87400000000002,0.0195,0.0205
15.03.2020 23:09:21.151 GMT+0100,179.928,179.886,0.0195,0.0205
15.03.2020 23:09:25.798 GMT+0100,179.911,179.87099999999998,0.0195,0.0205
15.03.2020 23:09:26.114 GMT+0100,179.924,179.886,0.0195,0.0205
15.03.2020 23:09:26.282 GMT+0100,179.954,179.92000000000002,0.0195,0.0205
15.03.2020 23:09:26.907 GMT+0100,179.97099999999998,179.933,0.0195,0.0205
15.03.2020 23:09:27.869 GMT+0100,179.985,179.949,0.0195,0.0205
15.03.2020 23:09:28.836 GMT+0100,180.00099999999998,179.97099999999998,0.0195,0.0205
15.03.2020 23:09:29.052 GMT+0100,179.988,179.95000000000002,0.0195,0.0205
15.03.2020 23:09:29.156 GMT+0100,180.003,179.965,0.0195,0.0205
15.03.2020 23:09:32.384 GMT+0100,180.1,180.063,0.0195,0.0205
15.03.2020 23:09:32.728 GMT+0100,180.033,179.99900000000002,0.0195,0.0205
15.03.2020 23:09:36.728 GMT+0100,180.05,180.011,0.0195,0.0205
15.03.2020 23:09:38.201 GMT+0100,180.067,180.03099999999998,0.0195,0.0205
15.03.2020 23:09:38.872 GMT+0100,180.053,180.01500000000001,0.0195,0.0205
15.03.2020 23:09:40.715 GMT+0100,180.06099999999998,180.02700000000002,0.0195,0.0205
15.03.2020 23:09:41.409 GMT+0100,180.05,180.018,0.0195,0.0205
15.03.2020 23:09:42.279 GMT+0100,180.03,180,0.0195,0.0205
15.03.2020 23:09:42.948 GMT+0100,180.048,180.011,0.0195,0.0205
15.03.2020 23:09:47.426 GMT+0100,180.06799999999998,180.02900000000002,0.0195,0.0205
15.03.2020 23:09:47.951 GMT+0100,180.09900000000002,180.065,0.0195,0.0205
15.03.2020 23:09:48.997 GMT+0100,180.114,180.074,0.0195,0.0205
15.03.2020 23:09:49.047 GMT+0100,180.145,180.11200000000002,0.0195,0.0205
15.03.2020 23:09:49.250 GMT+0100,180.12400000000002,180.09,0.0195,0.0205
15.03.2020 23:09:49.443 GMT+0100,180.146,180.109,0.0195,0.0205
15.03.2020 23:09:49.878 GMT+0100,180.155,180.127,0.0195,0.0205
15.03.2020 23:09:50.693 GMT+0100,180.14000000000001,180.11200000000002,0.0195,0.0205
15.03.2020 23:09:51.037 GMT+0100,180.157,180.12099999999998,0.0195,0.0205
15.03.2020 23:09:51.137 GMT+0100,180.178,180.139,0.0195,0.0205
15.03.2020 23:09:51.356 GMT+0100,180.18599999999998,180.15200000000002,0.0195,0.0205
15.03.2020 23:09:52.064 GMT+0100,180.222,180.19,0.0195,0.0205
15.03.2020 23:09:52.267 GMT+0100,180.235,180.203,0.0195,0.0205
15.03.2020 23:09:52.861 GMT+0100,180.22299999999998,180.187,0.0195,0.0205
15.03.2020 23:09:53.463 GMT+0100,180.18599999999998,180.15200000000002,0.0195,0.0205
15.03.2020 23:09:53.915 GMT+0100,180.20700000000002,180.167,0.0195,0.0205
15.03.2020 23:09:55.333 GMT+0100,180.22400000000002,180.187,0.0195,0.0205
15.03.2020 23:09:57.438 GMT+0100,180.24900000000002,180.22099999999998,0.0195,0.0205
15.03.2020 23:09:57.553 GMT+0100,180.233,180.20000000000002,0.0195,0.0205
15.03.2020 23:09:57.983 GMT+0100,180.255,180.21599999999998,0.0195,0.0205
15.03.2020 23:09:58.554 GMT+0100,180.18900000000002,180.15400000000002,0.0195,0.0205
15.03.2020 23:09:59.553 GMT+0100,180.20700000000002,180.171,0.0195,0.0205
15.03.2020 23:10:00.555 GMT+0100,180.173,180.139,0.0195,0.0205
15.03.2020 23:10:00.844 GMT+0100,180.15900000000002,180.125,0.0195,0.0205
15.03.2020 23:10:04.753 GMT+0100,180.144,180.105,0.0195,0.0205
15.03.2020 23:10:04.969 GMT+0100,180.12400000000002,180.09,0.0195,0.0205
15.03.2020 23:10:05.492 GMT+0100,180.145,180.11200000000002,0.0195,0.0205
15.03.2020 23:10:06.584 GMT+0100,180.19,180.15200000000002,0.0195,0.0205
15.03.2020 23:10:08.090 GMT+0100,180.208,180.167,0.0195,0.0205
15.03.2020 23:10:10.529 GMT+0100,180.22299999999998,180.185,0.0195,0.0205
15.03.2020 23:10:13.369 GMT+0100,180.255,180.21400000000003,0.0195,0.0205
15.03.2020 23:10:13.741 GMT+0100,180.27,180.23700000000002,0.0195,0.0205
15.03.2020 23:10:15.852 GMT+0100,180.283,180.248,0.0195,0.0205
15.03.2020 23:10:16.634 GMT+0100,180.27,180.231,0.0195,0.0205
15.03.2020 23:10:16.732 GMT+0100,180.31400000000002,180.27900000000002,0.0195,0.0205
15.03.2020 23:10:17.665 GMT+0100,180.296,180.268,0.0195,0.0205
15.03.2020 23:10:18.987 GMT+0100,180.285,180.252,0.0195,0.0205
15.03.2020 23:10:19.222 GMT+0100,180.31400000000002,180.283,0.0195,0.0205
15.03.2020 23:10:19.273 GMT+0100,180.28400000000002,180.24599999999998,0.0195,0.0205
15.03.2020 23:10:19.387 GMT+0100,180.252,180.22099999999998,0.0195,0.0205
15.03.2020 23:10:19.598 GMT+0100,180.22400000000002,180.187,0.0195,0.0205
15.03.2020 23:10:19.649 GMT+0100,180.255,180.21400000000003,0.0195,0.0205
15.03.2020 23:10:20.264 GMT+0100,180.301,180.26500000000001,0.0195,0.0205
15.03.2020 23:10:20.742 GMT+0100,180.28400000000002,180.24900000000002,0.0195,0.0205
15.03.2020 23:10:21.552 GMT+0100,180.27,180.234,0.0195,0.0205
15.03.2020 23:10:21.644 GMT+0100,180.24,180.199,0.0195,0.0205
15.03.2020 23:10:23.541 GMT+0100,180.252,180.21599999999998,0.0195,0.0205
15.03.2020 23:10:23.671 GMT+0100,180.286,180.245,0.0195,0.0205
15.03.2020 23:10:27.519 GMT+0100,180.269,180.23,0.0195,0.0205
15.03.2020 23:10:27.683 GMT+0100,180.25400000000002,180.218,0.0195,0.0205
15.03.2020 23:10:29.355 GMT+0100,180.285,180.245,0.0195,0.0205
15.03.2020 23:10:30.359 GMT+0100,180.317,180.27900000000002,0.0195,0.0205
15.03.2020 23:10:35.747 GMT+0100,180.35,180.315,0.0195,0.0205
15.03.2020 23:10:36.956 GMT+0100,180.37599999999998,180.34400000000002,0.0195,0.0205
15.03.2020 23:10:37.947 GMT+0100,180.364,180.323,0.0195,0.0205
15.03.2020 23:10:39.970 GMT+0100,180.377,180.342,0.0195,0.0205
15.03.2020 23:10:40.305 GMT+0100,180.36,180.326,0.0195,0.0205
15.03.2020 23:10:41.555 GMT+0100,180.345,180.312,0.0195,0.0205
15.03.2020 23:10:43.241 GMT+0100,180.329,180.296,0.0195,0.0205
15.03.2020 23:10:43.513 GMT+0100,180.31799999999998,180.27700000000002,0.0195,0.0205
15.03.2020 23:10:47.045 GMT+0100,180.345,180.31,0.0195,0.0205
15.03.2020 23:10:47.255 GMT+0100,180.33,180.29500000000002,0.0195,0.0205
15.03.2020 23:10:47.604 GMT+0100,180.316,180.283,0.0195,0.0205
15.03.2020 23:10:48.446 GMT+0100,180.34799999999998,180.31,0.0195,0.0205
15.03.2020 23:10:48.764 GMT+0100,180.37599999999998,180.34099999999998,0.0195,0.0205
15.03.2020 23:10:59.376 GMT+0100,180.361,180.32500000000002,0.0195,0.0205
15.03.2020 23:11:00.990 GMT+0100,180.345,180.31,0.0195,0.0205
15.03.2020 23:11:02.020 GMT+0100,180.364,180.324,0.0195,0.0205
15.03.2020 23:11:03.473 GMT+0100,180.37400000000002,180.343,0.0195,0.0205
15.03.2020 23:11:06.389 GMT+0100,180.41,180.372,0.0195,0.0205
15.03.2020 23:11:06.664 GMT+0100,180.428,180.389,0.0195,0.0205
15.03.2020 23:11:07.550 GMT+0100,180.393,180.357,0.0195,0.0205
15.03.2020 23:11:08.906 GMT+0100,180.381,180.34,0.0195,0.0205
15.03.2020 23:11:11.025 GMT+0100,180.39200000000002,180.36200000000002,0.0195,0.0205
15.03.2020 23:11:15.493 GMT+0100,180.377,180.34,0.0195,0.0205
15.03.2020 23:11:15.884 GMT+0100,180.361,180.326,0.0195,0.0205
15.03.2020 23:11:18.369 GMT+0100,180.347,180.31099999999998,0.0195,0.0205
15.03.2020 23:11:19.125 GMT+0100,180.329,180.296,0.0195,0.0205
15.03.2020 23:11:19.399 GMT+0100,180.31099999999998,180.28,0.0195,0.0205
15.03.2020 23:11:20.152 GMT+0100,180.3,180.26500000000001,0.0195,0.0205
15.03.2020 23:11:20.519 GMT+0100,180.286,180.24599999999998,0.0195,0.0205
15.03.2020 23:11:20.703 GMT+0100,180.271,180.23,0.0195,0.0205
15.03.2020 23:11:20.879 GMT+0100,180.25400000000002,180.218,0.0195,0.0205
15.03.2020 23:11:21.115 GMT+0100,180.238,180.202,0.0195,0.0205
15.03.2020 23:11:21.335 GMT+0100,180.218,180.188,0.0195,0.0205
15.03.2020 23:11:22.113 GMT+0100,180.205,180.17000000000002,0.0195,0.0205
15.03.2020 23:11:26.903 GMT+0100,180.17700000000002,180.139,0.0195,0.0205
15.03.2020 23:11:28.278 GMT+0100,180.161,180.12400000000002,0.0195,0.0205
15.03.2020 23:11:32.820 GMT+0100,180.18599999999998,180.15099999999998,0.0195,0.0205
15.03.2020 23:11:41.563 GMT+0100,180.206,180.167,0.0195,0.0205
15.03.2020 23:11:41.803 GMT+0100,180.235,180.20000000000002,0.0195,0.0205
15.03.2020 23:11:44.698 GMT+0100,180.25400000000002,180.21599999999998,0.0195,0.0205
15.03.2020 23:11:45.678 GMT+0100,180.222,180.188,0.0195,0.0205
15.03.2020 23:11:45.912 GMT+0100,180.23700000000002,180.202,0.0195,0.0205
15.03.2020 23:11:46.063 GMT+0100,180.22299999999998,180.183,0.0195,0.0205
15.03.2020 23:11:46.835 GMT+0100,180.208,180.174,0.0195,0.0205
15.03.2020 23:11:49.290 GMT+0100,180.22099999999998,180.185,0.0195,0.0205
15.03.2020 23:11:50.593 GMT+0100,180.24,180.201,0.0195,0.0205
15.03.2020 23:11:53.445 GMT+0100,180.22099999999998,180.19,0.0195,0.0205
15.03.2020 23:11:53.863 GMT+0100,180.239,180.203,0.0195,0.0205
15.03.2020 23:11:55.708 GMT+0100,180.22299999999998,180.18400000000003,0.0195,0.0205
15.03.2020 23:11:56.340 GMT+0100,180.205,180.174,0.0195,0.0205
15.03.2020 23:11:57.469 GMT+0100,180.218,180.183,0.0195,0.0205
15.03.2020 23:11:57.604 GMT+0100,180.19,180.15400000000002,0.0195,0.0205
15.03.2020 23:11:57.911 GMT+0100,180.157,180.127,0.0195,0.0205
15.03.2020 23:12:01.217 GMT+0100,180.12599999999998,180.09599999999998,0.0195,0.0205
15.03.2020 23:12:02.163 GMT+0100,180.1,180.065,0.0195,0.0205
15.03.2020 23:12:02.874 GMT+0100,180.128,180.09099999999998,0.0195,0.0205
15.03.2020 23:12:06.553 GMT+0100,180.095,180.05900000000003,0.0195,0.0205
15.03.2020 23:12:06.716 GMT+0100,180.13,180.08900000000003,0.0195,0.0205
15.03.2020 23:12:10.834 GMT+0100,180.09799999999998,180.063,0.0195,0.0205
15.03.2020 23:12:11.787 GMT+0100,180.12900000000002,180.09099999999998,0.0195,0.0205
15.03.2020 23:12:13.743 GMT+0100,180.113,180.07500000000002,0.0195,0.0205
15.03.2020 23:12:16.105 GMT+0100,180.077,180.043,0.0195,0.0205
15.03.2020 23:12:16.168 GMT+0100,180.032,180,0.0195,0.0205
15.03.2020 23:12:20.387 GMT+0100,180.11200000000002,180.074,0.0195,0.0205
15.03.2020 23:12:21.174 GMT+0100,180.158,180.125,0.0195,0.0205
15.03.2020 23:12:21.839 GMT+0100,180.08,180.046,0.0195,0.0205
15.03.2020 23:12:24.128 GMT+0100,180.09799999999998,180.062,0.0195,0.0205
15.03.2020 23:12:26.098 GMT+0100,180.08,180.04500000000002,0.0195,0.0205
15.03.2020 23:12:26.739 GMT+0100,180.003,179.965,0.0195,0.0205
15.03.2020 23:12:29.276 GMT+0100,180.03,179.99599999999998,0.0195,0.0205
15.03.2020 23:12:30.306 GMT+0100,180.02200000000002,179.983,0.0195,0.0205
15.03.2020 23:12:30.502 GMT+0100,179.988,179.952,0.0195,0.0205
15.03.2020 23:12:31.797 GMT+0100,179.97099999999998,179.937,0.0195,0.0205
15.03.2020 23:12:32.498 GMT+0100,179.99900000000002,179.96599999999998,0.0195,0.0205
15.03.2020 23:12:32.687 GMT+0100,180.02,179.981,0.0195,0.0205
15.03.2020 23:12:36.028 GMT+0100,180.005,179.965,0.0195,0.0205
15.03.2020 23:12:38.307 GMT+0100,180.021,179.984,0.0195,0.0205
15.03.2020 23:12:40.827 GMT+0100,179.97299999999998,179.93599999999998,0.0195,0.0205
15.03.2020 23:12:43.073 GMT+0100,179.93900000000002,179.90099999999998,0.0195,0.0205
15.03.2020 23:12:44.076 GMT+0100,179.92700000000002,179.891,0.0195,0.0205
15.03.2020 23:12:47.427 GMT+0100,179.90900000000002,179.877,0.0195,0.0205
15.03.2020 23:12:48.823 GMT+0100,179.89200000000002,179.86,0.0195,0.0205
15.03.2020 23:12:50.327 GMT+0100,179.84799999999998,179.80900000000003,0.0195,0.0205
15.03.2020 23:12:50.455 GMT+0100,179.85,179.813,0.0195,0.0205
15.03.2020 23:12:52.951 GMT+0100,179.84599999999998,179.81099999999998,0.0195,0.0205
15.03.2020 23:12:58.612 GMT+0100,179.787,179.748,0.0195,0.0205
15.03.2020 23:13:02.666 GMT+0100,179.77,179.732,0.0195,0.0205
15.03.2020 23:13:04.054 GMT+0100,179.787,179.745,0.0195,0.0205
15.03.2020 23:13:05.487 GMT+0100,179.768,179.735,0.0195,0.0205
15.03.2020 23:13:05.683 GMT+0100,179.78,179.75,0.0195,0.0205
15.03.2020 23:13:06.596 GMT+0100,179.77,179.732,0.0195,0.0205
15.03.2020 23:13:06.996 GMT+0100,179.753,179.72099999999998,0.0195,0.0205
15.03.2020 23:13:09.701 GMT+0100,179.702,179.668,0.0195,0.0205
15.03.2020 23:13:09.899 GMT+0100,179.722,179.68599999999998,0.0195,0.0205
15.03.2020 23:13:12.186 GMT+0100,179.702,179.668,0.0195,0.0205
15.03.2020 23:13:12.615 GMT+0100,179.72400000000002,179.683,0.0195,0.0205
15.03.2020 23:13:12.952 GMT+0100,179.735,179.705,0.0195,0.0205
15.03.2020 23:13:14.594 GMT+0100,179.755,179.71599999999998,0.0195,0.0205
15.03.2020 23:13:14.756 GMT+0100,179.768,179.732,0.0195,0.0205
15.03.2020 23:13:15.302 GMT+0100,179.782,179.748,0.0195,0.0205
15.03.2020 23:13:15.453 GMT+0100,179.80200000000002,179.762,0.0195,0.0205
15.03.2020 23:13:15.663 GMT+0100,179.817,179.783,0.0195,0.0205
15.03.2020 23:13:17.113 GMT+0100,179.798,179.764,0.0195,0.0205
15.03.2020 23:13:17.725 GMT+0100,179.815,179.783,0.0195,0.0205
15.03.2020 23:13:17.887 GMT+0100,179.843,179.815,0.0195,0.0205
15.03.2020 23:13:18.256 GMT+0100,179.86,179.823,0.0195,0.0205
15.03.2020 23:13:18.675 GMT+0100,179.89700000000002,179.86,0.0195,0.0205
15.03.2020 23:13:20.476 GMT+0100,179.911,179.87400000000002,0.0195,0.0205
15.03.2020 23:13:21.708 GMT+0100,179.89700000000002,179.859,0.0195,0.0205
15.03.2020 23:13:22.301 GMT+0100,179.87900000000002,179.84599999999998,0.0195,0.0205
15.03.2020 23:13:22.498 GMT+0100,179.864,179.83,0.0195,0.0205
15.03.2020 23:13:23.402 GMT+0100,179.87400000000002,179.84099999999998,0.0195,0.0205
15.03.2020 23:13:23.644 GMT+0100,179.89200000000002,179.857,0.0195,0.0205
15.03.2020 23:13:24.204 GMT+0100,179.87900000000002,179.84599999999998,0.0195,0.0205
15.03.2020 23:13:24.402 GMT+0100,179.861,179.828,0.0195,0.0205
15.03.2020 23:13:25.334 GMT+0100,179.87400000000002,179.83900000000003,0.0195,0.0205
15.03.2020 23:13:26.077 GMT+0100,179.908,179.875,0.0195,0.0205
15.03.2020 23:13:26.634 GMT+0100,179.926,179.887,0.0195,0.0205
15.03.2020 23:13:27.689 GMT+0100,179.895,179.858,0.0195,0.0205
15.03.2020 23:13:28.005 GMT+0100,179.907,179.873,0.0195,0.0205
15.03.2020 23:13:28.261 GMT+0100,179.881,179.83900000000003,0.0195,0.0205
15.03.2020 23:13:28.818 GMT+0100,179.91,179.87,0.0195,0.0205
15.03.2020 23:13:29.208 GMT+0100,179.893,179.86200000000002,0.0195,0.0205
15.03.2020 23:13:29.518 GMT+0100,179.928,179.89000000000001,0.0195,0.0205
15.03.2020 23:13:29.821 GMT+0100,179.896,179.855,0.0195,0.0205
15.03.2020 23:13:29.877 GMT+0100,179.925,179.891,0.0195,0.0205
15.03.2020 23:13:29.982 GMT+0100,179.93599999999998,179.903,0.0195,0.0205
15.03.2020 23:13:30.425 GMT+0100,179.989,179.953,0.0195,0.0205
15.03.2020 23:13:30.791 GMT+0100,179.955,179.917,0.0195,0.0205
15.03.2020 23:13:31.095 GMT+0100,179.94299999999998,179.90099999999998,0.0195,0.0205
15.03.2020 23:13:31.208 GMT+0100,179.955,179.919,0.0195,0.0205
15.03.2020 23:13:31.899 GMT+0100,179.97,179.94,0.0195,0.0205
15.03.2020 23:13:32.268 GMT+0100,179.989,179.955,0.0195,0.0205
15.03.2020 23:13:33.508 GMT+0100,180.005,179.968,0.0195,0.0205
15.03.2020 23:13:39.648 GMT+0100,180.037,179.99599999999998,0.0195,0.0205
15.03.2020 23:13:41.569 GMT+0100,180.063,180.02599999999998,0.0195,0.0205
15.03.2020 23:13:41.759 GMT+0100,180.05,180.018,0.0195,0.0205
15.03.2020 23:13:42.338 GMT+0100,180.033,179.997,0.0195,0.0205
15.03.2020 23:13:43.266 GMT+0100,180.006,179.97099999999998,0.0195,0.0205
15.03.2020 23:13:44.656 GMT+0100,179.99,179.955,0.0195,0.0205
15.03.2020 23:13:44.962 GMT+0100,179.94,179.90200000000002,0.0195,0.0205
15.03.2020 23:13:45.600 GMT+0100,179.921,179.893,0.0195,0.0205
15.03.2020 23:13:46.437 GMT+0100,179.87400000000002,179.84099999999998,0.0195,0.0205
15.03.2020 23:13:47.050 GMT+0100,179.89200000000002,179.859,0.0195,0.0205
15.03.2020 23:13:47.274 GMT+0100,179.881,179.84400000000002,0.0195,0.0205
15.03.2020 23:13:47.379 GMT+0100,179.893,179.858,0.0195,0.0205
15.03.2020 23:13:47.799 GMT+0100,179.861,179.824,0.0195,0.0205
15.03.2020 23:13:48.740 GMT+0100,179.87599999999998,179.83900000000003,0.0195,0.0205
15.03.2020 23:13:49.510 GMT+0100,179.941,179.90200000000002,0.0195,0.0205
15.03.2020 23:13:51.380 GMT+0100,179.958,179.924,0.0195,0.0205
15.03.2020 23:13:51.972 GMT+0100,179.938,179.908,0.0195,0.0205
15.03.2020 23:13:52.181 GMT+0100,179.925,179.887,0.0195,0.0205
15.03.2020 23:13:52.530 GMT+0100,179.912,179.87,0.0195,0.0205
15.03.2020 23:13:52.834 GMT+0100,179.896,179.859,0.0195,0.0205
15.03.2020 23:13:53.204 GMT+0100,179.923,179.891,0.0195,0.0205
15.03.2020 23:13:53.371 GMT+0100,179.90900000000002,179.877,0.0195,0.0205
15.03.2020 23:13:53.550 GMT+0100,179.895,179.858,0.0195,0.0205
15.03.2020 23:13:54.007 GMT+0100,179.878,179.84,0.0195,0.0205
15.03.2020 23:13:54.656 GMT+0100,179.865,179.83,0.0195,0.0205
15.03.2020 23:13:55.800 GMT+0100,179.926,179.886,0.0195,0.0205
15.03.2020 23:13:56.049 GMT+0100,179.87900000000002,179.843,0.0195,0.0205
15.03.2020 23:13:56.456 GMT+0100,179.864,179.82500000000002,0.0195,0.0205
15.03.2020 23:13:57.063 GMT+0100,179.84900000000002,179.81099999999998,0.0195,0.0205
15.03.2020 23:13:57.191 GMT+0100,179.833,179.796,0.0195,0.0205
15.03.2020 23:13:57.750 GMT+0100,179.85,179.815,0.0195,0.0205
15.03.2020 23:13:57.925 GMT+0100,179.827,179.797,0.0195,0.0205
15.03.2020 23:14:01.083 GMT+0100,179.843,179.815,0.0195,0.0205
15.03.2020 23:14:01.270 GMT+0100,179.89700000000002,179.86200000000002,0.0195,0.0205
15.03.2020 23:14:01.406 GMT+0100,179.881,179.84099999999998,0.0195,0.0205
15.03.2020 23:14:01.514 GMT+0100,179.896,179.858,0.0195,0.0205
15.03.2020 23:14:01.744 GMT+0100,179.912,179.872,0.0195,0.0205
15.03.2020 23:14:02.154 GMT+0100,179.941,179.903,0.0195,0.0205
15.03.2020 23:14:03.933 GMT+0100,179.97099999999998,179.935,0.0195,0.0205
15.03.2020 23:14:04.230 GMT+0100,179.98700000000002,179.949,0.0195,0.0205
15.03.2020 23:14:04.670 GMT+0100,180.006,179.967,0.0195,0.0205
15.03.2020 23:14:04.854 GMT+0100,180.035,179.997,0.0195,0.0205
15.03.2020 23:14:05.235 GMT+0100,179.97,179.93599999999998,0.0195,0.0205
15.03.2020 23:14:05.450 GMT+0100,180.003,179.96599999999998,0.0195,0.0205
15.03.2020 23:14:05.500 GMT+0100,180.032,180,0.0195,0.0205
15.03.2020 23:14:05.700 GMT+0100,179.97299999999998,179.93599999999998,0.0195,0.0205
15.03.2020 23:14:06.473 GMT+0100,179.95700000000002,179.918,0.0195,0.0205
15.03.2020 23:14:06.612 GMT+0100,179.975,179.93400000000003,0.0195,0.0205
15.03.2020 23:14:06.765 GMT+0100,179.95900000000003,179.92000000000002,0.0195,0.0205
15.03.2020 23:14:07.534 GMT+0100,179.912,179.87400000000002,0.0195,0.0205
15.03.2020 23:14:07.604 GMT+0100,179.954,179.917,0.0195,0.0205
15.03.2020 23:14:08.425 GMT+0100,179.97,179.937,0.0195,0.0205
15.03.2020 23:14:08.612 GMT+0100,179.912,179.87400000000002,0.0195,0.0205
15.03.2020 23:14:08.746 GMT+0100,179.95700000000002,179.921,0.0195,0.0205
15.03.2020 23:14:10.901 GMT+0100,179.93599999999998,179.90400000000002,0.0195,0.0205
15.03.2020 23:14:11.903 GMT+0100,179.87599999999998,179.84400000000002,0.0195,0.0205
15.03.2020 23:14:12.322 GMT+0100,179.92700000000002,179.888,0.0195,0.0205
15.03.2020 23:14:12.695 GMT+0100,179.905,179.877,0.0195,0.0205
15.03.2020 23:14:14.168 GMT+0100,179.923,179.886,0.0195,0.0205
15.03.2020 23:14:21.456 GMT+0100,179.93599999999998,179.90099999999998,0.0195,0.0205
15.03.2020 23:14:21.709 GMT+0100,179.954,179.924,0.0195,0.0205
15.03.2020 23:14:23.392 GMT+0100,179.972,179.933,0.0195,0.0205
15.03.2020 23:14:23.468 GMT+0100,180.002,179.968,0.0195,0.0205
15.03.2020 23:14:23.999 GMT+0100,179.972,179.935,0.0195,0.0205
15.03.2020 23:14:24.132 GMT+0100,179.95700000000002,179.918,0.0195,0.0205
15.03.2020 23:14:24.416 GMT+0100,179.972,179.933,0.0195,0.0205
15.03.2020 23:14:24.635 GMT+0100,179.952,179.924,0.0195,0.0205
15.03.2020 23:14:24.738 GMT+0100,179.97400000000002,179.937,0.0195,0.0205
15.03.2020 23:14:25.288 GMT+0100,179.956,179.917,0.0195,0.0205
15.03.2020 23:14:25.966 GMT+0100,179.97099999999998,179.933,0.0195,0.0205
15.03.2020 23:14:27.496 GMT+0100,179.956,179.917,0.0195,0.0205
15.03.2020 23:14:32.273 GMT+0100,179.97099999999998,179.93400000000003,0.0195,0.0205
15.03.2020 23:14:32.982 GMT+0100,179.99,179.955,0.0195,0.0205
15.03.2020 23:14:38.514 GMT+0100,180.00099999999998,179.97099999999998,0.0195,0.0205
15.03.2020 23:14:40.231 GMT+0100,180.01700000000002,179.982,0.0195,0.0205
15.03.2020 23:14:40.381 GMT+0100,180.033,179.99599999999998,0.0195,0.0205
15.03.2020 23:14:40.939 GMT+0100,180.049,180.013,0.0195,0.0205
15.03.2020 23:14:44.642 GMT+0100,180.06799999999998,180.02900000000002,0.0195,0.0205
15.03.2020 23:14:46.299 GMT+0100,180.08400000000003,180.049,0.0195,0.0205
15.03.2020 23:14:47.359 GMT+0100,180.005,179.97099999999998,0.0195,0.0205
15.03.2020 23:14:49.551 GMT+0100,179.985,179.951,0.0195,0.0205
15.03.2020 23:14:50.272 GMT+0100,180.051,180.012,0.0195,0.0205
15.03.2020 23:14:50.540 GMT+0100,180.036,179.997,0.0195,0.0205
15.03.2020 23:14:51.988 GMT+0100,180.021,179.981,0.0195,0.0205
15.03.2020 23:14:54.526 GMT+0100,180.049,180.016,0.0195,0.0205
15.03.2020 23:14:57.366 GMT+0100,180.03400000000002,179.998,0.0195,0.0205
15.03.2020 23:14:57.773 GMT+0100,180.053,180.013,0.0195,0.0205
15.03.2020 23:14:58.543 GMT+0100,180.037,179.99599999999998,0.0195,0.0205
15.03.2020 23:14:58.793 GMT+0100,180.06799999999998,180.02900000000002,0.0195,0.0205
15.03.2020 23:14:59.299 GMT+0100,180.02200000000002,179.985,0.0195,0.0205
15.03.2020 23:15:04.316 GMT+0100,180.002,179.96599999999998,0.0195,0.0205
15.03.2020 23:15:04.940 GMT+0100,180.01500000000001,179.983,0.0195,0.0205
15.03.2020 23:15:05.150 GMT+0100,180.035,179.99599999999998,0.0195,0.0205
15.03.2020 23:15:05.916 GMT+0100,180.053,180.016,0.0195,0.0205
15.03.2020 23:15:06.168 GMT+0100,180.067,180.03,0.0195,0.0205
15.03.2020 23:15:06.602 GMT+0100,180.08200000000002,180.042,0.0195,0.0205
15.03.2020 23:15:09.509 GMT+0100,180.037,179.997,0.0195,0.0205
15.03.2020 23:15:09.770 GMT+0100,180.021,179.985,0.0195,0.0205
15.03.2020 23:15:13.613 GMT+0100,180.066,180.033,0.0195,0.0205
15.03.2020 23:15:13.773 GMT+0100,180.083,180.049,0.0195,0.0205
15.03.2020 23:15:14.552 GMT+0100,180.066,180.03099999999998,0.0195,0.0205
15.03.2020 23:15:14.715 GMT+0100,180.05,180.016,0.0195,0.0205
15.03.2020 23:15:15.291 GMT+0100,180.033,179.995,0.0195,0.0205
15.03.2020 23:15:15.772 GMT+0100,180.006,179.96900000000002,0.0195,0.0205
15.03.2020 23:15:16.248 GMT+0100,179.983,179.953,0.0195,0.0205
15.03.2020 23:15:16.354 GMT+0100,179.985,179.949,0.0195,0.0205
15.03.2020 23:15:18.446 GMT+0100,180.00400000000002,179.965,0.0195,0.0205
15.03.2020 23:15:18.777 GMT+0100,180.033,179.99900000000002,0.0195,0.0205
15.03.2020 23:15:19.172 GMT+0100,180.06799999999998,180.02599999999998,0.0195,0.0205
15.03.2020 23:15:22.244 GMT+0100,180.077,180.044,0.0195,0.0205
15.03.2020 23:15:23.650 GMT+0100,180.02200000000002,179.984,0.0195,0.0205
15.03.2020 23:15:23.884 GMT+0100,180.046,180.014,0.0195,0.0205
15.03.2020 23:15:24.777 GMT+0100,180.065,180.03,0.0195,0.0205
15.03.2020 23:15:24.828 GMT+0100,179.988,179.952,0.0195,0.0205
15.03.2020 23:15:25.950 GMT+0100,180.037,179.99900000000002,0.0195,0.0205
15.03.2020 23:15:26.071 GMT+0100,180.048,180.016,0.0195,0.0205
15.03.2020 23:15:26.406 GMT+0100,180.035,179.99900000000002,0.0195,0.0205
15.03.2020 23:15:26.690 GMT+0100,180.066,180.02700000000002,0.0195,0.0205
15.03.2020 23:15:27.880 GMT+0100,180.053,180.012,0.0195,0.0205
15.03.2020 23:15:29.734 GMT+0100,180.035,180,0.0195,0.0205
15.03.2020 23:15:29.935 GMT+0100,180.006,179.96599999999998,0.0195,0.0205
15.03.2020 23:15:30.093 GMT+0100,180.037,179.995,0.0195,0.0205
15.03.2020 23:15:31.284 GMT+0100,180.063,180.02700000000002,0.0195,0.0205
15.03.2020 23:15:32.612 GMT+0100,180.09799999999998,180.06099999999998,0.0195,0.0205
15.03.2020 23:15:32.782 GMT+0100,180.111,180.074,0.0195,0.0205
15.03.2020 23:15:34.033 GMT+0100,180.095,180.06,0.0195,0.0205
15.03.2020 23:15:35.305 GMT+0100,180.11200000000002,180.078,0.0195,0.0205
15.03.2020 23:15:35.781 GMT+0100,180.1,180.06,0.0195,0.0205
15.03.2020 23:15:36.401 GMT+0100,180.115,180.077,0.0195,0.0205
15.03.2020 23:15:37.857 GMT+0100,180.06400000000002,180.03099999999998,0.0195,0.0205
15.03.2020 23:15:38.160 GMT+0100,180.11200000000002,180.076,0.0195,0.0205
15.03.2020 23:15:38.442 GMT+0100,180.09799999999998,180.062,0.0195,0.0205
15.03.2020 23:15:39.281 GMT+0100,180.115,180.08,0.0195,0.0205
15.03.2020 23:15:43.653 GMT+0100,180.158,180.12,0.0195,0.0205
15.03.2020 23:15:43.782 GMT+0100,180.114,180.07500000000002,0.0195,0.0205
15.03.2020 23:15:43.915 GMT+0100,180.12900000000002,180.09,0.0195,0.0205
15.03.2020 23:15:44.084 GMT+0100,180.144,180.108,0.0195,0.0205
15.03.2020 23:15:45.434 GMT+0100,180.162,180.127,0.0195,0.0205
15.03.2020 23:15:45.882 GMT+0100,180.174,180.138,0.0195,0.0205
15.03.2020 23:15:46.889 GMT+0100,180.188,180.155,0.0195,0.0205
15.03.2020 23:15:47.131 GMT+0100,180.178,180.139,0.0195,0.0205
15.03.2020 23:15:47.426 GMT+0100,180.188,180.15599999999998,0.0195,0.0205
15.03.2020 23:15:47.561 GMT+0100,180.173,180.137,0.0195,0.0205
15.03.2020 23:15:48.663 GMT+0100,180.155,180.127,0.0195,0.0205
15.03.2020 23:15:50.530 GMT+0100,180.178,180.141,0.0195,0.0205
15.03.2020 23:15:51.456 GMT+0100,180.162,180.12,0.0195,0.0205
15.03.2020 23:15:52.632 GMT+0100,180.173,180.139,0.0195,0.0205
15.03.2020 23:15:52.953 GMT+0100,180.13,180.09099999999998,0.0195,0.0205
15.03.2020 23:15:53.781 GMT+0100,180.145,180.107,0.0195,0.0205
15.03.2020 23:15:54.007 GMT+0100,180.16,180.127,0.0195,0.0205
15.03.2020 23:15:54.935 GMT+0100,180.18599999999998,180.15599999999998,0.0195,0.0205
15.03.2020 23:15:55.912 GMT+0100,180.146,180.11,0.0195,0.0205
15.03.2020 23:15:57.125 GMT+0100,180.222,180.18400000000003,0.0195,0.0205
15.03.2020 23:15:57.269 GMT+0100,180.192,180.155,0.0195,0.0205
15.03.2020 23:15:57.604 GMT+0100,180.171,180.139,0.0195,0.0205
15.03.2020 23:15:58.783 GMT+0100,180.128,180.08900000000003,0.0195,0.0205
15.03.2020 23:15:58.834 GMT+0100,180.145,180.105,0.0195,0.0205
15.03.2020 23:16:00.271 GMT+0100,180.161,180.12400000000002,0.0195,0.0205
15.03.2020 23:16:01.104 GMT+0100,180.174,180.137,0.0195,0.0205
15.03.2020 23:16:03.617 GMT+0100,180.12400000000002,180.093,0.0195,0.0205
15.03.2020 23:16:03.718 GMT+0100,180.175,180.14000000000001,0.0195,0.0205
15.03.2020 23:16:04.198 GMT+0100,180.175,180.143,0.0195,0.0205
15.03.2020 23:16:04.785 GMT+0100,180.18599999999998,180.15599999999998,0.0195,0.0205
15.03.2020 23:16:04.904 GMT+0100,180.171,180.137,0.0195,0.0205
15.03.2020 23:16:05.787 GMT+0100,180.19,180.155,0.0195,0.0205
15.03.2020 23:16:06.562 GMT+0100,180.171,180.137,0.0195,0.0205
15.03.2020 23:16:07.340 GMT+0100,180.19299999999998,180.15400000000002,0.0195,0.0205
15.03.2020 23:16:09.667 GMT+0100,180.16,180.12,0.0195,0.0205
15.03.2020 23:16:09.776 GMT+0100,180.174,180.136,0.0195,0.0205
15.03.2020 23:16:10.069 GMT+0100,180.191,180.153,0.0195,0.0205
15.03.2020 23:16:10.576 GMT+0100,180.16,180.122,0.0195,0.0205
15.03.2020 23:16:11.766 GMT+0100,180.171,180.143,0.0195,0.0205
15.03.2020 23:16:11.936 GMT+0100,180.225,180.187,0.0195,0.0205
15.03.2020 23:16:12.245 GMT+0100,180.22400000000002,180.18400000000003,0.0195,0.0205
15.03.2020 23:16:12.397 GMT+0100,180.18900000000002,180.153,0.0195,0.0205
15.03.2020 23:16:12.511 GMT+0100,180.208,180.169,0.0195,0.0205
15.03.2020 23:16:13.744 GMT+0100,180.19,180.15200000000002,0.0195,0.0205
15.03.2020 23:16:14.125 GMT+0100,180.20900000000003,180.167,0.0195,0.0205
15.03.2020 23:16:14.584 GMT+0100,180.188,180.15599999999998,0.0195,0.0205
15.03.2020 23:16:16.775 GMT+0100,180.22299999999998,180.18400000000003,0.0195,0.0205
15.03.2020 23:16:17.132 GMT+0100,180.192,180.158,0.0195,0.0205
15.03.2020 23:16:18.312 GMT+0100,180.208,180.17000000000002,0.0195,0.0205
15.03.2020 23:16:21.103 GMT+0100,180.22,180.187,0.0195,0.0205
15.03.2020 23:16:21.431 GMT+0100,180.206,180.172,0.0195,0.0205
15.03.2020 23:16:21.690 GMT+0100,180.22400000000002,180.185,0.0195,0.0205
15.03.2020 23:16:22.050 GMT+0100,180.208,180.169,0.0195,0.0205
15.03.2020 23:16:22.795 GMT+0100,180.222,180.188,0.0195,0.0205
15.03.2020 23:16:23.551 GMT+0100,180.235,180.202,0.0195,0.0205
15.03.2020 23:16:23.613 GMT+0100,180.192,180.15099999999998,0.0195,0.0205
15.03.2020 23:16:23.847 GMT+0100,180.22299999999998,180.18400000000003,0.0195,0.0205
15.03.2020 23:16:24.494 GMT+0100,180.155,180.127,0.0195,0.0205
15.03.2020 23:16:25.263 GMT+0100,180.208,180.17000000000002,0.0195,0.0205
15.03.2020 23:16:25.787 GMT+0100,180.18900000000002,180.153,0.0195,0.0205
15.03.2020 23:16:26.395 GMT+0100,180.205,180.174,0.0195,0.0205
15.03.2020 23:16:27.903 GMT+0100,180.188,180.15599999999998,0.0195,0.0205
15.03.2020 23:16:28.346 GMT+0100,180.204,180.172,0.0195,0.0205
15.03.2020 23:16:28.973 GMT+0100,180.19299999999998,180.15599999999998,0.0195,0.0205
15.03.2020 23:16:29.637 GMT+0100,180.17700000000002,180.139,0.0195,0.0205
15.03.2020 23:16:29.790 GMT+0100,180.19299999999998,180.155,0.0195,0.0205
15.03.2020 23:16:29.864 GMT+0100,180.287,180.252,0.0195,0.0205
15.03.2020 23:16:30.369 GMT+0100,180.23700000000002,180.199,0.0195,0.0205
15.03.2020 23:16:30.557 GMT+0100,180.225,180.19,0.0195,0.0205
15.03.2020 23:16:30.794 GMT+0100,180.233,180.205,0.0195,0.0205
15.03.2020 23:16:31.700 GMT+0100,180.225,180.19,0.0195,0.0205
15.03.2020 23:16:31.971 GMT+0100,180.256,180.215,0.0195,0.0205
15.03.2020 23:16:32.126 GMT+0100,180.26500000000001,180.235,0.0195,0.0205
15.03.2020 23:16:35.550 GMT+0100,180.252,180.21599999999998,0.0195,0.0205
15.03.2020 23:16:35.919 GMT+0100,180.22299999999998,180.18400000000003,0.0195,0.0205
15.03.2020 23:16:36.792 GMT+0100,180.255,180.218,0.0195,0.0205
15.03.2020 23:16:37.559 GMT+0100,180.27200000000002,180.23,0.0195,0.0205
15.03.2020 23:16:37.791 GMT+0100,180.25099999999998,180.21400000000003,0.0195,0.0205
15.03.2020 23:16:38.293 GMT+0100,180.28,180.24599999999998,0.0195,0.0205
15.03.2020 23:16:39.551 GMT+0100,180.25400000000002,180.22099999999998,0.0195,0.0205
15.03.2020 23:16:39.862 GMT+0100,180.26500000000001,180.23700000000002,0.0195,0.0205
15.03.2020 23:16:42.124 GMT+0100,180.238,180.203,0.0195,0.0205
15.03.2020 23:16:43.363 GMT+0100,180.204,180.169,0.0195,0.0205
15.03.2020 23:16:43.829 GMT+0100,180.176,180.141,0.0195,0.0205
15.03.2020 23:16:44.081 GMT+0100,180.14700000000002,180.107,0.0195,0.0205
15.03.2020 23:16:45.837 GMT+0100,180.131,180.09599999999998,0.0195,0.0205
15.03.2020 23:16:46.070 GMT+0100,180.113,180.078,0.0195,0.0205
15.03.2020 23:16:47.021 GMT+0100,180.09599999999998,180.065,0.0195,0.0205
15.03.2020 23:16:47.785 GMT+0100,180.11200000000002,180.08,0.0195,0.0205
15.03.2020 23:16:49.661 GMT+0100,180.12400000000002,180.092,0.0195,0.0205
15.03.2020 23:16:50.458 GMT+0100,180.143,180.105,0.0196,0.0204
15.03.2020 23:16:54.074 GMT+0100,180.16,180.125,0.0196,0.0204
15.03.2020 23:16:55.426 GMT+0100,180.144,180.107,0.0196,0.0204
15.03.2020 23:16:55.879 GMT+0100,180.16,180.123,0.0196,0.0204
15.03.2020 23:16:57.618 GMT+0100,180.095,180.063,0.0196,0.0204
15.03.2020 23:17:07.275 GMT+0100,180.131,180.09599999999998,0.0196,0.0204
15.03.2020 23:17:08.280 GMT+0100,180.097,180.058,0.0196,0.0204
15.03.2020 23:17:08.402 GMT+0100,180.11,180.073,0.0196,0.0204
15.03.2020 23:17:09.486 GMT+0100,180.09599999999998,180.058,0.0196,0.0204
15.03.2020 23:17:10.111 GMT+0100,180.111,180.08,0.0196,0.0204
15.03.2020 23:17:10.227 GMT+0100,180.127,180.09400000000002,0.0196,0.0204
15.03.2020 23:17:12.458 GMT+0100,180.155,180.127,0.0196,0.0204
15.03.2020 23:17:13.554 GMT+0100,180.143,180.11,0.0196,0.0204
15.03.2020 23:17:14.707 GMT+0100,180.131,180.08900000000003,0.0196,0.0204
15.03.2020 23:17:14.831 GMT+0100,180.158,180.12,0.0196,0.0204
15.03.2020 23:17:15.246 GMT+0100,180.225,180.18400000000003,0.0196,0.0204
15.03.2020 23:17:15.547 GMT+0100,180.202,180.172,0.0196,0.0204
15.03.2020 23:17:15.656 GMT+0100,180.188,180.158,0.0196,0.0204
15.03.2020 23:17:23.274 GMT+0100,180.238,180.205,0.0196,0.0204
15.03.2020 23:17:23.425 GMT+0100,180.252,180.218,0.0196,0.0204
15.03.2020 23:17:23.548 GMT+0100,180.26700000000002,180.235,0.0196,0.0204
15.03.2020 23:17:23.599 GMT+0100,180.218,180.18599999999998,0.0196,0.0204
15.03.2020 23:17:24.172 GMT+0100,180.25099999999998,180.218,0.0196,0.0204
15.03.2020 23:17:24.469 GMT+0100,180.27200000000002,180.235,0.0196,0.0204
15.03.2020 23:17:24.775 GMT+0100,180.282,180.247,0.0196,0.0204
15.03.2020 23:17:24.941 GMT+0100,180.271,180.231,0.0196,0.0204
15.03.2020 23:17:26.657 GMT+0100,180.253,180.215,0.0196,0.0204
15.03.2020 23:17:27.367 GMT+0100,180.225,180.19,0.0196,0.0204
15.03.2020 23:17:27.706 GMT+0100,180.235,180.201,0.0196,0.0204
15.03.2020 23:17:29.373 GMT+0100,180.256,180.21900000000002,0.0196,0.0204
15.03.2020 23:17:29.656 GMT+0100,180.236,180.205,0.0196,0.0204
15.03.2020 23:17:30.549 GMT+0100,180.225,180.188,0.0196,0.0204
15.03.2020 23:17:30.645 GMT+0100,180.191,180.15400000000002,0.0196,0.0204
15.03.2020 23:17:31.551 GMT+0100,180.15900000000002,180.12,0.0196,0.0204
15.03.2020 23:17:32.551 GMT+0100,180.144,180.108,0.0196,0.0204
15.03.2020 23:17:35.520 GMT+0100,180.12400000000002,180.093,0.0196,0.0204
15.03.2020 23:17:35.624 GMT+0100,180.113,180.08,0.0196,0.0204
15.03.2020 23:17:36.621 GMT+0100,180.081,180.046,0.0196,0.0204
15.03.2020 23:17:39.506 GMT+0100,180.108,180.074,0.0196,0.0204
15.03.2020 23:17:39.819 GMT+0100,180.09900000000002,180.065,0.0196,0.0204
15.03.2020 23:17:40.078 GMT+0100,180.11,180.077,0.0196,0.0204
15.03.2020 23:17:41.265 GMT+0100,180.127,180.09400000000002,0.0196,0.0204
15.03.2020 23:17:41.847 GMT+0100,180.14000000000001,180.107,0.0196,0.0204
15.03.2020 23:17:42.522 GMT+0100,180.155,180.123,0.0196,0.0204
15.03.2020 23:17:42.720 GMT+0100,180.17700000000002,180.139,0.0196,0.0204
15.03.2020 23:17:46.355 GMT+0100,180.065,180.03,0.0196,0.0204
15.03.2020 23:17:47.205 GMT+0100,180.08,180.047,0.0196,0.0204
15.03.2020 23:17:48.547 GMT+0100,180.15900000000002,180.12099999999998,0.0196,0.0204
15.03.2020 23:17:48.718 GMT+0100,180.145,180.108,0.0196,0.0204
15.03.2020 23:17:51.173 GMT+0100,180.13,180.08900000000003,0.0196,0.0204
15.03.2020 23:17:52.216 GMT+0100,180.146,180.108,0.0196,0.0204
15.03.2020 23:17:52.691 GMT+0100,180.161,180.123,0.0196,0.0204
15.03.2020 23:17:52.804 GMT+0100,180.14700000000002,180.11200000000002,0.0196,0.0204
15.03.2020 23:17:53.553 GMT+0100,180.155,180.123,0.0196,0.0204
15.03.2020 23:17:53.978 GMT+0100,180.14000000000001,180.106,0.0196,0.0204
15.03.2020 23:17:56.230 GMT+0100,180.157,180.12,0.0196,0.0204
15.03.2020 23:17:57.941 GMT+0100,180.173,180.141,0.0196,0.0204
15.03.2020 23:17:58.732 GMT+0100,180.162,180.12099999999998,0.0196,0.0204
15.03.2020 23:17:59.408 GMT+0100,180.162,180.127,0.0196,0.0204
15.03.2020 23:17:59.558 GMT+0100,180.128,180.092,0.0196,0.0204
15.03.2020 23:17:59.627 GMT+0100,180.09599999999998,180.058,0.0196,0.0204
15.03.2020 23:18:00.136 GMT+0100,180.108,180.077,0.0196,0.0204
15.03.2020 23:18:01.199 GMT+0100,180.12599999999998,180.09599999999998,0.0196,0.0204
15.03.2020 23:18:01.768 GMT+0100,180.145,180.108,0.0196,0.0204
15.03.2020 23:18:02.516 GMT+0100,180.11200000000002,180.074,0.0196,0.0204
15.03.2020 23:18:05.510 GMT+0100,180.14700000000002,180.108,0.0196,0.0204
15.03.2020 23:18:07.749 GMT+0100,180.15900000000002,180.12,0.0196,0.0204
15.03.2020 23:18:09.242 GMT+0100,180.175,180.136,0.0196,0.0204
15.03.2020 23:18:13.674 GMT+0100,180.192,180.15400000000002,0.0196,0.0204
15.03.2020 23:18:15.217 GMT+0100,180.175,180.136,0.0196,0.0204
15.03.2020 23:18:16.958 GMT+0100,180.15900000000002,180.125,0.0196,0.0204
15.03.2020 23:18:20.662 GMT+0100,180.115,180.077,0.0196,0.0204
15.03.2020 23:18:21.370 GMT+0100,180.093,180.062,0.0196,0.0204
15.03.2020 23:18:23.132 GMT+0100,180.06799999999998,180.028,0.0196,0.0204
15.03.2020 23:18:23.233 GMT+0100,180.114,180.07500000000002,0.0196,0.0204
15.03.2020 23:18:23.283 GMT+0100,180.17700000000002,180.139,0.0196,0.0204
15.03.2020 23:18:23.548 GMT+0100,180.144,180.108,0.0196,0.0204
15.03.2020 23:18:25.423 GMT+0100,180.128,180.092,0.0196,0.0204
15.03.2020 23:18:26.734 GMT+0100,180.144,180.105,0.0196,0.0204
15.03.2020 23:18:26.935 GMT+0100,180.131,180.08900000000003,0.0196,0.0204
15.03.2020 23:18:27.164 GMT+0100,180.115,180.076,0.0196,0.0204
15.03.2020 23:18:32.524 GMT+0100,180.14000000000001,180.109,0.0196,0.0204
15.03.2020 23:18:33.198 GMT+0100,180.162,180.12400000000002,0.0196,0.0204
15.03.2020 23:18:33.254 GMT+0100,180.19299999999998,180.15400000000002,0.0196,0.0204
15.03.2020 23:18:33.548 GMT+0100,180.22400000000002,180.187,0.0196,0.0204
15.03.2020 23:18:33.681 GMT+0100,180.20700000000002,180.172,0.0196,0.0204
15.03.2020 23:18:34.879 GMT+0100,180.192,180.15200000000002,0.0196,0.0204
15.03.2020 23:18:35.105 GMT+0100,180.205,180.167,0.0196,0.0204
15.03.2020 23:18:36.879 GMT+0100,180.15900000000002,180.122,0.0196,0.0204
15.03.2020 23:18:40.343 GMT+0100,180.191,180.153,0.0196,0.0204
15.03.2020 23:18:40.649 GMT+0100,180.208,180.172,0.0196,0.0204
15.03.2020 23:18:46.072 GMT+0100,180.188,180.155,0.0199,0.0201
15.03.2020 23:18:46.834 GMT+0100,180.222,180.185,0.0199,0.0201
15.03.2020 23:18:47.029 GMT+0100,180.256,180.21400000000003,0.0199,0.0201
15.03.2020 23:18:48.550 GMT+0100,180.238,180.20000000000002,0.0199,0.0201
15.03.2020 23:18:49.350 GMT+0100,180.157,180.12400000000002,0.0199,0.0201
15.03.2020 23:18:52.210 GMT+0100,180.13,180.09599999999998,0.0199,0.0201
15.03.2020 23:18:53.809 GMT+0100,180.15900000000002,180.125,0.0199,0.0201
15.03.2020 23:18:59.550 GMT+0100,180.171,180.143,0.0199,0.0201
15.03.2020 23:19:01.681 GMT+0100,180.157,180.127,0.0199,0.0201
15.03.2020 23:19:02.063 GMT+0100,180.146,180.109,0.0199,0.0201
15.03.2020 23:19:02.460 GMT+0100,180.15900000000002,180.12,0.0199,0.0201
15.03.2020 23:19:02.841 GMT+0100,180.171,180.14000000000001,0.0199,0.0201
15.03.2020 23:19:04.118 GMT+0100,180.157,180.12400000000002,0.0199,0.0201
15.03.2020 23:19:04.517 GMT+0100,180.12599999999998,180.093,0.0199,0.0201
15.03.2020 23:19:05.548 GMT+0100,180.108,180.08,0.0199,0.0201
15.03.2020 23:19:05.706 GMT+0100,180.13,180.08900000000003,0.0199,0.0201
15.03.2020 23:19:06.163 GMT+0100,180.15900000000002,180.12400000000002,0.0199,0.0201
15.03.2020 23:19:08.599 GMT+0100,180.143,180.106,0.0199,0.0201
15.03.2020 23:19:08.708 GMT+0100,180.19299999999998,180.153,0.0199,0.0201
15.03.2020 23:19:08.959 GMT+0100,180.208,180.168,0.0199,0.0201
15.03.2020 23:19:09.249 GMT+0100,180.218,180.18599999999998,0.0199,0.0201
15.03.2020 23:19:09.691 GMT+0100,180.19,180.155,0.0199,0.0201
15.03.2020 23:19:10.743 GMT+0100,180.155,180.125,0.0199,0.0201
15.03.2020 23:19:10.961 GMT+0100,180.12599999999998,180.09,0.0199,0.0201
15.03.2020 23:19:11.240 GMT+0100,180.113,180.074,0.0199,0.0201
15.03.2020 23:19:11.487 GMT+0100,180.108,180.08,0.0199,0.0201
15.03.2020 23:19:11.965 GMT+0100,180.131,180.09400000000002,0.0199,0.0201
15.03.2020 23:19:12.485 GMT+0100,180.176,180.141,0.0199,0.0201
15.03.2020 23:19:12.961 GMT+0100,180.173,180.143,0.0199,0.0201
15.03.2020 23:19:13.227 GMT+0100,180.188,180.155,0.0199,0.0201
15.03.2020 23:19:13.553 GMT+0100,180.17700000000002,180.138,0.0199,0.0201
15.03.2020 23:19:14.187 GMT+0100,180.157,180.12,0.0199,0.0201
15.03.2020 23:19:14.477 GMT+0100,180.14200000000002,180.107,0.0199,0.0201
15.03.2020 23:19:16.962 GMT+0100,180.157,180.12,0.0199,0.0201
15.03.2020 23:19:17.657 GMT+0100,180.178,180.14000000000001,0.0199,0.0201
15.03.2020 23:19:18.099 GMT+0100,180.191,180.153,0.0199,0.0201
15.03.2020 23:19:18.210 GMT+0100,180.204,180.172,0.0199,0.0201
15.03.2020 23:19:21.550 GMT+0100,180.191,180.155,0.0199,0.0201
15.03.2020 23:19:22.553 GMT+0100,180.162,180.12,0.0199,0.0201
15.03.2020 23:19:22.928 GMT+0100,180.174,180.137,0.0199,0.0201
15.03.2020 23:19:23.473 GMT+0100,180.188,180.15200000000002,0.0199,0.0201
15.03.2020 23:19:24.186 GMT+0100,180.171,180.138,0.0199,0.0201
15.03.2020 23:19:26.774 GMT+0100,180.191,180.15200000000002,0.0199,0.0201
15.03.2020 23:19:28.668 GMT+0100,180.202,180.167,0.0199,0.0201
15.03.2020 23:19:31.279 GMT+0100,180.218,180.185,0.0199,0.0201
15.03.2020 23:19:31.405 GMT+0100,180.233,180.201,0.0199,0.0201
15.03.2020 23:19:33.238 GMT+0100,180.25099999999998,180.218,0.0199,0.0201
15.03.2020 23:19:35.075 GMT+0100,180.283,180.245,0.0199,0.0201
15.03.2020 23:19:35.417 GMT+0100,180.253,180.22099999999998,0.0199,0.0201
15.03.2020 23:19:35.971 GMT+0100,180.238,180.199,0.0199,0.0201
15.03.2020 23:19:37.913 GMT+0100,180.27,180.234,0.0199,0.0201
15.03.2020 23:19:39.127 GMT+0100,180.285,180.248,0.0199,0.0201
15.03.2020 23:19:39.672 GMT+0100,180.25400000000002,180.218,0.0199,0.0201
15.03.2020 23:19:54.047 GMT+0100,180.27200000000002,180.232,0.0199,0.0201
15.03.2020 23:19:55.768 GMT+0100,180.285,180.247,0.0199,0.0201
15.03.2020 23:20:00.146 GMT+0100,180.333,180.296,0.0199,0.0201
15.03.2020 23:20:01.178 GMT+0100,180.34599999999998,180.31099999999998,0.0199,0.0201
15.03.2020 23:20:08.106 GMT+0100,180.37900000000002,180.34,0.0199,0.0201
15.03.2020 23:20:12.549 GMT+0100,180.411,180.375,0.0199,0.0201
15.03.2020 23:20:12.742 GMT+0100,180.396,180.356,0.0199,0.0201
15.03.2020 23:20:13.163 GMT+0100,180.407,180.375,0.0199,0.0201
15.03.2020 23:20:14.375 GMT+0100,180.425,180.391,0.0199,0.0201
15.03.2020 23:20:14.774 GMT+0100,180.442,180.403,0.0199,0.0201
15.03.2020 23:20:17.102 GMT+0100,180.428,180.386,0.0199,0.0201
15.03.2020 23:20:17.421 GMT+0100,180.43900000000002,180.40400000000002,0.0199,0.0201
15.03.2020 23:20:17.802 GMT+0100,180.455,180.422,0.0199,0.0201
15.03.2020 23:20:21.487 GMT+0100,180.411,180.373,0.0199,0.0201
15.03.2020 23:20:30.815 GMT+0100,180.441,180.403,0.0199,0.0201
15.03.2020 23:20:30.919 GMT+0100,180.423,180.391,0.0199,0.0201
15.03.2020 23:20:31.376 GMT+0100,180.407,180.37400000000002,0.0199,0.0201
15.03.2020 23:20:32.577 GMT+0100,180.361,180.326,0.0199,0.0201
15.03.2020 23:20:32.888 GMT+0100,180.37900000000002,180.34400000000002,0.0199,0.0201
15.03.2020 23:20:42.458 GMT+0100,180.396,180.357,0.0199,0.0201
15.03.2020 23:20:45.949 GMT+0100,180.407,180.377,0.0199,0.0201
15.03.2020 23:20:49.346 GMT+0100,180.39700000000002,180.357,0.0199,0.0201
15.03.2020 23:20:51.601 GMT+0100,180.37900000000002,180.34599999999998,0.0199,0.0201
15.03.2020 23:20:52.000 GMT+0100,180.39200000000002,180.359,0.0199,0.0201
15.03.2020 23:20:54.275 GMT+0100,180.378,180.34599999999998,0.0199,0.0201
15.03.2020 23:20:54.692 GMT+0100,180.36,180.327,0.0199,0.0201
15.03.2020 23:20:56.381 GMT+0100,180.34900000000002,180.312,0.0199,0.0201
15.03.2020 23:20:57.179 GMT+0100,180.331,180.292,0.0199,0.0201
15.03.2020 23:20:57.743 GMT+0100,180.315,180.28099999999998,0.0199,0.0201
15.03.2020 23:20:59.880 GMT+0100,180.33,180.297,0.0199,0.0201
15.03.2020 23:21:02.362 GMT+0100,180.30200000000002,180.26500000000001,0.0199,0.0201
15.03.2020 23:21:02.464 GMT+0100,180.31799999999998,180.283,0.0199,0.0201
15.03.2020 23:21:03.042 GMT+0100,180.301,180.262,0.0199,0.0201
15.03.2020 23:21:03.903 GMT+0100,180.28,180.248,0.0199,0.0201
15.03.2020 23:21:06.092 GMT+0100,180.34599999999998,180.31,0.0199,0.0201
15.03.2020 23:21:15.742 GMT+0100,180.361,180.326,0.0199,0.0201
15.03.2020 23:21:16.486 GMT+0100,180.39000000000001,180.36200000000002,0.0199,0.0201
15.03.2020 23:21:17.634 GMT+0100,180.377,180.34,0.0199,0.0201
15.03.2020 23:21:18.203 GMT+0100,180.393,180.36,0.0199,0.0201
15.03.2020 23:21:18.978 GMT+0100,180.40900000000002,180.372,0.0199,0.0201
15.03.2020 23:21:34.750 GMT+0100,180.378,180.342,0.0199,0.0201
15.03.2020 23:21:44.625 GMT+0100,180.394,180.358,0.0199,0.0201
15.03.2020 23:21:46.914 GMT+0100,180.378,180.33900000000003,0.0199,0.0201
15.03.2020 23:21:52.001 GMT+0100,180.408,180.373,0.0199,0.0201
15.03.2020 23:21:52.465 GMT+0100,180.39700000000002,180.359,0.0199,0.0201
15.03.2020 23:21:55.520 GMT+0100,180.378,180.34,0.0199,0.0201
15.03.2020 23:21:55.742 GMT+0100,180.378,180.34400000000002,0.0199,0.0201
15.03.2020 23:22:04.052 GMT+0100,180.34900000000002,180.315,0.0199,0.0201
15.03.2020 23:22:10.678 GMT+0100,180.315,180.283,0.0199,0.0201
15.03.2020 23:22:10.827 GMT+0100,180.34900000000002,180.31,0.0199,0.0201
15.03.2020 23:22:25.932 GMT+0100,180.316,180.27599999999998,0.0199,0.0201
15.03.2020 23:22:26.694 GMT+0100,180.31400000000002,180.278,0.0199,0.0201
15.03.2020 23:22:30.043 GMT+0100,180.345,180.313,0.0199,0.0201
15.03.2020 23:22:30.171 GMT+0100,180.34599999999998,180.315,0.0199,0.0201
15.03.2020 23:23:19.523 GMT+0100,180.381,180.33900000000003,0.0199,0.0201
15.03.2020 23:23:19.649 GMT+0100,180.358,180.327,0.0199,0.0201
15.03.2020 23:23:21.937 GMT+0100,180.345,180.315,0.0199,0.0201
15.03.2020 23:23:22.269 GMT+0100,180.36,180.323,0.0199,0.0201
15.03.2020 23:23:22.399 GMT+0100,180.343,180.315,0.0199,0.0201
15.03.2020 23:23:23.225 GMT+0100,180.34799999999998,180.31,0.0199,0.0201
15.03.2020 23:23:31.990 GMT+0100,180.345,180.31099999999998,0.0199,0.0201
15.03.2020 23:23:32.474 GMT+0100,180.33400000000003,180.293,0.0199,0.0201
15.03.2020 23:23:33.351 GMT+0100,180.329,180.29500000000002,0.0199,0.0201
15.03.2020 23:23:33.607 GMT+0100,180.34799999999998,180.315,0.0199,0.0201
15.03.2020 23:23:34.232 GMT+0100,180.345,180.308,0.0199,0.0201
15.03.2020 23:23:40.501 GMT+0100,180.331,180.292,0.0199,0.0201
15.03.2020 23:23:40.687 GMT+0100,180.345,180.30900000000003,0.0199,0.0201
15.03.2020 23:23:47.078 GMT+0100,180.33,180.297,0.0199,0.0201
15.03.2020 23:23:49.949 GMT+0100,180.315,180.278,0.0199,0.0201
15.03.2020 23:23:51.866 GMT+0100,180.329,180.299,0.0199,0.0201
15.03.2020 23:23:57.364 GMT+0100,180.347,180.315,0.0199,0.0201
15.03.2020 23:23:59.278 GMT+0100,180.34599999999998,180.313,0.0199,0.0201
15.03.2020 23:24:15.826 GMT+0100,180.331,180.292,0.0199,0.0201
15.03.2020 23:24:16.604 GMT+0100,180.313,180.27700000000002,0.0199,0.0201
15.03.2020 23:24:17.676 GMT+0100,180.33,180.297,0.0199,0.0201
15.03.2020 23:24:19.773 GMT+0100,180.34799999999998,180.31099999999998,0.0199,0.0201
15.03.2020 23:24:22.636 GMT+0100,180.34900000000002,180.308,0.0199,0.0201
15.03.2020 23:24:30.963 GMT+0100,180.31400000000002,180.28,0.0199,0.0201
15.03.2020 23:24:31.218 GMT+0100,180.317,180.28099999999998,0.0199,0.0201
15.03.2020 23:24:35.687 GMT+0100,180.3,180.264,0.0199,0.0201
15.03.2020 23:24:35.933 GMT+0100,180.301,180.261,0.0199,0.0201
15.03.2020 23:24:36.685 GMT+0100,180.286,180.25,0.0199,0.0201
15.03.2020 23:24:40.551 GMT+0100,180.252,180.218,0.0199,0.0201
15.03.2020 23:24:40.611 GMT+0100,180.12400000000002,180.09599999999998,0.0199,0.0201
15.03.2020 23:24:40.915 GMT+0100,180.115,180.077,0.0199,0.0201
15.03.2020 23:24:41.754 GMT+0100,180.143,180.106,0.0199,0.0201
15.03.2020 23:24:41.910 GMT+0100,180.158,180.12400000000002,0.0199,0.0201
15.03.2020 23:24:44.233 GMT+0100,180.188,180.15599999999998,0.0199,0.0201
15.03.2020 23:24:45.148 GMT+0100,180.162,180.12400000000002,0.0199,0.0201
15.03.2020 23:24:45.371 GMT+0100,180.12599999999998,180.09599999999998,0.0199,0.0201
15.03.2020 23:24:45.648 GMT+0100,180.162,180.123,0.0199,0.0201
15.03.2020 23:24:46.355 GMT+0100,180.175,180.137,0.0199,0.0201
15.03.2020 23:24:46.482 GMT+0100,180.157,180.123,0.0199,0.0201
15.03.2020 23:24:47.429 GMT+0100,180.19,180.155,0.0199,0.0201
15.03.2020 23:24:51.732 GMT+0100,180.174,180.139,0.0199,0.0201
15.03.2020 23:24:53.116 GMT+0100,180.16,180.127,0.0199,0.0201
15.03.2020 23:24:54.564 GMT+0100,180.144,180.107,0.0199,0.0201
15.03.2020 23:24:55.242 GMT+0100,180.161,180.122,0.0199,0.0201
15.03.2020 23:25:01.439 GMT+0100,180.127,180.09,0.0199,0.0201
15.03.2020 23:25:01.628 GMT+0100,180.09900000000002,180.063,0.0199,0.0201
15.03.2020 23:25:05.799 GMT+0100,180.065,180.02900000000002,0.0199,0.0201
15.03.2020 23:25:05.895 GMT+0100,180.1,180.05900000000003,0.0199,0.0201
15.03.2020 23:25:06.147 GMT+0100,180.063,180.02900000000002,0.0199,0.0201
15.03.2020 23:25:07.993 GMT+0100,180.06400000000002,180.03099999999998,0.0199,0.0201
15.03.2020 23:25:12.521 GMT+0100,180.03,180,0.0199,0.0201
15.03.2020 23:25:12.687 GMT+0100,180.032,179.99599999999998,0.0199,0.0201
15.03.2020 23:25:12.786 GMT+0100,180.037,179.997,0.0199,0.0201
15.03.2020 23:25:18.071 GMT+0100,180.035,179.997,0.0199,0.0201
15.03.2020 23:25:20.514 GMT+0100,180.049,180.013,0.0199,0.0201
15.03.2020 23:25:20.741 GMT+0100,180.035,179.99900000000002,0.0199,0.0201
15.03.2020 23:25:21.007 GMT+0100,180.021,179.985,0.0199,0.0201
15.03.2020 23:25:21.346 GMT+0100,180.005,179.96400000000003,0.0199,0.0201
15.03.2020 23:25:22.497 GMT+0100,179.97299999999998,179.94,0.0199,0.0201
15.03.2020 23:25:23.675 GMT+0100,179.94299999999998,179.90200000000002,0.0199,0.0201
15.03.2020 23:25:24.987 GMT+0100,179.925,179.888,0.0199,0.0201
15.03.2020 23:25:25.177 GMT+0100,179.908,179.87099999999998,0.0199,0.0201
15.03.2020 23:25:26.586 GMT+0100,179.863,179.826,0.0199,0.0201
15.03.2020 23:25:28.059 GMT+0100,179.843,179.808,0.0199,0.0201
15.03.2020 23:25:29.192 GMT+0100,179.813,179.778,0.0199,0.0201
15.03.2020 23:25:29.388 GMT+0100,179.83200000000002,179.796,0.0199,0.0201
15.03.2020 23:25:32.876 GMT+0100,179.81099999999998,179.77700000000002,0.0199,0.0201
15.03.2020 23:25:33.521 GMT+0100,179.84599999999998,179.815,0.0199,0.0201
15.03.2020 23:25:35.052 GMT+0100,179.861,179.824,0.0199,0.0201
15.03.2020 23:25:35.450 GMT+0100,179.87400000000002,179.84599999999998,0.0199,0.0201
15.03.2020 23:25:38.256 GMT+0100,179.942,179.908,0.0199,0.0201
15.03.2020 23:25:38.435 GMT+0100,179.94,179.908,0.0199,0.0201
15.03.2020 23:25:39.168 GMT+0100,179.954,179.917,0.0199,0.0201
15.03.2020 23:25:41.278 GMT+0100,179.968,179.93599999999998,0.0199,0.0201
15.03.2020 23:25:41.832 GMT+0100,179.97,179.937,0.0199,0.0201
15.03.2020 23:25:51.381 GMT+0100,179.954,179.92000000000002,0.0199,0.0201
15.03.2020 23:25:51.531 GMT+0100,179.954,179.917,0.0199,0.0201
15.03.2020 23:25:51.889 GMT+0100,180.00099999999998,179.96900000000002,0.0199,0.0201
15.03.2020 23:25:52.044 GMT+0100,179.99900000000002,179.96400000000003,0.0199,0.0201
15.03.2020 23:25:56.584 GMT+0100,180.03,179.99599999999998,0.0199,0.0201
15.03.2020 23:26:02.654 GMT+0100,180.06099999999998,180.03,0.0199,0.0201
15.03.2020 23:26:03.582 GMT+0100,180.033,179.995,0.0199,0.0201
15.03.2020 23:26:05.943 GMT+0100,180.067,180.033,0.0199,0.0201
15.03.2020 23:26:06.072 GMT+0100,180.02,179.984,0.0199,0.0201
15.03.2020 23:26:07.085 GMT+0100,180.00400000000002,179.96900000000002,0.0199,0.0201
15.03.2020 23:26:08.256 GMT+0100,179.954,179.919,0.0199,0.0201
15.03.2020 23:26:08.821 GMT+0100,179.94,179.90599999999998,0.0199,0.0201
15.03.2020 23:26:41.437 GMT+0100,179.907,179.877,0.0199,0.0201
15.03.2020 23:26:41.680 GMT+0100,179.89200000000002,179.857,0.0199,0.0201
15.03.2020 23:26:42.302 GMT+0100,179.87599999999998,179.84099999999998,0.0199,0.0201
15.03.2020 23:26:43.933 GMT+0100,179.896,179.856,0.0199,0.0201
15.03.2020 23:26:51.133 GMT+0100,179.87900000000002,179.84599999999998,0.0199,0.0201
15.03.2020 23:26:53.233 GMT+0100,179.86,179.823,0.0199,0.0201
15.03.2020 23:27:00.505 GMT+0100,179.84599999999998,179.808,0.0199,0.0201
15.03.2020 23:27:13.062 GMT+0100,179.827,179.79500000000002,0.0199,0.0201
15.03.2020 23:27:13.130 GMT+0100,179.78,179.747,0.0199,0.0201
15.03.2020 23:27:14.539 GMT+0100,179.768,179.733,0.0199,0.0201
15.03.2020 23:27:15.392 GMT+0100,179.75099999999998,179.715,0.0199,0.0201
15.03.2020 23:27:15.543 GMT+0100,179.73700000000002,179.703,0.0199,0.0201
15.03.2020 23:27:17.589 GMT+0100,179.72,179.685,0.0199,0.0201
15.03.2020 23:27:18.161 GMT+0100,179.73700000000002,179.70000000000002,0.0199,0.0201
15.03.2020 23:27:18.267 GMT+0100,179.718,179.683,0.0199,0.0201
15.03.2020 23:27:19.948 GMT+0100,179.74,179.699,0.0199,0.0201
15.03.2020 23:27:20.368 GMT+0100,179.718,179.688,0.0199,0.0201
15.03.2020 23:27:21.022 GMT+0100,179.733,179.702,0.0199,0.0201
15.03.2020 23:27:22.400 GMT+0100,179.702,179.669,0.0199,0.0201
15.03.2020 23:27:22.511 GMT+0100,179.69,179.655,0.0199,0.0201
15.03.2020 23:27:26.125 GMT+0100,179.671,179.636,0.0199,0.0201
15.03.2020 23:27:26.345 GMT+0100,179.756,179.72099999999998,0.0199,0.0201
15.03.2020 23:27:26.409 GMT+0100,179.708,179.67000000000002,0.0199,0.0201
15.03.2020 23:27:27.259 GMT+0100,179.72099999999998,179.68599999999998,0.0199,0.0201
15.03.2020 23:27:36.070 GMT+0100,179.705,179.667,0.0199,0.0201
15.03.2020 23:27:36.596 GMT+0100,179.69,179.65200000000002,0.0199,0.0201
15.03.2020 23:27:37.939 GMT+0100,179.662,179.623,0.0199,0.0201
15.03.2020 23:27:38.680 GMT+0100,179.688,179.65400000000002,0.0199,0.0201
15.03.2020 23:27:43.433 GMT+0100,179.675,179.643,0.0199,0.0201
15.03.2020 23:27:44.374 GMT+0100,179.661,179.622,0.0199,0.0201
15.03.2020 23:27:49.174 GMT+0100,179.67700000000002,179.637,0.0199,0.0201
15.03.2020 23:27:50.034 GMT+0100,179.655,179.623,0.0199,0.0201
15.03.2020 23:27:51.270 GMT+0100,179.643,179.606,0.0199,0.0201
15.03.2020 23:27:51.981 GMT+0100,179.62599999999998,179.593,0.0199,0.0201
15.03.2020 23:27:52.548 GMT+0100,179.646,179.608,0.0199,0.0201
15.03.2020 23:27:52.945 GMT+0100,179.63,179.59400000000002,0.0199,0.0201
15.03.2020 23:27:53.388 GMT+0100,179.61,179.578,0.0199,0.0201
15.03.2020 23:27:54.307 GMT+0100,179.645,179.609,0.0199,0.0201
15.03.2020 23:27:56.966 GMT+0100,179.627,179.592,0.0199,0.0201
15.03.2020 23:27:58.154 GMT+0100,179.615,179.576,0.0199,0.0201
15.03.2020 23:27:58.663 GMT+0100,179.631,179.593,0.0199,0.0201
15.03.2020 23:28:00.416 GMT+0100,179.59900000000002,179.562,0.0199,0.0201
15.03.2020 23:28:02.232 GMT+0100,179.55200000000002,179.516,0.0199,0.0201
15.03.2020 23:28:08.370 GMT+0100,179.502,179.467,0.0199,0.0201
15.03.2020 23:28:10.324 GMT+0100,179.361,179.328,0.0199,0.0201
15.03.2020 23:28:10.584 GMT+0100,179.315,179.27900000000002,0.0199,0.0201
15.03.2020 23:28:10.750 GMT+0100,179.34799999999998,179.308,0.0199,0.0201
15.03.2020 23:28:12.439 GMT+0100,179.33400000000003,179.29500000000002,0.0199,0.0201
15.03.2020 23:28:12.566 GMT+0100,179.31099999999998,179.278,0.0199,0.0201
15.03.2020 23:28:12.813 GMT+0100,179.33200000000002,179.299,0.0199,0.0201
15.03.2020 23:28:13.598 GMT+0100,179.31099999999998,179.27700000000002,0.0199,0.0201
15.03.2020 23:28:13.758 GMT+0100,179.33400000000003,179.299,0.0199,0.0201
15.03.2020 23:28:14.867 GMT+0100,179.316,179.27599999999998,0.0199,0.0201
15.03.2020 23:28:15.995 GMT+0100,179.327,179.292,0.0199,0.0201
15.03.2020 23:28:16.281 GMT+0100,179.31099999999998,179.28,0.0199,0.0201
15.03.2020 23:28:18.464 GMT+0100,179.35,179.308,0.0199,0.0201
15.03.2020 23:28:18.729 GMT+0100,179.36200000000002,179.32500000000002,0.0199,0.0201
15.03.2020 23:28:21.625 GMT+0100,179.343,179.313,0.0199,0.0201
15.03.2020 23:28:22.215 GMT+0100,179.331,179.29500000000002,0.0199,0.0201
15.03.2020 23:28:23.657 GMT+0100,179.34900000000002,179.308,0.0199,0.0201
15.03.2020 23:28:26.013 GMT+0100,179.331,179.29500000000002,0.0199,0.0201
15.03.2020 23:28:26.930 GMT+0100,179.313,179.278,0.0199,0.0201
15.03.2020 23:28:27.284 GMT+0100,179.34900000000002,179.312,0.0199,0.0201
15.03.2020 23:28:38.431 GMT+0100,179.365,179.328,0.0199,0.0201
15.03.2020 23:28:40.627 GMT+0100,179.396,179.356,0.0199,0.0201
15.03.2020 23:28:42.066 GMT+0100,179.393,179.355,0.0199,0.0201
15.03.2020 23:28:44.938 GMT+0100,179.456,179.422,0.0199,0.0201
15.03.2020 23:28:53.463 GMT+0100,179.47299999999998,179.435,0.0199,0.0201
15.03.2020 23:28:53.638 GMT+0100,179.48700000000002,179.455,0.0199,0.0201
15.03.2020 23:28:55.120 GMT+0100,179.505,179.46400000000003,0.0199,0.0201
15.03.2020 23:28:57.006 GMT+0100,179.472,179.437,0.0199,0.0201
15.03.2020 23:28:57.221 GMT+0100,179.486,179.451,0.0199,0.0201
15.03.2020 23:28:59.693 GMT+0100,179.50400000000002,179.467,0.0199,0.0201
15.03.2020 23:28:59.878 GMT+0100,179.51500000000001,179.484,0.0199,0.0201
15.03.2020 23:29:00.125 GMT+0100,179.502,179.47099999999998,0.0199,0.0201
15.03.2020 23:29:00.623 GMT+0100,179.49,179.452,0.0199,0.0201
15.03.2020 23:29:05.126 GMT+0100,179.44,179.403,0.0199,0.0201
15.03.2020 23:29:05.352 GMT+0100,179.475,179.43599999999998,0.0199,0.0201
15.03.2020 23:29:05.788 GMT+0100,179.455,179.421,0.0199,0.0201
15.03.2020 23:29:10.592 GMT+0100,179.475,179.435,0.0199,0.0201
15.03.2020 23:29:24.193 GMT+0100,179.452,179.417,0.0199,0.0201
15.03.2020 23:29:24.743 GMT+0100,179.442,179.40200000000002,0.0199,0.0201
15.03.2020 23:29:26.271 GMT+0100,179.426,179.393,0.0199,0.0201
15.03.2020 23:29:27.594 GMT+0100,179.428,179.388,0.0199,0.0201
15.03.2020 23:29:27.790 GMT+0100,179.40900000000002,179.373,0.0199,0.0201
15.03.2020 23:29:28.360 GMT+0100,179.426,179.386,0.0199,0.0201
15.03.2020 23:29:29.400 GMT+0100,179.411,179.37400000000002,0.0199,0.0201
15.03.2020 23:29:29.845 GMT+0100,179.421,179.386,0.0199,0.0201
15.03.2020 23:29:30.113 GMT+0100,179.40900000000002,179.377,0.0199,0.0201
15.03.2020 23:29:30.230 GMT+0100,179.42700000000002,179.388,0.0199,0.0201
15.03.2020 23:29:30.356 GMT+0100,179.407,179.373,0.0199,0.0201
15.03.2020 23:29:32.309 GMT+0100,179.423,179.391,0.0199,0.0201
15.03.2020 23:29:32.683 GMT+0100,179.42700000000002,179.386,0.0199,0.0201
15.03.2020 23:29:42.373 GMT+0100,179.40900000000002,179.373,0.0199,0.0201
15.03.2020 23:29:42.744 GMT+0100,179.411,179.375,0.0199,0.0201
15.03.2020 23:29:42.876 GMT+0100,179.425,179.389,0.0199,0.0201
15.03.2020 23:29:43.201 GMT+0100,179.41,179.377,0.0199,0.0201
15.03.2020 23:29:45.718 GMT+0100,179.408,179.37099999999998,0.0199,0.0201
15.03.2020 23:29:48.691 GMT+0100,179.421,179.388,0.0199,0.0201
15.03.2020 23:29:48.928 GMT+0100,179.424,179.388,0.0199,0.0201
15.03.2020 23:29:52.135 GMT+0100,179.428,179.391,0.0199,0.0201
15.03.2020 23:29:53.130 GMT+0100,179.438,179.408,0.0199,0.0201
15.03.2020 23:30:00.880 GMT+0100,179.502,179.465,0.0199,0.0201
15.03.2020 23:30:02.412 GMT+0100,179.47,179.43599999999998,0.0199,0.0201
15.03.2020 23:30:12.087 GMT+0100,179.455,179.424,0.0199,0.0201
15.03.2020 23:30:12.695 GMT+0100,179.47,179.433,0.0199,0.0201
15.03.2020 23:30:13.169 GMT+0100,179.441,179.40400000000002,0.0199,0.0201
15.03.2020 23:30:13.332 GMT+0100,179.455,179.424,0.0199,0.0201
15.03.2020 23:30:16.206 GMT+0100,179.43599999999998,179.40599999999998,0.0199,0.0201
15.03.2020 23:30:23.296 GMT+0100,179.50400000000002,179.468,0.0199,0.0201
15.03.2020 23:30:23.538 GMT+0100,179.45900000000003,179.419,0.0199,0.0201
15.03.2020 23:30:24.758 GMT+0100,179.438,179.40200000000002,0.0199,0.0201
15.03.2020 23:30:37.025 GMT+0100,179.408,179.37400000000002,0.0199,0.0201
15.03.2020 23:30:44.539 GMT+0100,179.39000000000001,179.36,0.0199,0.0201
15.03.2020 23:30:44.707 GMT+0100,179.394,179.36,0.0199,0.0201
15.03.2020 23:30:45.337 GMT+0100,179.441,179.408,0.0199,0.0201
15.03.2020 23:30:45.452 GMT+0100,179.44299999999998,179.40200000000002,0.0199,0.0201
15.03.2020 23:30:51.367 GMT+0100,179.426,179.393,0.0199,0.0201
15.03.2020 23:30:51.640 GMT+0100,179.44299999999998,179.408,0.0199,0.0201
15.03.2020 23:30:52.825 GMT+0100,179.425,179.388,0.0199,0.0201
15.03.2020 23:30:55.477 GMT+0100,179.407,179.372,0.0199,0.0201
15.03.2020 23:30:57.241 GMT+0100,179.395,179.358,0.0199,0.0201
15.03.2020 23:31:00.495 GMT+0100,179.40900000000002,179.37099999999998,0.0199,0.0201
15.03.2020 23:31:00.720 GMT+0100,179.408,179.37,0.0199,0.0201
15.03.2020 23:31:02.504 GMT+0100,179.381,179.342,0.0199,0.0201
15.03.2020 23:31:12.096 GMT+0100,179.345,179.312,0.0199,0.0201
15.03.2020 23:31:13.091 GMT+0100,179.313,179.278,0.0199,0.0201
15.03.2020 23:31:13.345 GMT+0100,179.33200000000002,179.294,0.0199,0.0201
15.03.2020 23:31:13.456 GMT+0100,179.31799999999998,179.27900000000002,0.0199,0.0201
15.03.2020 23:31:14.060 GMT+0100,179.34599999999998,179.31,0.0199,0.0201
15.03.2020 23:31:14.833 GMT+0100,179.381,179.34599999999998,0.0199,0.0201
15.03.2020 23:31:17.824 GMT+0100,179.361,179.326,0.0199,0.0201
15.03.2020 23:31:18.523 GMT+0100,179.34599999999998,179.308,0.0199,0.0201
15.03.2020 23:31:27.125 GMT+0100,179.36,179.32500000000002,0.0199,0.0201
15.03.2020 23:31:27.725 GMT+0100,179.37400000000002,179.343,0.0199,0.0201
15.03.2020 23:31:34.755 GMT+0100,179.421,179.388,0.0199,0.0201
15.03.2020 23:31:38.529 GMT+0100,179.428,179.391,0.0199,0.0201
15.03.2020 23:31:38.737 GMT+0100,179.43900000000002,179.40400000000002,0.0199,0.0201
15.03.2020 23:31:39.130 GMT+0100,179.42700000000002,179.388,0.0199,0.0201
15.03.2020 23:31:39.180 GMT+0100,179.45700000000002,179.421,0.0199,0.0201
15.03.2020 23:31:39.485 GMT+0100,179.49,179.452,0.0199,0.0201
15.03.2020 23:31:41.260 GMT+0100,179.472,179.438,0.0199,0.0201
15.03.2020 23:31:42.816 GMT+0100,179.44,179.408,0.0199,0.0201
15.03.2020 23:31:43.999 GMT+0100,179.455,179.424,0.0199,0.0201
15.03.2020 23:31:44.218 GMT+0100,179.475,179.43599999999998,0.0199,0.0201
15.03.2020 23:31:44.964 GMT+0100,179.44299999999998,179.405,0.0199,0.0201
15.03.2020 23:31:47.080 GMT+0100,179.452,179.424,0.0199,0.0201
15.03.2020 23:31:47.208 GMT+0100,179.47400000000002,179.438,0.0199,0.0201
15.03.2020 23:31:52.432 GMT+0100,179.48700000000002,179.455,0.0199,0.0201
15.03.2020 23:31:52.683 GMT+0100,179.50400000000002,179.46900000000002,0.0199,0.0201
15.03.2020 23:32:06.379 GMT+0100,179.52,179.48700000000002,0.0199,0.0201
15.03.2020 23:32:08.577 GMT+0100,179.535,179.495,0.0199,0.0201
15.03.2020 23:32:08.951 GMT+0100,179.546,179.512,0.0199,0.0201
15.03.2020 23:32:10.637 GMT+0100,179.563,179.53,0.0199,0.0201
15.03.2020 23:32:19.069 GMT+0100,179.549,179.512,0.0199,0.0201
15.03.2020 23:32:32.271 GMT+0100,179.58400000000003,179.549,0.0199,0.0201
15.03.2020 23:32:34.013 GMT+0100,179.593,179.565,0.0199,0.0201
15.03.2020 23:32:38.551 GMT+0100,179.658,179.625,0.0199,0.0201
15.03.2020 23:33:05.852 GMT+0100,179.671,179.641,0.0199,0.0201
15.03.2020 23:33:06.545 GMT+0100,179.691,179.65099999999998,0.0199,0.0201
15.03.2020 23:33:06.970 GMT+0100,179.675,179.638,0.0199,0.0201
15.03.2020 23:33:09.082 GMT+0100,179.68900000000002,179.655,0.0199,0.0201
15.03.2020 23:33:18.030 GMT+0100,179.65900000000002,179.62400000000002,0.0199,0.0201
15.03.2020 23:33:18.465 GMT+0100,179.676,179.639,0.0199,0.0201
15.03.2020 23:33:19.015 GMT+0100,179.657,179.623,0.0199,0.0201
15.03.2020 23:33:19.827 GMT+0100,179.615,179.578,0.0199,0.0201
15.03.2020 23:33:20.342 GMT+0100,179.567,179.52599999999998,0.0199,0.0201
15.03.2020 23:33:22.007 GMT+0100,179.548,179.516,0.0199,0.0201
15.03.2020 23:33:22.071 GMT+0100,179.51700000000002,179.48,0.0199,0.0201
15.03.2020 23:33:23.011 GMT+0100,179.6,179.558,0.0199,0.0201
15.03.2020 23:33:24.065 GMT+0100,179.611,179.57500000000002,0.0199,0.0201
15.03.2020 23:33:25.217 GMT+0100,179.597,179.565,0.0199,0.0201
15.03.2020 23:33:25.864 GMT+0100,179.577,179.54500000000002,0.0199,0.0201
15.03.2020 23:33:29.000 GMT+0100,179.565,179.533,0.0199,0.0201
15.03.2020 23:33:34.632 GMT+0100,179.546,179.511,0.0199,0.0201
15.03.2020 23:33:34.773 GMT+0100,179.53400000000002,179.497,0.0199,0.0201
15.03.2020 23:33:36.446 GMT+0100,179.55200000000002,179.511,0.0199,0.0201
15.03.2020 23:33:37.474 GMT+0100,179.53400000000002,179.497,0.0199,0.0201
15.03.2020 23:33:39.776 GMT+0100,179.553,179.514,0.0199,0.0201
15.03.2020 23:33:40.073 GMT+0100,179.56799999999998,179.53099999999998,0.0199,0.0201
15.03.2020 23:33:42.741 GMT+0100,179.546,179.514,0.0199,0.0201
15.03.2020 23:33:46.207 GMT+0100,179.532,179.5,0.0199,0.0201
15.03.2020 23:33:53.516 GMT+0100,179.483,179.448,0.0199,0.0201
15.03.2020 23:33:55.688 GMT+0100,179.423,179.393,0.0199,0.0201
15.03.2020 23:33:56.433 GMT+0100,179.411,179.372,0.0199,0.0201
15.03.2020 23:33:58.348 GMT+0100,179.39200000000002,179.359,0.0199,0.0201
15.03.2020 23:33:58.765 GMT+0100,179.377,179.34099999999998,0.0199,0.0201
15.03.2020 23:33:58.986 GMT+0100,179.393,179.36,0.0199,0.0201
15.03.2020 23:33:59.680 GMT+0100,179.37900000000002,179.342,0.0199,0.0201
15.03.2020 23:34:00.950 GMT+0100,179.34599999999998,179.31,0.0199,0.0201
15.03.2020 23:34:12.743 GMT+0100,179.364,179.328,0.0199,0.0201
15.03.2020 23:34:12.870 GMT+0100,179.381,179.34400000000002,0.0199,0.0201
15.03.2020 23:34:13.532 GMT+0100,179.34599999999998,179.308,0.0199,0.0201
15.03.2020 23:34:13.686 GMT+0100,179.364,179.327,0.0199,0.0201
15.03.2020 23:34:13.850 GMT+0100,179.34599999999998,179.31099999999998,0.0199,0.0201
15.03.2020 23:34:39.750 GMT+0100,179.333,179.292,0.0199,0.0201
15.03.2020 23:34:40.066 GMT+0100,179.313,179.28099999999998,0.0199,0.0201
15.03.2020 23:34:41.249 GMT+0100,179.3,179.26500000000001,0.0199,0.0201
15.03.2020 23:34:41.672 GMT+0100,179.26500000000001,179.233,0.0199,0.0201
15.03.2020 23:34:41.805 GMT+0100,179.238,179.20000000000002,0.0199,0.0201
15.03.2020 23:34:42.584 GMT+0100,179.22,179.19,0.0199,0.0201
15.03.2020 23:34:42.680 GMT+0100,179.25400000000002,179.21900000000002,0.0199,0.0201
15.03.2020 23:34:44.338 GMT+0100,179.24,179.199,0.0199,0.0201
15.03.2020 23:34:46.145 GMT+0100,179.22400000000002,179.18599999999998,0.0199,0.0201
15.03.2020 23:34:48.694 GMT+0100,179.19,179.153,0.0199,0.0201
15.03.2020 23:34:49.624 GMT+0100,179.161,179.12099999999998,0.0199,0.0201
15.03.2020 23:34:53.114 GMT+0100,179.14000000000001,179.11,0.0199,0.0201
15.03.2020 23:34:53.656 GMT+0100,179.128,179.09400000000002,0.0199,0.0201
15.03.2020 23:34:55.587 GMT+0100,179.146,179.11200000000002,0.0199,0.0201
15.03.2020 23:34:56.180 GMT+0100,179.12900000000002,179.08900000000003,0.0199,0.0201
15.03.2020 23:34:56.473 GMT+0100,179.16,179.125,0.0199,0.0201
15.03.2020 23:34:57.292 GMT+0100,179.128,179.09400000000002,0.0199,0.0201
15.03.2020 23:35:05.987 GMT+0100,179.11,179.07500000000002,0.0199,0.0201
15.03.2020 23:35:06.141 GMT+0100,179.09599999999998,179.06099999999998,0.0199,0.0201
15.03.2020 23:35:08.147 GMT+0100,179.08200000000002,179.043,0.0199,0.0201
15.03.2020 23:35:08.414 GMT+0100,179.06400000000002,179.028,0.0199,0.0201
15.03.2020 23:35:10.068 GMT+0100,179.03,178.99900000000002,0.0199,0.0201
15.03.2020 23:35:13.866 GMT+0100,179.019,178.983,0.0199,0.0201
15.03.2020 23:35:14.870 GMT+0100,179.003,178.968,0.0199,0.0201
15.03.2020 23:35:16.497 GMT+0100,178.985,178.949,0.0199,0.0201
15.03.2020 23:35:16.613 GMT+0100,178.972,178.93400000000003,0.0199,0.0201
15.03.2020 23:35:16.821 GMT+0100,178.952,178.921,0.0199,0.0201
15.03.2020 23:35:17.247 GMT+0100,179.036,178.99599999999998,0.0199,0.0201
15.03.2020 23:35:17.298 GMT+0100,179.083,179.044,0.0199,0.0201
15.03.2020 23:35:18.424 GMT+0100,179.066,179.03099999999998,0.0199,0.0201
15.03.2020 23:35:19.008 GMT+0100,179.077,179.04500000000002,0.0199,0.0201
15.03.2020 23:35:20.841 GMT+0100,179.065,179.028,0.0199,0.0201
15.03.2020 23:35:21.046 GMT+0100,179.079,179.04500000000002,0.0199,0.0201
15.03.2020 23:35:21.353 GMT+0100,179.063,179.02900000000002,0.0199,0.0201
15.03.2020 23:35:23.274 GMT+0100,179.08200000000002,179.04500000000002,0.0199,0.0201
15.03.2020 23:35:30.333 GMT+0100,179.09599999999998,179.063,0.0199,0.0201
15.03.2020 23:35:36.876 GMT+0100,179.08,179.047,0.0199,0.0201
15.03.2020 23:35:43.568 GMT+0100,179.067,179.03099999999998,0.0199,0.0201
15.03.2020 23:35:44.257 GMT+0100,179.09799999999998,179.062,0.0199,0.0201
15.03.2020 23:35:54.931 GMT+0100,179.113,179.078,0.0199,0.0201
15.03.2020 23:35:56.089 GMT+0100,179.128,179.09099999999998,0.0199,0.0201
15.03.2020 23:35:57.333 GMT+0100,179.1,179.062,0.0199,0.0201
15.03.2020 23:35:57.446 GMT+0100,179.111,179.078,0.0199,0.0201
15.03.2020 23:35:57.642 GMT+0100,179.13,179.09400000000002,0.0199,0.0201
15.03.2020 23:35:57.698 GMT+0100,179.155,179.125,0.0199,0.0201
15.03.2020 23:35:57.989 GMT+0100,179.19299999999998,179.155,0.0199,0.0201
15.03.2020 23:36:00.062 GMT+0100,179.20700000000002,179.169,0.0199,0.0201
15.03.2020 23:36:01.070 GMT+0100,179.18599999999998,179.158,0.0199,0.0201
15.03.2020 23:36:01.931 GMT+0100,179.206,179.17000000000002,0.0199,0.0201
15.03.2020 23:36:02.094 GMT+0100,179.22099999999998,179.183,0.0199,0.0201
15.03.2020 23:36:05.479 GMT+0100,179.252,179.218,0.0199,0.0201
15.03.2020 23:36:05.664 GMT+0100,179.268,179.23700000000002,0.0199,0.0201
15.03.2020 23:36:05.778 GMT+0100,179.252,179.217,0.0199,0.0201
15.03.2020 23:36:05.847 GMT+0100,179.286,179.252,0.0199,0.0201
15.03.2020 23:36:05.945 GMT+0100,179.25099999999998,179.21400000000003,0.0199,0.0201
15.03.2020 23:36:07.583 GMT+0100,179.286,179.252,0.0199,0.0201
15.03.2020 23:36:08.157 GMT+0100,179.303,179.263,0.0199,0.0201
15.03.2020 23:36:12.077 GMT+0100,179.282,179.245,0.0199,0.0201
15.03.2020 23:36:12.224 GMT+0100,179.296,179.263,0.0199,0.0201
15.03.2020 23:36:12.328 GMT+0100,179.285,179.248,0.0199,0.0201
15.03.2020 23:36:19.113 GMT+0100,179.27200000000002,179.23700000000002,0.0199,0.0201
15.03.2020 23:36:19.599 GMT+0100,179.256,179.21599999999998,0.0199,0.0201
15.03.2020 23:36:21.247 GMT+0100,179.22299999999998,179.19,0.0199,0.0201
15.03.2020 23:36:23.097 GMT+0100,179.191,179.158,0.0199,0.0201
15.03.2020 23:36:23.746 GMT+0100,179.19,179.15599999999998,0.0199,0.0201
15.03.2020 23:36:24.027 GMT+0100,179.202,179.169,0.0199,0.0201
15.03.2020 23:36:24.160 GMT+0100,179.206,179.174,0.0199,0.0201
15.03.2020 23:36:24.623 GMT+0100,179.192,179.15400000000002,0.0199,0.0201
15.03.2020 23:36:24.842 GMT+0100,179.18900000000002,179.15400000000002,0.0199,0.0201
15.03.2020 23:36:25.085 GMT+0100,179.161,179.12400000000002,0.0199,0.0201
15.03.2020 23:36:28.573 GMT+0100,179.14000000000001,179.109,0.0199,0.0201
15.03.2020 23:36:29.337 GMT+0100,179.128,179.092,0.0199,0.0201
15.03.2020 23:36:33.303 GMT+0100,179.095,179.06099999999998,0.0199,0.0201
15.03.2020 23:36:42.438 GMT+0100,179.065,179.02900000000002,0.0199,0.0201
15.03.2020 23:36:44.482 GMT+0100,179.06099999999998,179.02900000000002,0.0199,0.0201
15.03.2020 23:36:48.742 GMT+0100,179.021,178.983,0.0199,0.0201
15.03.2020 23:36:48.994 GMT+0100,179.00400000000002,178.97099999999998,0.0199,0.0201
15.03.2020 23:36:49.738 GMT+0100,179.02200000000002,178.984,0.0199,0.0201
15.03.2020 23:36:49.909 GMT+0100,179.006,178.96400000000003,0.0199,0.0201
15.03.2020 23:36:50.238 GMT+0100,178.988,178.948,0.0199,0.0201
15.03.2020 23:36:51.259 GMT+0100,178.97400000000002,178.938,0.0199,0.0201
15.03.2020 23:36:51.405 GMT+0100,178.988,178.953,0.0199,0.0201
15.03.2020 23:36:51.623 GMT+0100,178.97099999999998,178.933,0.0199,0.0201
15.03.2020 23:36:51.893 GMT+0100,178.988,178.953,0.0199,0.0201
15.03.2020 23:36:52.105 GMT+0100,178.97,178.94,0.0199,0.0201
15.03.2020 23:36:52.342 GMT+0100,178.985,178.952,0.0199,0.0201
15.03.2020 23:36:52.692 GMT+0100,178.97400000000002,178.938,0.0199,0.0201
15.03.2020 23:36:53.723 GMT+0100,178.983,178.949,0.0199,0.0201
15.03.2020 23:36:53.910 GMT+0100,179.005,178.97099999999998,0.0199,0.0201
15.03.2020 23:36:56.212 GMT+0100,178.983,178.952,0.0199,0.0201
15.03.2020 23:36:56.428 GMT+0100,178.975,178.93599999999998,0.0199,0.0201
15.03.2020 23:36:57.328 GMT+0100,179.05,179.011,0.0199,0.0201
15.03.2020 23:36:58.234 GMT+0100,179.066,179.033,0.0199,0.0201
15.03.2020 23:36:58.353 GMT+0100,179.049,179.011,0.0199,0.0201
15.03.2020 23:36:58.702 GMT+0100,179.09799999999998,179.065,0.0199,0.0201
15.03.2020 23:36:58.808 GMT+0100,179.08200000000002,179.042,0.0199,0.0201
15.03.2020 23:36:59.758 GMT+0100,179.097,179.05900000000003,0.0199,0.0201
15.03.2020 23:37:00.697 GMT+0100,179.083,179.046,0.0199,0.0201
15.03.2020 23:37:01.057 GMT+0100,179.093,179.065,0.0199,0.0201
15.03.2020 23:37:02.933 GMT+0100,179.11200000000002,179.07500000000002,0.0199,0.0201
15.03.2020 23:37:04.465 GMT+0100,179.13,179.092,0.0199,0.0201
15.03.2020 23:37:05.923 GMT+0100,179.111,179.07500000000002,0.0199,0.0201
15.03.2020 23:37:09.317 GMT+0100,179.12900000000002,179.092,0.0199,0.0201
15.03.2020 23:37:09.460 GMT+0100,179.113,179.077,0.0199,0.0201
