Local time,Ask,Bid,AskVolume,BidVolume
03.11.2021 00:00:00.285 GMT+0100,4628.349,4627.648,0.0035,0.0022
03.11.2021 00:00:00.335 GMT+0100,4628.346,4627.645,0.0022,0.0022
03.11.2021 00:01:00.967 GMT+0100,4628.667,4627.951,0.0035,0.0022
03.11.2021 00:01:01.017 GMT+0100,4628.652,4627.951,0.0022,0.0022
03.11.2021 00:01:37.293 GMT+0100,4628.867,4628.1990000000005,0.0035,0.0022
03.11.2021 00:01:37.343 GMT+0100,4628.8550000000005,4628.154,0.0022,0.0022
03.11.2021 00:02:24.103 GMT+0100,4629.152,4628.433,0.0022,0.0022
03.11.2021 00:02:56.119 GMT+0100,4628.846,4628.1359999999995,0.0022,0.0022
03.11.2021 00:03:09.923 GMT+0100,4629.155,4628.445,0.0035,0.0022
03.11.2021 00:03:09.973 GMT+0100,4629.155,4628.499000000001,0.0022,0.0022
03.11.2021 00:05:23.476 GMT+0100,4628.861,4628.434,0.0022,0.0004
03.11.2021 00:05:23.527 GMT+0100,4628.8550000000005,4628.139,0.0022,0.0022
03.11.2021 00:05:30.493 GMT+0100,4629.164000000001,4628.499000000001,0.0035,0.0022
03.11.2021 00:05:30.544 GMT+0100,4629.155,4628.439,0.0022,0.0022
03.11.2021 00:05:30.941 GMT+0100,4628.8009999999995,4628.1990000000005,0.0022,0.0022
03.11.2021 00:05:37.738 GMT+0100,4628.946,4628.248,0.0035,0.0022
03.11.2021 00:05:37.788 GMT+0100,4628.958,4628.242,0.0022,0.0022
03.11.2021 00:05:43.049 GMT+0100,4629.146,4628.439,0.0035,0.0022
03.11.2021 00:05:43.099 GMT+0100,4629.101,4628.454000000001,0.0022,0.0022
03.11.2021 00:05:45.937 GMT+0100,4628.858,4628.452,0.0022,0.0004
03.11.2021 00:05:45.988 GMT+0100,4628.867,4628.142,0.0022,0.0022
03.11.2021 00:05:47.254 GMT+0100,4629.158,4628.436,0.0035,0.0022
03.11.2021 00:05:47.304 GMT+0100,4629.158,4628.445,0.0022,0.0022
03.11.2021 00:06:00.404 GMT+0100,4629.349,4628.6359999999995,0.0035,0.0022
03.11.2021 00:06:00.454 GMT+0100,4629.349,4628.651,0.0022,0.0022
03.11.2021 00:06:01.376 GMT+0100,4629.164000000001,4628.649,0.0022,0.0004
03.11.2021 00:06:01.426 GMT+0100,4629.158,4628.433,0.0022,0.0022
03.11.2021 00:06:03.020 GMT+0100,4628.8640000000005,4628.4490000000005,0.0022,0.0004
03.11.2021 00:06:03.070 GMT+0100,4628.846,4628.139,0.0022,0.0022
03.11.2021 00:06:49.765 GMT+0100,4628.667,4628.137000000001,0.0022,0.0004
03.11.2021 00:06:49.815 GMT+0100,4628.649,4627.933,0.0022,0.0022
03.11.2021 00:07:36.530 GMT+0100,4628.867,4628.151,0.0035,0.0022
03.11.2021 00:07:36.580 GMT+0100,4628.846,4628.1359999999995,0.0022,0.0022
03.11.2021 00:09:02.754 GMT+0100,4628.701,4628.131,0.0022,0.0004
03.11.2021 00:09:02.805 GMT+0100,4628.758,4628.054,0.0022,0.0022
03.11.2021 00:09:03.001 GMT+0100,4628.846,4628.1990000000005,0.0035,0.0022
03.11.2021 00:09:03.051 GMT+0100,4628.849,4628.1359999999995,0.0022,0.0022
03.11.2021 00:09:03.685 GMT+0100,4628.746,4628.137000000001,0.0022,0.0004
03.11.2021 00:09:03.735 GMT+0100,4628.767,4628.039000000001,0.0022,0.0022
03.11.2021 00:09:12.051 GMT+0100,4628.849,4628.154,0.0035,0.0022
03.11.2021 00:09:12.102 GMT+0100,4628.846,4628.1359999999995,0.0022,0.0022
03.11.2021 00:09:30.613 GMT+0100,4628.758,4628.143,0.0022,0.0004
03.11.2021 00:09:30.663 GMT+0100,4628.7609999999995,4628.039000000001,0.0022,0.0022
03.11.2021 00:09:31.299 GMT+0100,4628.655,4628.049,0.0022,0.0004
03.11.2021 00:09:31.350 GMT+0100,4628.664000000001,4627.939,0.0022,0.0022
03.11.2021 00:09:39.253 GMT+0100,4628.701,4628.045,0.0035,0.0022
03.11.2021 00:09:39.303 GMT+0100,4628.758,4628.045,0.0022,0.0022
03.11.2021 00:09:44.284 GMT+0100,4628.649,4628.04,0.0022,0.0004
03.11.2021 00:09:44.334 GMT+0100,4628.601,4627.951,0.0022,0.0022
03.11.2021 00:10:03.398 GMT+0100,4628.458,4627.946,0.0022,0.0004
03.11.2021 00:10:03.448 GMT+0100,4628.401,4627.799,0.0022,0.0022
03.11.2021 00:10:03.619 GMT+0100,4628.667,4627.951,0.0022,0.0022
03.11.2021 00:10:08.999 GMT+0100,4628.461,4627.937,0.0022,0.0004
03.11.2021 00:10:09.050 GMT+0100,4628.4490000000005,4627.742,0.0022,0.0022
03.11.2021 00:10:09.958 GMT+0100,4628.655,4627.945,0.0035,0.0022
03.11.2021 00:10:10.008 GMT+0100,4628.661,4627.951,0.0022,0.0022
03.11.2021 00:10:10.888 GMT+0100,4628.3009999999995,4627.937,0.0022,0.0004
03.11.2021 00:10:10.939 GMT+0100,4628.361,4627.651,0.0022,0.0022
03.11.2021 00:10:33.752 GMT+0100,4628.152,4627.637000000001,0.0022,0.0004
03.11.2021 00:10:33.803 GMT+0100,4628.146,4627.499000000001,0.0022,0.0022
03.11.2021 00:10:36.546 GMT+0100,4628.346,4627.6990000000005,0.0035,0.0022
03.11.2021 00:10:36.596 GMT+0100,4628.3640000000005,4627.6359999999995,0.0022,0.0022
03.11.2021 00:10:37.835 GMT+0100,4628.167,4627.631,0.0022,0.0004
03.11.2021 00:10:37.886 GMT+0100,4628.155,4627.433,0.0022,0.0022
03.11.2021 00:10:41.928 GMT+0100,4628.3009999999995,4627.639,0.0022,0.0022
03.11.2021 00:10:44.765 GMT+0100,4628.152,4627.637000000001,0.0022,0.0004
03.11.2021 00:10:44.815 GMT+0100,4628.155,4627.454000000001,0.0022,0.0022
03.11.2021 00:10:47.744 GMT+0100,4628.246,4627.536,0.0035,0.0022
03.11.2021 00:10:47.794 GMT+0100,4628.249000000001,4627.536,0.0022,0.0022
03.11.2021 00:10:47.903 GMT+0100,4628.361,4627.645,0.0035,0.0022
03.11.2021 00:10:47.954 GMT+0100,4628.346,4627.645,0.0022,0.0022
03.11.2021 00:10:58.235 GMT+0100,4628.246,4627.643,0.0022,0.0004
03.11.2021 00:10:58.286 GMT+0100,4628.246,4627.539000000001,0.0022,0.0022
03.11.2021 00:11:01.896 GMT+0100,4628.349,4627.6990000000005,0.0035,0.0022
03.11.2021 00:11:01.946 GMT+0100,4628.349,4627.642,0.0022,0.0022
03.11.2021 00:11:05.225 GMT+0100,4628.155,4627.631,0.0022,0.0004
03.11.2021 00:11:05.275 GMT+0100,4628.164000000001,4627.442,0.0022,0.0022
03.11.2021 00:11:44.149 GMT+0100,4628.352,4627.645,0.0035,0.0022
03.11.2021 00:11:44.200 GMT+0100,4628.3550000000005,4627.654,0.0022,0.0022
03.11.2021 00:11:46.763 GMT+0100,4628.255,4627.646,0.0022,0.0004
03.11.2021 00:11:46.813 GMT+0100,4628.201,4627.533,0.0022,0.0022
03.11.2021 00:11:47.979 GMT+0100,4628.3550000000005,4627.651,0.0035,0.0022
03.11.2021 00:11:48.031 GMT+0100,4628.367,4627.651,0.0022,0.0022
03.11.2021 00:12:03.176 GMT+0100,4628.2609999999995,4627.64,0.0022,0.0004
03.11.2021 00:12:03.226 GMT+0100,4628.255,4627.536,0.0022,0.0022
03.11.2021 00:12:03.496 GMT+0100,4628.361,4627.642,0.0035,0.0022
03.11.2021 00:12:03.546 GMT+0100,4628.358,4627.6990000000005,0.0022,0.0022
03.11.2021 00:13:06.506 GMT+0100,4628.649,4627.951,0.0035,0.0022
03.11.2021 00:13:06.556 GMT+0100,4628.658,4627.936,0.0022,0.0022
03.11.2021 00:13:39.786 GMT+0100,4628.852,4628.148,0.0035,0.0022
03.11.2021 00:13:39.836 GMT+0100,4628.867,4628.154,0.0022,0.0022
03.11.2021 00:14:23.834 GMT+0100,4628.655,4628.134,0.0022,0.0004
03.11.2021 00:14:23.884 GMT+0100,4628.652,4627.933,0.0022,0.0022
03.11.2021 00:14:35.754 GMT+0100,4628.3009999999995,4627.943,0.0022,0.0004
03.11.2021 00:14:35.805 GMT+0100,4628.346,4627.654,0.0022,0.0022
03.11.2021 00:15:01.631 GMT+0100,4628.149,4627.697,0.0022,0.0004
03.11.2021 00:15:01.682 GMT+0100,4628.158,4627.442,0.0022,0.0022
03.11.2021 00:15:01.792 GMT+0100,4628.3009999999995,4627.654,0.0035,0.0022
03.11.2021 00:15:01.842 GMT+0100,4628.3009999999995,4627.654,0.0022,0.0022
03.11.2021 00:15:52.004 GMT+0100,4628.201,4627.646,0.0022,0.0004
03.11.2021 00:15:52.054 GMT+0100,4628.264,4627.5509999999995,0.0022,0.0022
03.11.2021 00:15:55.634 GMT+0100,4628.349,4627.651,0.0035,0.0022
03.11.2021 00:15:55.684 GMT+0100,4628.352,4627.642,0.0022,0.0022
03.11.2021 00:16:06.345 GMT+0100,4628.655,4627.933,0.0035,0.0022
03.11.2021 00:16:06.395 GMT+0100,4628.667,4627.951,0.0022,0.0022
03.11.2021 00:16:25.013 GMT+0100,4628.3550000000005,4627.952,0.0022,0.0004
03.11.2021 00:16:25.064 GMT+0100,4628.361,4627.642,0.0022,0.0022
03.11.2021 00:16:40.905 GMT+0100,4628.661,4627.939,0.0035,0.0022
03.11.2021 00:16:40.956 GMT+0100,4628.646,4627.999000000001,0.0022,0.0022
03.11.2021 00:17:51.935 GMT+0100,4628.349,4627.952,0.0022,0.0004
03.11.2021 00:17:51.985 GMT+0100,4628.361,4627.648,0.0022,0.0022
03.11.2021 00:19:32.076 GMT+0100,4628.655,4627.954000000001,0.0022,0.0022
03.11.2021 00:19:50.895 GMT+0100,4628.358,4627.633,0.0022,0.0022
03.11.2021 00:19:58.610 GMT+0100,4628.2609999999995,4627.697,0.0022,0.0004
03.11.2021 00:19:58.660 GMT+0100,4628.252,4627.539000000001,0.0022,0.0022
03.11.2021 00:20:00.691 GMT+0100,4628.361,4627.645,0.0035,0.0022
03.11.2021 00:20:00.741 GMT+0100,4628.3640000000005,4627.651,0.0022,0.0022
03.11.2021 00:20:01.668 GMT+0100,4628.246,4627.697,0.0022,0.0004
03.11.2021 00:20:01.719 GMT+0100,4628.267,4627.599,0.0022,0.0022
03.11.2021 00:20:02.453 GMT+0100,4628.346,4627.6359999999995,0.0035,0.0022
03.11.2021 00:20:02.503 GMT+0100,4628.3009999999995,4627.633,0.0022,0.0022
03.11.2021 00:20:03.779 GMT+0100,4628.255,4627.634,0.0022,0.0004
03.11.2021 00:20:03.829 GMT+0100,4628.255,4627.545,0.0022,0.0022
03.11.2021 00:20:06.845 GMT+0100,4628.3550000000005,4627.6359999999995,0.0035,0.0022
03.11.2021 00:20:06.896 GMT+0100,4628.264,4627.539000000001,0.0022,0.0022
03.11.2021 00:20:08.722 GMT+0100,4628.164000000001,4627.436,0.0022,0.0022
03.11.2021 00:20:20.465 GMT+0100,4627.846,4627.437,0.0022,0.0004
03.11.2021 00:20:20.516 GMT+0100,4627.8550000000005,4627.142,0.0022,0.0022
03.11.2021 00:20:42.237 GMT+0100,4628.161,4627.436,0.0035,0.0022
03.11.2021 00:20:42.287 GMT+0100,4628.152,4627.433,0.0022,0.0022
03.11.2021 00:21:50.779 GMT+0100,4628.2609999999995,4627.548,0.0035,0.0022
03.11.2021 00:21:50.829 GMT+0100,4628.2609999999995,4627.545,0.0022,0.0022
03.11.2021 00:21:52.651 GMT+0100,4628.201,4627.637000000001,0.0022,0.0004
03.11.2021 00:21:52.702 GMT+0100,4628.358,4627.639,0.0022,0.0022
03.11.2021 00:21:52.790 GMT+0100,4628.246,4627.634,0.0022,0.0004
03.11.2021 00:21:52.840 GMT+0100,4628.252,4627.533,0.0022,0.0022
03.11.2021 00:21:54.628 GMT+0100,4628.3009999999995,4627.633,0.0035,0.0022
03.11.2021 00:21:54.678 GMT+0100,4628.352,4627.6359999999995,0.0022,0.0022
03.11.2021 00:21:59.238 GMT+0100,4628.352,4627.6359999999995,0.0035,0.0022
03.11.2021 00:21:59.289 GMT+0100,4628.149,4627.442,0.0022,0.0022
03.11.2021 00:22:03.725 GMT+0100,4628.252,4627.599,0.0035,0.0022
03.11.2021 00:22:03.776 GMT+0100,4628.249000000001,4627.548,0.0022,0.0022
03.11.2021 00:22:18.204 GMT+0100,4628.101,4627.543,0.0022,0.0004
03.11.2021 00:22:18.254 GMT+0100,4628.152,4627.448,0.0022,0.0022
03.11.2021 00:23:45.130 GMT+0100,4627.8550000000005,4627.437,0.0022,0.0004
03.11.2021 00:23:45.180 GMT+0100,4627.867,4627.154,0.0022,0.0022
03.11.2021 00:23:46.635 GMT+0100,4627.9490000000005,4627.254,0.0035,0.0022
03.11.2021 00:23:46.685 GMT+0100,4627.955,4627.245,0.0022,0.0022
03.11.2021 00:23:46.793 GMT+0100,4628.164000000001,4627.445,0.0035,0.0022
03.11.2021 00:23:46.843 GMT+0100,4628.149,4627.439,0.0022,0.0022
03.11.2021 00:25:21.606 GMT+0100,4627.8009999999995,4627.443,0.0022,0.0004
03.11.2021 00:25:21.656 GMT+0100,4627.8640000000005,4627.145,0.0022,0.0022
03.11.2021 00:25:29.988 GMT+0100,4628.158,4627.448,0.0035,0.0022
03.11.2021 00:25:30.039 GMT+0100,4628.164000000001,4627.451,0.0022,0.0022
03.11.2021 00:26:22.112 GMT+0100,4628.358,4627.648,0.0022,0.0022
03.11.2021 00:26:50.001 GMT+0100,4628.9490000000005,4628.2390000000005,0.0035,0.0022
03.11.2021 00:26:50.051 GMT+0100,4628.952,4628.242,0.0022,0.0022
03.11.2021 00:26:50.203 GMT+0100,4629.149,4628.454000000001,0.0022,0.0022
03.11.2021 00:26:51.523 GMT+0100,4628.861,4628.145,0.0022,0.0022
03.11.2021 00:27:01.228 GMT+0100,4628.655,4628.149,0.0022,0.0004
03.11.2021 00:27:01.278 GMT+0100,4628.601,4627.939,0.0022,0.0022
03.11.2021 00:27:13.756 GMT+0100,4628.867,4628.1359999999995,0.0035,0.0022
03.11.2021 00:27:13.807 GMT+0100,4628.849,4628.139,0.0022,0.0022
03.11.2021 00:27:18.643 GMT+0100,4628.7609999999995,4628.131,0.0022,0.0004
03.11.2021 00:27:18.693 GMT+0100,4628.752,4628.042,0.0022,0.0022
03.11.2021 00:27:19.461 GMT+0100,4628.652,4628.043,0.0022,0.0004
03.11.2021 00:27:19.511 GMT+0100,4628.655,4627.948,0.0022,0.0022
03.11.2021 00:27:21.713 GMT+0100,4628.755,4628.042,0.0035,0.0022
03.11.2021 00:27:21.763 GMT+0100,4628.749000000001,4628.054,0.0022,0.0022
03.11.2021 00:27:23.328 GMT+0100,4628.8550000000005,4628.1990000000005,0.0035,0.0022
03.11.2021 00:27:23.378 GMT+0100,4628.861,4628.1359999999995,0.0022,0.0022
03.11.2021 00:27:23.476 GMT+0100,4628.767,4628.149,0.0022,0.0004
03.11.2021 00:27:23.527 GMT+0100,4628.7609999999995,4628.036,0.0022,0.0022
03.11.2021 00:27:24.595 GMT+0100,4628.655,4628.037,0.0022,0.0004
03.11.2021 00:27:24.645 GMT+0100,4628.601,4627.948,0.0022,0.0022
03.11.2021 00:27:26.874 GMT+0100,4628.867,4628.151,0.0035,0.0022
03.11.2021 00:27:26.924 GMT+0100,4628.849,4628.148,0.0022,0.0022
03.11.2021 00:27:32.622 GMT+0100,4629.152,4628.439,0.0035,0.0022
03.11.2021 00:27:32.672 GMT+0100,4629.152,4628.445,0.0022,0.0022
03.11.2021 00:27:35.942 GMT+0100,4628.852,4628.437,0.0022,0.0004
03.11.2021 00:27:35.993 GMT+0100,4628.849,4628.151,0.0022,0.0022
03.11.2021 00:27:38.526 GMT+0100,4629.164000000001,4628.436,0.0035,0.0022
03.11.2021 00:27:38.576 GMT+0100,4629.164000000001,4628.439,0.0022,0.0022
03.11.2021 00:28:00.279 GMT+0100,4629.3550000000005,4628.633,0.0035,0.0022
03.11.2021 00:28:00.329 GMT+0100,4629.352,4628.639,0.0022,0.0022
03.11.2021 00:28:12.112 GMT+0100,4629.161,4628.646,0.0022,0.0004
03.11.2021 00:28:12.162 GMT+0100,4629.161,4628.454000000001,0.0022,0.0022
03.11.2021 00:29:30.381 GMT+0100,4628.867,4628.4490000000005,0.0022,0.0004
03.11.2021 00:29:30.431 GMT+0100,4628.867,4628.145,0.0022,0.0022
03.11.2021 00:29:30.869 GMT+0100,4628.9490000000005,4628.2390000000005,0.0035,0.0022
03.11.2021 00:29:30.919 GMT+0100,4628.964,4628.254,0.0022,0.0022
03.11.2021 00:29:31.029 GMT+0100,4629.161,4628.436,0.0035,0.0022
03.11.2021 00:29:31.080 GMT+0100,4629.149,4628.439,0.0022,0.0022
03.11.2021 00:29:41.670 GMT+0100,4629.346,4628.651,0.0035,0.0022
03.11.2021 00:29:41.720 GMT+0100,4629.352,4628.639,0.0022,0.0022
03.11.2021 00:29:42.532 GMT+0100,4629.164000000001,4628.64,0.0022,0.0004
03.11.2021 00:29:42.583 GMT+0100,4629.101,4628.451,0.0022,0.0022
03.11.2021 00:30:11.612 GMT+0100,4628.861,4628.4400000000005,0.0022,0.0004
03.11.2021 00:30:11.662 GMT+0100,4628.846,4628.139,0.0022,0.0022
03.11.2021 00:30:33.089 GMT+0100,4628.667,4628.143,0.0022,0.0004
03.11.2021 00:30:33.139 GMT+0100,4628.661,4627.942,0.0022,0.0022
03.11.2021 00:31:16.429 GMT+0100,4628.867,4628.133,0.0035,0.0022
03.11.2021 00:31:16.479 GMT+0100,4628.867,4628.1990000000005,0.0022,0.0022
03.11.2021 00:31:31.121 GMT+0100,4628.964,4628.299,0.0035,0.0022
03.11.2021 00:31:31.172 GMT+0100,4628.901,4628.236,0.0022,0.0022
03.11.2021 00:31:36.758 GMT+0100,4629.155,4628.454000000001,0.0035,0.0022
03.11.2021 00:31:36.808 GMT+0100,4629.167,4628.499000000001,0.0022,0.0022
03.11.2021 00:32:04.706 GMT+0100,4628.849,4628.497,0.0022,0.0004
03.11.2021 00:32:04.757 GMT+0100,4628.8550000000005,4628.139,0.0022,0.0022
03.11.2021 00:32:22.147 GMT+0100,4628.661,4628.149,0.0022,0.0004
03.11.2021 00:32:22.197 GMT+0100,4628.658,4627.948,0.0022,0.0022
03.11.2021 00:32:25.021 GMT+0100,4628.458,4627.9400000000005,0.0022,0.0004
03.11.2021 00:32:25.072 GMT+0100,4628.446,4627.7390000000005,0.0022,0.0022
03.11.2021 00:32:25.181 GMT+0100,4628.652,4627.939,0.0035,0.0022
03.11.2021 00:32:25.231 GMT+0100,4628.649,4627.945,0.0022,0.0022
03.11.2021 00:33:00.979 GMT+0100,4628.852,4628.145,0.0035,0.0022
03.11.2021 00:33:01.029 GMT+0100,4628.8550000000005,4628.139,0.0022,0.0022
03.11.2021 00:33:23.065 GMT+0100,4628.652,4628.143,0.0022,0.0004
03.11.2021 00:33:23.115 GMT+0100,4628.649,4627.942,0.0022,0.0022
03.11.2021 00:33:29.631 GMT+0100,4628.7609999999995,4628.039000000001,0.0022,0.0022
03.11.2021 00:33:32.487 GMT+0100,4628.646,4628.049,0.0022,0.0004
03.11.2021 00:33:32.538 GMT+0100,4628.664000000001,4627.933,0.0022,0.0022
03.11.2021 00:33:34.424 GMT+0100,4628.749000000001,4628.048,0.0035,0.0022
03.11.2021 00:33:34.474 GMT+0100,4628.758,4628.042,0.0022,0.0022
03.11.2021 00:33:51.772 GMT+0100,4628.667,4628.049,0.0022,0.0004
03.11.2021 00:33:51.822 GMT+0100,4628.664000000001,4627.936,0.0022,0.0022
03.11.2021 00:34:00.202 GMT+0100,4628.758,4628.036,0.0035,0.0022
03.11.2021 00:34:00.252 GMT+0100,4628.767,4628.048,0.0022,0.0022
03.11.2021 00:34:00.522 GMT+0100,4628.646,4628.043,0.0022,0.0004
03.11.2021 00:34:00.573 GMT+0100,4628.646,4627.933,0.0022,0.0022
03.11.2021 00:34:26.080 GMT+0100,4628.752,4628.045,0.0022,0.0022
03.11.2021 00:34:34.611 GMT+0100,4628.8640000000005,4628.139,0.0035,0.0022
03.11.2021 00:34:34.661 GMT+0100,4628.867,4628.154,0.0022,0.0022
03.11.2021 00:37:22.535 GMT+0100,4629.155,4628.445,0.0035,0.0022
03.11.2021 00:37:22.586 GMT+0100,4629.152,4628.445,0.0022,0.0022
03.11.2021 00:37:45.517 GMT+0100,4628.867,4628.431,0.0022,0.0004
03.11.2021 00:37:45.567 GMT+0100,4628.8640000000005,4628.142,0.0022,0.0022
03.11.2021 00:38:15.167 GMT+0100,4628.655,4628.197,0.0022,0.0004
03.11.2021 00:38:15.220 GMT+0100,4628.661,4627.936,0.0022,0.0022
03.11.2021 00:39:05.389 GMT+0100,4628.8009999999995,4628.145,0.0035,0.0022
03.11.2021 00:39:05.440 GMT+0100,4628.861,4628.154,0.0022,0.0022
03.11.2021 00:39:48.590 GMT+0100,4628.646,4628.197,0.0022,0.0004
03.11.2021 00:39:48.640 GMT+0100,4628.646,4627.954000000001,0.0022,0.0022
03.11.2021 00:39:54.374 GMT+0100,4628.852,4628.1359999999995,0.0035,0.0022
03.11.2021 00:39:54.424 GMT+0100,4628.852,4628.148,0.0022,0.0022
03.11.2021 00:40:22.923 GMT+0100,4628.649,4628.134,0.0022,0.0004
03.11.2021 00:40:22.973 GMT+0100,4628.652,4627.954000000001,0.0022,0.0022
03.11.2021 00:40:35.999 GMT+0100,4628.367,4627.9400000000005,0.0022,0.0004
03.11.2021 00:40:36.050 GMT+0100,4628.361,4627.639,0.0022,0.0022
03.11.2021 00:40:44.069 GMT+0100,4628.158,4627.637000000001,0.0022,0.0004
03.11.2021 00:40:44.120 GMT+0100,4628.161,4627.442,0.0022,0.0022
03.11.2021 00:40:45.541 GMT+0100,4628.358,4627.6359999999995,0.0035,0.0022
03.11.2021 00:40:45.592 GMT+0100,4628.361,4627.654,0.0022,0.0022
03.11.2021 00:40:48.080 GMT+0100,4628.146,4627.631,0.0022,0.0004
03.11.2021 00:40:48.130 GMT+0100,4628.161,4627.439,0.0022,0.0022
03.11.2021 00:41:06.198 GMT+0100,4627.867,4627.4490000000005,0.0022,0.0004
03.11.2021 00:41:06.248 GMT+0100,4627.861,4627.139,0.0022,0.0022
03.11.2021 00:41:06.840 GMT+0100,4628.101,4627.442,0.0035,0.0022
03.11.2021 00:41:06.891 GMT+0100,4628.149,4627.439,0.0022,0.0022
03.11.2021 00:41:07.825 GMT+0100,4627.852,4627.154,0.0022,0.0022
03.11.2021 00:41:10.987 GMT+0100,4628.152,4627.451,0.0035,0.0022
03.11.2021 00:41:11.037 GMT+0100,4628.146,4627.499000000001,0.0022,0.0022
03.11.2021 00:42:02.561 GMT+0100,4628.346,4627.651,0.0035,0.0022
03.11.2021 00:42:02.612 GMT+0100,4628.3009999999995,4627.654,0.0022,0.0022
03.11.2021 00:42:13.843 GMT+0100,4628.167,4627.436,0.0022,0.0022
03.11.2021 00:42:15.092 GMT+0100,4628.3550000000005,4627.651,0.0035,0.0022
03.11.2021 00:42:15.142 GMT+0100,4628.358,4627.642,0.0022,0.0022
03.11.2021 00:42:16.157 GMT+0100,4628.255,4627.649,0.0022,0.0004
03.11.2021 00:42:16.208 GMT+0100,4628.267,4627.533,0.0022,0.0022
03.11.2021 00:42:16.317 GMT+0100,4628.361,4627.648,0.0035,0.0022
03.11.2021 00:42:16.367 GMT+0100,4628.361,4627.6990000000005,0.0022,0.0022
03.11.2021 00:42:16.748 GMT+0100,4628.149,4627.652,0.0022,0.0004
03.11.2021 00:42:16.799 GMT+0100,4628.155,4627.433,0.0022,0.0022
03.11.2021 00:42:30.448 GMT+0100,4628.367,4627.651,0.0035,0.0022
03.11.2021 00:42:30.498 GMT+0100,4628.3009999999995,4627.648,0.0022,0.0022
03.11.2021 00:42:32.499 GMT+0100,4628.149,4627.637000000001,0.0022,0.0004
03.11.2021 00:42:32.549 GMT+0100,4628.167,4627.442,0.0022,0.0022
03.11.2021 00:42:36.677 GMT+0100,4628.201,4627.536,0.0035,0.0022
03.11.2021 00:42:36.727 GMT+0100,4628.249000000001,4627.545,0.0022,0.0022
03.11.2021 00:42:38.027 GMT+0100,4628.361,4627.645,0.0035,0.0022
03.11.2021 00:42:38.077 GMT+0100,4628.358,4627.642,0.0022,0.0022
03.11.2021 00:43:21.518 GMT+0100,4628.446,4627.799,0.0022,0.0022
03.11.2021 00:43:29.014 GMT+0100,4628.655,4627.999000000001,0.0035,0.0022
03.11.2021 00:43:29.065 GMT+0100,4628.601,4627.936,0.0022,0.0022
03.11.2021 00:43:46.502 GMT+0100,4628.464,4627.997,0.0022,0.0004
03.11.2021 00:43:46.552 GMT+0100,4628.467000000001,4627.742,0.0022,0.0022
03.11.2021 00:43:47.047 GMT+0100,4628.361,4627.746,0.0022,0.0004
03.11.2021 00:43:47.097 GMT+0100,4628.3640000000005,4627.642,0.0022,0.0022
03.11.2021 00:43:50.467 GMT+0100,4628.461,4627.799,0.0035,0.0022
03.11.2021 00:43:50.517 GMT+0100,4628.467000000001,4627.745,0.0022,0.0022
03.11.2021 00:43:51.488 GMT+0100,4628.361,4627.746,0.0022,0.0004
03.11.2021 00:43:51.538 GMT+0100,4628.3550000000005,4627.645,0.0022,0.0022
03.11.2021 00:43:56.943 GMT+0100,4628.455,4627.799,0.0035,0.0022
03.11.2021 00:43:56.993 GMT+0100,4628.446,4627.745,0.0022,0.0022
03.11.2021 00:43:57.508 GMT+0100,4628.601,4627.933,0.0035,0.0022
03.11.2021 00:43:57.558 GMT+0100,4628.661,4627.945,0.0022,0.0022
03.11.2021 00:44:00.180 GMT+0100,4628.346,4627.952,0.0022,0.0004
03.11.2021 00:44:00.231 GMT+0100,4628.358,4627.633,0.0022,0.0022
03.11.2021 00:44:20.273 GMT+0100,4628.4490000000005,4627.799,0.0022,0.0022
03.11.2021 00:44:23.103 GMT+0100,4628.661,4627.954000000001,0.0035,0.0022
03.11.2021 00:44:23.154 GMT+0100,4628.661,4627.954000000001,0.0022,0.0022
03.11.2021 00:44:46.398 GMT+0100,4628.358,4627.937,0.0022,0.0004
03.11.2021 00:44:46.448 GMT+0100,4628.367,4627.651,0.0022,0.0022
03.11.2021 00:46:16.607 GMT+0100,4628.658,4627.945,0.0035,0.0022
03.11.2021 00:46:16.658 GMT+0100,4628.649,4627.999000000001,0.0022,0.0022
03.11.2021 00:46:30.371 GMT+0100,4628.358,4627.946,0.0022,0.0004
03.11.2021 00:46:30.422 GMT+0100,4628.3640000000005,4627.6990000000005,0.0022,0.0022
03.11.2021 00:47:08.102 GMT+0100,4628.167,4627.646,0.0022,0.0004
03.11.2021 00:47:08.153 GMT+0100,4628.164000000001,4627.433,0.0022,0.0022
03.11.2021 00:47:27.464 GMT+0100,4628.352,4627.654,0.0035,0.0022
03.11.2021 00:47:27.514 GMT+0100,4628.3640000000005,4627.642,0.0022,0.0022
03.11.2021 00:47:56.962 GMT+0100,4628.252,4627.634,0.0022,0.0004
03.11.2021 00:47:57.013 GMT+0100,4628.267,4627.545,0.0022,0.0022
03.11.2021 00:48:10.226 GMT+0100,4628.358,4627.6359999999995,0.0035,0.0022
03.11.2021 00:48:10.277 GMT+0100,4628.349,4627.6359999999995,0.0022,0.0022
03.11.2021 00:48:18.507 GMT+0100,4628.258,4627.652,0.0022,0.0004
03.11.2021 00:48:18.557 GMT+0100,4628.264,4627.533,0.0022,0.0022
03.11.2021 00:48:26.126 GMT+0100,4628.164000000001,4627.531,0.0022,0.0004
03.11.2021 00:48:26.176 GMT+0100,4628.101,4627.445,0.0022,0.0022
03.11.2021 00:48:27.579 GMT+0100,4628.201,4627.548,0.0035,0.0022
03.11.2021 00:48:27.629 GMT+0100,4628.201,4627.539000000001,0.0022,0.0022
03.11.2021 00:48:33.235 GMT+0100,4628.3550000000005,4627.639,0.0035,0.0022
03.11.2021 00:48:33.285 GMT+0100,4628.349,4627.645,0.0022,0.0022
03.11.2021 00:50:09.052 GMT+0100,4628.167,4627.652,0.0022,0.0004
03.11.2021 00:50:09.103 GMT+0100,4628.149,4627.454000000001,0.0022,0.0022
03.11.2021 00:50:40.367 GMT+0100,4628.346,4627.6359999999995,0.0035,0.0022
03.11.2021 00:50:40.418 GMT+0100,4628.346,4627.645,0.0022,0.0022
03.11.2021 00:50:44.249 GMT+0100,4628.101,4627.631,0.0022,0.0004
03.11.2021 00:50:44.300 GMT+0100,4628.164000000001,4627.439,0.0022,0.0022
03.11.2021 00:51:12.426 GMT+0100,4627.8009999999995,4627.452,0.0022,0.0004
03.11.2021 00:51:12.476 GMT+0100,4627.852,4627.1990000000005,0.0022,0.0022
03.11.2021 00:51:30.582 GMT+0100,4627.958,4627.245,0.0035,0.0022
03.11.2021 00:51:30.632 GMT+0100,4627.958,4627.242,0.0022,0.0022
03.11.2021 00:51:32.650 GMT+0100,4628.146,4627.442,0.0035,0.0022
03.11.2021 00:51:32.701 GMT+0100,4628.161,4627.448,0.0022,0.0022
03.11.2021 00:51:32.811 GMT+0100,4627.901,4627.446,0.0022,0.0004
03.11.2021 00:51:32.861 GMT+0100,4627.955,4627.251,0.0022,0.0022
03.11.2021 00:51:43.970 GMT+0100,4628.101,4627.445,0.0035,0.0022
03.11.2021 00:51:44.020 GMT+0100,4628.149,4627.451,0.0022,0.0022
03.11.2021 00:51:56.854 GMT+0100,4627.8640000000005,4627.434,0.0022,0.0004
03.11.2021 00:51:56.904 GMT+0100,4627.846,4627.133,0.0022,0.0022
03.11.2021 00:52:26.603 GMT+0100,4628.146,4627.454000000001,0.0035,0.0022
03.11.2021 00:52:26.653 GMT+0100,4628.101,4627.448,0.0022,0.0022
03.11.2021 00:53:58.008 GMT+0100,4628.146,4627.454000000001,0.0035,0.0022
03.11.2021 00:53:58.058 GMT+0100,4627.901,4627.245,0.0022,0.0022
03.11.2021 00:54:01.931 GMT+0100,4628.158,4627.442,0.0022,0.0022
03.11.2021 00:55:01.362 GMT+0100,4628.155,4627.436,0.0035,0.0022
03.11.2021 00:55:01.412 GMT+0100,4627.958,4627.242,0.0022,0.0022
03.11.2021 00:55:02.032 GMT+0100,4627.964,4627.245,0.0035,0.0022
03.11.2021 00:55:02.082 GMT+0100,4627.861,4627.154,0.0022,0.0022
03.11.2021 00:55:02.996 GMT+0100,4627.961,4627.2390000000005,0.0022,0.0022
03.11.2021 00:55:03.151 GMT+0100,4627.8009999999995,4627.243,0.0022,0.0004
03.11.2021 00:55:03.201 GMT+0100,4627.8009999999995,4627.154,0.0022,0.0022
03.11.2021 00:55:04.518 GMT+0100,4627.9490000000005,4627.299,0.0035,0.0022
03.11.2021 00:55:04.569 GMT+0100,4627.901,4627.242,0.0022,0.0022
03.11.2021 00:55:06.246 GMT+0100,4627.852,4627.237,0.0022,0.0004
03.11.2021 00:55:06.296 GMT+0100,4627.8550000000005,4627.148,0.0022,0.0022
03.11.2021 00:56:22.880 GMT+0100,4627.658,4626.933,0.0022,0.0022
03.11.2021 00:56:29.854 GMT+0100,4627.8009999999995,4627.1990000000005,0.0035,0.0022
03.11.2021 00:56:29.904 GMT+0100,4627.846,4627.154,0.0022,0.0022
03.11.2021 00:56:37.734 GMT+0100,4627.658,4626.939,0.0022,0.0022
03.11.2021 00:56:41.853 GMT+0100,4627.861,4627.154,0.0035,0.0022
03.11.2021 00:56:41.904 GMT+0100,4627.8009999999995,4627.151,0.0022,0.0022
03.11.2021 00:58:06.153 GMT+0100,4627.901,4627.251,0.0035,0.0022
03.11.2021 00:58:06.204 GMT+0100,4627.901,4627.236,0.0022,0.0022
03.11.2021 00:58:07.053 GMT+0100,4627.861,4627.243,0.0022,0.0004
03.11.2021 00:58:07.103 GMT+0100,4627.8009999999995,4627.133,0.0022,0.0022
03.11.2021 00:58:09.505 GMT+0100,4627.964,4627.236,0.0022,0.0022
03.11.2021 00:58:09.649 GMT+0100,4628.101,4627.499000000001,0.0035,0.0022
03.11.2021 00:58:09.699 GMT+0100,4628.161,4627.433,0.0022,0.0022
03.11.2021 00:58:10.374 GMT+0100,4627.852,4627.443,0.0022,0.0004
03.11.2021 00:58:10.425 GMT+0100,4627.849,4627.154,0.0022,0.0022
03.11.2021 00:58:14.126 GMT+0100,4627.955,4627.245,0.0022,0.0022
03.11.2021 00:58:14.786 GMT+0100,4628.158,4627.445,0.0022,0.0022
03.11.2021 00:59:36.373 GMT+0100,4627.8640000000005,4627.431,0.0022,0.0004
03.11.2021 00:59:36.423 GMT+0100,4627.861,4627.151,0.0022,0.0022
03.11.2021 00:59:43.697 GMT+0100,4627.9490000000005,4627.236,0.0035,0.0022
03.11.2021 00:59:43.747 GMT+0100,4627.958,4627.233,0.0022,0.0022
03.11.2021 00:59:45.398 GMT+0100,4628.146,4627.499000000001,0.0035,0.0022
03.11.2021 00:59:45.449 GMT+0100,4628.167,4627.451,0.0022,0.0022
03.11.2021 00:59:47.512 GMT+0100,4627.861,4627.431,0.0022,0.0004
03.11.2021 00:59:47.562 GMT+0100,4627.8640000000005,4627.154,0.0022,0.0022
03.11.2021 00:59:49.393 GMT+0100,4628.155,4627.433,0.0035,0.0022
03.11.2021 00:59:49.443 GMT+0100,4628.146,4627.439,0.0022,0.0022
03.11.2021 01:00:02.355 GMT+0100,4628.155,4627.433,0.0035,0.0022
03.11.2021 01:00:02.406 GMT+0100,4627.861,4627.1359999999995,0.0022,0.0022
03.11.2021 01:00:02.686 GMT+0100,4627.8640000000005,4627.252,0.0022,0.0004
03.11.2021 01:00:02.736 GMT+0100,4627.946,4627.236,0.0022,0.0022
03.11.2021 01:00:02.840 GMT+0100,4627.946,4627.452,0.0022,0.0004
03.11.2021 01:00:02.890 GMT+0100,4628.158,4627.436,0.0022,0.0022
03.11.2021 01:00:05.269 GMT+0100,4627.8550000000005,4627.4490000000005,0.0022,0.0004
03.11.2021 01:00:05.319 GMT+0100,4627.849,4627.133,0.0022,0.0022
03.11.2021 01:00:46.797 GMT+0100,4628.167,4627.454000000001,0.0035,0.0022
03.11.2021 01:00:46.847 GMT+0100,4628.161,4627.451,0.0022,0.0022
03.11.2021 01:01:03.898 GMT+0100,4627.8550000000005,4627.431,0.0022,0.0004
03.11.2021 01:01:03.948 GMT+0100,4627.8550000000005,4627.133,0.0022,0.0022
03.11.2021 01:01:22.766 GMT+0100,4627.658,4627.137000000001,0.0022,0.0004
03.11.2021 01:01:22.816 GMT+0100,4627.646,4626.945,0.0022,0.0022
03.11.2021 01:01:38.381 GMT+0100,4627.8009999999995,4627.154,0.0035,0.0022
03.11.2021 01:01:38.431 GMT+0100,4627.852,4627.142,0.0022,0.0022
03.11.2021 01:01:55.811 GMT+0100,4627.655,4627.131,0.0022,0.0004
03.11.2021 01:01:55.861 GMT+0100,4627.646,4626.933,0.0022,0.0022
03.11.2021 01:02:02.686 GMT+0100,4627.101,4626.952,0.0022,0.0004
03.11.2021 01:02:02.736 GMT+0100,4627.161,4626.451,0.0022,0.0022
03.11.2021 01:03:16.524 GMT+0100,4627.349,4626.639,0.0035,0.0022
03.11.2021 01:03:16.574 GMT+0100,4627.3009999999995,4626.645,0.0022,0.0022
03.11.2021 01:03:17.729 GMT+0100,4627.101,4626.697,0.0022,0.0004
03.11.2021 01:03:17.780 GMT+0100,4627.167,4626.451,0.0022,0.0022
03.11.2021 01:03:17.889 GMT+0100,4627.346,4626.6990000000005,0.0035,0.0022
03.11.2021 01:03:17.940 GMT+0100,4627.3640000000005,4626.6359999999995,0.0022,0.0022
03.11.2021 01:03:20.372 GMT+0100,4627.101,4626.646,0.0022,0.0004
03.11.2021 01:03:20.423 GMT+0100,4627.146,4626.442,0.0022,0.0022
03.11.2021 01:03:26.755 GMT+0100,4627.358,4626.651,0.0022,0.0022
03.11.2021 01:03:36.927 GMT+0100,4627.2609999999995,4626.646,0.0022,0.0004
03.11.2021 01:03:36.977 GMT+0100,4627.249000000001,4626.599,0.0022,0.0022
03.11.2021 01:03:41.834 GMT+0100,4627.167,4626.54,0.0022,0.0004
03.11.2021 01:03:41.884 GMT+0100,4627.149,4626.499000000001,0.0022,0.0022
03.11.2021 01:03:54.594 GMT+0100,4627.3550000000005,4626.6359999999995,0.0035,0.0022
03.11.2021 01:03:54.645 GMT+0100,4627.3550000000005,4626.648,0.0022,0.0022
03.11.2021 01:04:05.372 GMT+0100,4627.149,4626.445,0.0022,0.0022
03.11.2021 01:04:39.864 GMT+0100,4627.249000000001,4626.545,0.0035,0.0022
03.11.2021 01:04:39.914 GMT+0100,4627.246,4626.536,0.0022,0.0022
03.11.2021 01:04:41.297 GMT+0100,4627.346,4626.645,0.0035,0.0022
03.11.2021 01:04:41.347 GMT+0100,4627.3009999999995,4626.642,0.0022,0.0022
03.11.2021 01:05:00.273 GMT+0100,4627.658,4626.999000000001,0.0035,0.0022
03.11.2021 01:05:00.323 GMT+0100,4627.667,4626.951,0.0022,0.0022
03.11.2021 01:05:11.861 GMT+0100,4627.352,4626.952,0.0022,0.0004
03.11.2021 01:05:11.911 GMT+0100,4627.358,4626.639,0.0022,0.0022
03.11.2021 01:05:28.115 GMT+0100,4627.664000000001,4626.999000000001,0.0035,0.0022
03.11.2021 01:05:28.165 GMT+0100,4627.667,4626.945,0.0022,0.0022
03.11.2021 01:05:35.978 GMT+0100,4627.8009999999995,4627.133,0.0035,0.0022
03.11.2021 01:05:36.029 GMT+0100,4627.8550000000005,4627.142,0.0022,0.0022
03.11.2021 01:05:41.195 GMT+0100,4627.601,4627.137000000001,0.0022,0.0004
03.11.2021 01:05:41.245 GMT+0100,4627.646,4626.942,0.0022,0.0022
03.11.2021 01:05:43.464 GMT+0100,4627.758,4627.099,0.0035,0.0022
03.11.2021 01:05:43.514 GMT+0100,4627.755,4627.033,0.0022,0.0022
03.11.2021 01:05:44.801 GMT+0100,4627.8009999999995,4627.154,0.0035,0.0022
03.11.2021 01:05:44.852 GMT+0100,4627.8009999999995,4627.139,0.0022,0.0022
03.11.2021 01:06:05.206 GMT+0100,4627.664000000001,4626.945,0.0022,0.0022
03.11.2021 01:06:49.023 GMT+0100,4627.701,4627.048,0.0035,0.0022
03.11.2021 01:06:49.073 GMT+0100,4627.758,4627.048,0.0022,0.0022
03.11.2021 01:06:49.446 GMT+0100,4627.858,4627.148,0.0022,0.0022
03.11.2021 01:06:50.371 GMT+0100,4627.655,4627.131,0.0022,0.0004
03.11.2021 01:06:50.421 GMT+0100,4627.664000000001,4626.942,0.0022,0.0022
03.11.2021 01:07:11.172 GMT+0100,4627.349,4626.937,0.0022,0.0004
03.11.2021 01:07:11.222 GMT+0100,4627.358,4626.6990000000005,0.0022,0.0022
03.11.2021 01:07:40.201 GMT+0100,4627.152,4626.646,0.0022,0.0004
03.11.2021 01:07:40.251 GMT+0100,4627.155,4626.436,0.0022,0.0022
03.11.2021 01:07:56.995 GMT+0100,4627.246,4626.599,0.0035,0.0022
03.11.2021 01:07:57.046 GMT+0100,4627.252,4626.536,0.0022,0.0022
03.11.2021 01:07:58.020 GMT+0100,4627.167,4626.537,0.0022,0.0004
03.11.2021 01:07:58.070 GMT+0100,4627.164000000001,4626.439,0.0022,0.0022
03.11.2021 01:08:26.741 GMT+0100,4626.858,4626.437,0.0022,0.0004
03.11.2021 01:08:26.792 GMT+0100,4626.8550000000005,4626.151,0.0022,0.0022
03.11.2021 01:08:27.244 GMT+0100,4626.646,4626.146,0.0022,0.0004
03.11.2021 01:08:27.294 GMT+0100,4626.646,4625.945,0.0022,0.0022
03.11.2021 01:08:35.111 GMT+0100,4626.752,4626.039000000001,0.0035,0.0022
03.11.2021 01:08:35.161 GMT+0100,4626.764,4626.039000000001,0.0022,0.0022
03.11.2021 01:08:36.125 GMT+0100,4626.664000000001,4626.043,0.0022,0.0004
03.11.2021 01:08:36.175 GMT+0100,4626.661,4625.948,0.0022,0.0022
03.11.2021 01:08:36.970 GMT+0100,4626.7609999999995,4626.0509999999995,0.0035,0.0022
03.11.2021 01:08:37.020 GMT+0100,4626.758,4626.099,0.0022,0.0022
03.11.2021 01:08:39.215 GMT+0100,4626.858,4626.139,0.0035,0.0022
03.11.2021 01:08:39.265 GMT+0100,4626.8550000000005,4626.151,0.0022,0.0022
03.11.2021 01:09:06.438 GMT+0100,4626.646,4625.954000000001,0.0022,0.0022
03.11.2021 01:09:07.506 GMT+0100,4626.8009999999995,4626.154,0.0035,0.0022
03.11.2021 01:09:07.556 GMT+0100,4626.8009999999995,4626.142,0.0022,0.0022
03.11.2021 01:09:09.174 GMT+0100,4626.755,4626.149,0.0022,0.0004
03.11.2021 01:09:09.225 GMT+0100,4626.767,4626.054,0.0022,0.0022
03.11.2021 01:09:09.864 GMT+0100,4626.601,4626.097000000001,0.0022,0.0004
03.11.2021 01:09:09.915 GMT+0100,4626.649,4625.939,0.0022,0.0022
03.11.2021 01:09:11.094 GMT+0100,4626.758,4626.033,0.0035,0.0022
03.11.2021 01:09:11.144 GMT+0100,4626.746,4626.054,0.0022,0.0022
03.11.2021 01:09:11.253 GMT+0100,4626.867,4626.133,0.0035,0.0022
03.11.2021 01:09:11.303 GMT+0100,4626.846,4626.1359999999995,0.0022,0.0022
03.11.2021 01:09:14.750 GMT+0100,4626.664000000001,4626.143,0.0022,0.0004
03.11.2021 01:09:14.800 GMT+0100,4626.667,4625.951,0.0022,0.0022
03.11.2021 01:10:11.991 GMT+0100,4626.701,4626.099,0.0035,0.0022
03.11.2021 01:10:12.041 GMT+0100,4626.764,4626.099,0.0022,0.0022
03.11.2021 01:10:13.321 GMT+0100,4626.667,4626.046,0.0022,0.0004
03.11.2021 01:10:13.371 GMT+0100,4626.646,4625.954000000001,0.0022,0.0022
03.11.2021 01:10:20.275 GMT+0100,4626.8640000000005,4626.148,0.0035,0.0022
03.11.2021 01:10:20.326 GMT+0100,4626.867,4626.151,0.0022,0.0022
03.11.2021 01:10:48.715 GMT+0100,4626.646,4626.152,0.0022,0.0004
03.11.2021 01:10:48.766 GMT+0100,4626.667,4625.942,0.0022,0.0022
03.11.2021 01:10:55.515 GMT+0100,4626.758,4626.099,0.0035,0.0022
03.11.2021 01:10:55.566 GMT+0100,4626.758,4626.045,0.0022,0.0022
03.11.2021 01:10:57.059 GMT+0100,4626.664000000001,4625.948,0.0022,0.0022
03.11.2021 01:11:01.890 GMT+0100,4626.8009999999995,4626.133,0.0035,0.0022
03.11.2021 01:11:01.941 GMT+0100,4626.867,4626.133,0.0022,0.0022
03.11.2021 01:11:14.912 GMT+0100,4627.101,4626.445,0.0035,0.0022
03.11.2021 01:11:14.962 GMT+0100,4627.149,4626.454000000001,0.0022,0.0022
03.11.2021 01:11:21.415 GMT+0100,4626.867,4626.497,0.0022,0.0004
03.11.2021 01:11:21.466 GMT+0100,4626.846,4626.1990000000005,0.0022,0.0022
03.11.2021 01:11:27.871 GMT+0100,4626.967000000001,4626.242,0.0035,0.0022
03.11.2021 01:11:27.921 GMT+0100,4626.901,4626.254,0.0022,0.0022
03.11.2021 01:11:28.646 GMT+0100,4627.164000000001,4626.442,0.0035,0.0022
03.11.2021 01:11:28.697 GMT+0100,4627.161,4626.433,0.0022,0.0022
03.11.2021 01:11:29.405 GMT+0100,4626.952,4626.236,0.0022,0.0022
03.11.2021 01:11:30.078 GMT+0100,4626.8640000000005,4626.249000000001,0.0022,0.0004
03.11.2021 01:11:30.129 GMT+0100,4626.858,4626.145,0.0022,0.0022
03.11.2021 01:11:33.436 GMT+0100,4626.964,4626.236,0.0035,0.0022
03.11.2021 01:11:33.486 GMT+0100,4626.946,4626.245,0.0022,0.0022
03.11.2021 01:11:35.253 GMT+0100,4627.152,4626.436,0.0035,0.0022
03.11.2021 01:11:35.304 GMT+0100,4627.167,4626.433,0.0022,0.0022
03.11.2021 01:12:10.118 GMT+0100,4627.361,4626.639,0.0035,0.0022
03.11.2021 01:12:10.169 GMT+0100,4627.346,4626.654,0.0022,0.0022
03.11.2021 01:12:35.949 GMT+0100,4627.667,4626.942,0.0035,0.0022
03.11.2021 01:12:36.000 GMT+0100,4627.664000000001,4626.936,0.0022,0.0022
03.11.2021 01:12:48.536 GMT+0100,4627.3009999999995,4626.937,0.0022,0.0004
03.11.2021 01:12:48.586 GMT+0100,4627.367,4626.639,0.0022,0.0022
03.11.2021 01:12:50.951 GMT+0100,4627.661,4626.948,0.0022,0.0022
03.11.2021 01:12:54.095 GMT+0100,4627.467000000001,4626.9400000000005,0.0022,0.0004
03.11.2021 01:12:54.146 GMT+0100,4627.4490000000005,4626.748,0.0022,0.0022
03.11.2021 01:12:56.561 GMT+0100,4627.652,4626.951,0.0022,0.0022
03.11.2021 01:12:59.681 GMT+0100,4627.655,4626.948,0.0035,0.0022
03.11.2021 01:12:59.732 GMT+0100,4627.367,4626.648,0.0022,0.0022
03.11.2021 01:13:18.179 GMT+0100,4627.252,4626.652,0.0022,0.0004
03.11.2021 01:13:18.230 GMT+0100,4627.267,4626.536,0.0022,0.0022
03.11.2021 01:13:18.494 GMT+0100,4627.3640000000005,4626.648,0.0035,0.0022
03.11.2021 01:13:18.545 GMT+0100,4627.3009999999995,4626.6990000000005,0.0022,0.0022
03.11.2021 01:14:47.692 GMT+0100,4627.246,4626.637000000001,0.0022,0.0004
03.11.2021 01:14:47.742 GMT+0100,4627.264,4626.545,0.0022,0.0022
03.11.2021 01:14:47.983 GMT+0100,4627.3009999999995,4626.639,0.0035,0.0022
03.11.2021 01:14:48.033 GMT+0100,4627.367,4626.6359999999995,0.0022,0.0022
03.11.2021 01:15:04.237 GMT+0100,4627.649,4626.954000000001,0.0035,0.0022
03.11.2021 01:15:04.287 GMT+0100,4627.655,4626.936,0.0022,0.0022
03.11.2021 01:15:32.706 GMT+0100,4627.867,4627.142,0.0022,0.0022
03.11.2021 01:16:02.766 GMT+0100,4627.646,4627.143,0.0022,0.0004
03.11.2021 01:16:02.817 GMT+0100,4627.655,4626.933,0.0022,0.0022
03.11.2021 01:16:08.920 GMT+0100,4627.7609999999995,4627.0509999999995,0.0035,0.0022
03.11.2021 01:16:08.970 GMT+0100,4627.701,4627.099,0.0022,0.0022
03.11.2021 01:16:09.071 GMT+0100,4627.661,4626.951,0.0022,0.0022
03.11.2021 01:16:19.502 GMT+0100,4627.4490000000005,4626.946,0.0022,0.0004
03.11.2021 01:16:19.552 GMT+0100,4627.401,4626.754,0.0022,0.0022
03.11.2021 01:16:19.664 GMT+0100,4627.349,4626.749000000001,0.0022,0.0004
03.11.2021 01:16:19.714 GMT+0100,4627.367,4626.651,0.0022,0.0022
03.11.2021 01:16:21.114 GMT+0100,4627.667,4626.945,0.0035,0.0022
03.11.2021 01:16:21.164 GMT+0100,4627.658,4626.951,0.0022,0.0022
03.11.2021 01:16:49.883 GMT+0100,4627.149,4626.9490000000005,0.0022,0.0004
03.11.2021 01:16:49.933 GMT+0100,4627.161,4626.442,0.0022,0.0022
03.11.2021 01:17:00.913 GMT+0100,4627.367,4626.642,0.0035,0.0022
03.11.2021 01:17:00.963 GMT+0100,4627.361,4626.642,0.0022,0.0022
03.11.2021 01:17:01.393 GMT+0100,4627.101,4626.637000000001,0.0022,0.0004
03.11.2021 01:17:01.444 GMT+0100,4627.146,4626.436,0.0022,0.0022
03.11.2021 01:17:17.090 GMT+0100,4626.849,4626.431,0.0022,0.0004
03.11.2021 01:17:17.141 GMT+0100,4626.846,4626.139,0.0022,0.0022
03.11.2021 01:17:27.259 GMT+0100,4626.952,4626.2390000000005,0.0022,0.0022
03.11.2021 01:17:27.412 GMT+0100,4627.101,4626.439,0.0035,0.0022
03.11.2021 01:17:27.462 GMT+0100,4627.101,4626.439,0.0022,0.0022
03.11.2021 01:17:33.531 GMT+0100,4626.958,4626.2390000000005,0.0022,0.0022
03.11.2021 01:17:35.874 GMT+0100,4627.149,4626.448,0.0035,0.0022
03.11.2021 01:17:35.925 GMT+0100,4627.167,4626.445,0.0022,0.0022
03.11.2021 01:17:53.086 GMT+0100,4627.267,4626.536,0.0035,0.0022
03.11.2021 01:17:53.136 GMT+0100,4627.258,4626.599,0.0022,0.0022
03.11.2021 01:17:54.986 GMT+0100,4627.3640000000005,4626.654,0.0022,0.0022
03.11.2021 01:18:00.634 GMT+0100,4627.255,4626.643,0.0022,0.0004
03.11.2021 01:18:00.685 GMT+0100,4627.264,4626.539000000001,0.0022,0.0022
03.11.2021 01:18:00.820 GMT+0100,4627.346,4626.639,0.0035,0.0022
03.11.2021 01:18:00.871 GMT+0100,4627.3550000000005,4626.654,0.0022,0.0022
03.11.2021 01:18:02.173 GMT+0100,4627.267,4626.631,0.0022,0.0004
03.11.2021 01:18:02.223 GMT+0100,4627.252,4626.539000000001,0.0022,0.0022
03.11.2021 01:18:02.471 GMT+0100,4627.3009999999995,4626.648,0.0035,0.0022
03.11.2021 01:18:02.521 GMT+0100,4627.358,4626.639,0.0022,0.0022
03.11.2021 01:18:35.810 GMT+0100,4627.461,4626.754,0.0035,0.0022
03.11.2021 01:18:35.860 GMT+0100,4627.446,4626.754,0.0022,0.0022
03.11.2021 01:18:37.286 GMT+0100,4627.349,4626.731,0.0022,0.0004
03.11.2021 01:18:37.336 GMT+0100,4627.346,4626.633,0.0022,0.0022
03.11.2021 01:18:39.299 GMT+0100,4627.461,4626.751,0.0035,0.0022
03.11.2021 01:18:39.349 GMT+0100,4627.464,4626.7390000000005,0.0022,0.0022
03.11.2021 01:18:39.587 GMT+0100,4627.655,4626.951,0.0035,0.0022
03.11.2021 01:18:39.637 GMT+0100,4627.601,4626.942,0.0022,0.0022
03.11.2021 01:18:40.565 GMT+0100,4627.446,4626.952,0.0022,0.0004
03.11.2021 01:18:40.616 GMT+0100,4627.455,4626.751,0.0022,0.0022
03.11.2021 01:18:41.424 GMT+0100,4627.655,4626.999000000001,0.0035,0.0022
03.11.2021 01:18:41.474 GMT+0100,4627.658,4626.951,0.0022,0.0022
03.11.2021 01:18:53.745 GMT+0100,4627.758,4627.099,0.0022,0.0022
03.11.2021 01:18:55.092 GMT+0100,4627.8550000000005,4627.1990000000005,0.0035,0.0022
03.11.2021 01:18:55.142 GMT+0100,4627.858,4627.1990000000005,0.0022,0.0022
03.11.2021 01:18:55.538 GMT+0100,4627.649,4627.137000000001,0.0022,0.0004
03.11.2021 01:18:55.588 GMT+0100,4627.658,4626.945,0.0022,0.0022
03.11.2021 01:18:57.839 GMT+0100,4627.8640000000005,4627.133,0.0035,0.0022
03.11.2021 01:18:57.889 GMT+0100,4627.8550000000005,4627.148,0.0022,0.0022
03.11.2021 01:18:59.143 GMT+0100,4627.752,4627.131,0.0022,0.0004
03.11.2021 01:18:59.194 GMT+0100,4627.764,4627.048,0.0022,0.0022
03.11.2021 01:19:00.216 GMT+0100,4627.658,4627.052000000001,0.0022,0.0004
03.11.2021 01:19:00.266 GMT+0100,4627.664000000001,4626.936,0.0022,0.0022
03.11.2021 01:19:27.741 GMT+0100,4627.8550000000005,4627.142,0.0022,0.0022
03.11.2021 01:19:45.487 GMT+0100,4628.152,4627.445,0.0035,0.0022
03.11.2021 01:19:45.537 GMT+0100,4628.167,4627.445,0.0022,0.0022
03.11.2021 01:19:46.558 GMT+0100,4628.367,4627.648,0.0022,0.0022
03.11.2021 01:20:08.840 GMT+0100,4628.146,4627.646,0.0022,0.0004
03.11.2021 01:20:08.890 GMT+0100,4628.146,4627.442,0.0022,0.0022
03.11.2021 01:20:10.071 GMT+0100,4628.255,4627.536,0.0035,0.0022
03.11.2021 01:20:10.121 GMT+0100,4628.267,4627.533,0.0022,0.0022
03.11.2021 01:20:10.231 GMT+0100,4628.167,4627.549,0.0022,0.0004
03.11.2021 01:20:10.281 GMT+0100,4628.164000000001,4627.445,0.0022,0.0022
03.11.2021 01:20:12.742 GMT+0100,4628.367,4627.639,0.0035,0.0022
03.11.2021 01:20:12.792 GMT+0100,4628.3009999999995,4627.654,0.0022,0.0022
03.11.2021 01:20:44.346 GMT+0100,4628.367,4627.931,0.0022,0.0004
03.11.2021 01:20:44.397 GMT+0100,4628.655,4627.933,0.0022,0.0022
03.11.2021 01:20:47.220 GMT+0100,4628.3550000000005,4627.997,0.0022,0.0004
03.11.2021 01:20:47.270 GMT+0100,4628.346,4627.6359999999995,0.0022,0.0022
03.11.2021 01:21:06.547 GMT+0100,4628.664000000001,4627.942,0.0035,0.0022
03.11.2021 01:21:06.597 GMT+0100,4628.601,4627.999000000001,0.0022,0.0022
03.11.2021 01:21:20.913 GMT+0100,4628.852,4628.1359999999995,0.0035,0.0022
03.11.2021 01:21:20.964 GMT+0100,4628.867,4628.139,0.0022,0.0022
03.11.2021 01:21:30.885 GMT+0100,4629.152,4628.448,0.0022,0.0022
03.11.2021 01:21:31.414 GMT+0100,4629.367,4628.645,0.0035,0.0022
03.11.2021 01:21:31.465 GMT+0100,4629.3640000000005,4628.6990000000005,0.0022,0.0022
03.11.2021 01:22:04.394 GMT+0100,4629.146,4628.643,0.0022,0.0004
03.11.2021 01:22:04.445 GMT+0100,4629.101,4628.454000000001,0.0022,0.0022
03.11.2021 01:22:07.890 GMT+0100,4629.358,4628.642,0.0035,0.0022
03.11.2021 01:22:07.940 GMT+0100,4629.3550000000005,4628.633,0.0022,0.0022
03.11.2021 01:22:09.635 GMT+0100,4629.2609999999995,4628.637000000001,0.0022,0.0004
03.11.2021 01:22:09.686 GMT+0100,4629.201,4628.542,0.0022,0.0022
03.11.2021 01:22:10.165 GMT+0100,4629.158,4628.439,0.0022,0.0022
03.11.2021 01:22:10.296 GMT+0100,4629.346,4628.645,0.0035,0.0022
03.11.2021 01:22:10.346 GMT+0100,4629.367,4628.651,0.0022,0.0022
03.11.2021 01:22:10.495 GMT+0100,4629.201,4628.536,0.0022,0.0022
03.11.2021 01:22:10.618 GMT+0100,4629.152,4628.546,0.0022,0.0004
03.11.2021 01:22:10.668 GMT+0100,4629.146,4628.436,0.0022,0.0022
03.11.2021 01:22:22.710 GMT+0100,4629.164000000001,4628.631,0.0022,0.0004
03.11.2021 01:22:22.761 GMT+0100,4629.352,4628.651,0.0022,0.0022
03.11.2021 01:22:23.532 GMT+0100,4629.252,4628.634,0.0022,0.0004
03.11.2021 01:22:23.582 GMT+0100,4629.249000000001,4628.545,0.0022,0.0022
03.11.2021 01:22:23.739 GMT+0100,4629.367,4628.642,0.0035,0.0022
03.11.2021 01:22:23.789 GMT+0100,4629.352,4628.654,0.0022,0.0022
03.11.2021 01:22:24.308 GMT+0100,4629.255,4628.652,0.0022,0.0004
03.11.2021 01:22:24.359 GMT+0100,4629.201,4628.5509999999995,0.0022,0.0022
03.11.2021 01:22:25.436 GMT+0100,4629.149,4628.54,0.0022,0.0004
03.11.2021 01:22:25.486 GMT+0100,4629.146,4628.439,0.0022,0.0022
03.11.2021 01:22:46.478 GMT+0100,4629.267,4628.554,0.0022,0.0022
03.11.2021 01:22:48.789 GMT+0100,4629.3009999999995,4628.639,0.0022,0.0022
03.11.2021 01:22:49.537 GMT+0100,4629.158,4628.643,0.0022,0.0004
03.11.2021 01:22:49.588 GMT+0100,4629.167,4628.433,0.0022,0.0022
03.11.2021 01:23:04.157 GMT+0100,4628.867,4628.4400000000005,0.0022,0.0004
03.11.2021 01:23:04.208 GMT+0100,4628.846,4628.139,0.0022,0.0022
03.11.2021 01:23:15.927 GMT+0100,4628.658,4628.137000000001,0.0022,0.0004
03.11.2021 01:23:15.978 GMT+0100,4628.658,4627.954000000001,0.0022,0.0022
03.11.2021 01:23:43.332 GMT+0100,4628.861,4628.151,0.0035,0.0022
03.11.2021 01:23:43.382 GMT+0100,4628.858,4628.151,0.0022,0.0022
03.11.2021 01:23:49.070 GMT+0100,4628.661,4628.137000000001,0.0022,0.0004
03.11.2021 01:23:49.120 GMT+0100,4628.664000000001,4627.954000000001,0.0022,0.0022
03.11.2021 01:24:22.081 GMT+0100,4628.852,4628.1990000000005,0.0035,0.0022
03.11.2021 01:24:22.132 GMT+0100,4628.861,4628.1359999999995,0.0022,0.0022
03.11.2021 01:24:50.050 GMT+0100,4628.767,4628.131,0.0022,0.0004
03.11.2021 01:24:50.101 GMT+0100,4628.7609999999995,4628.036,0.0022,0.0022
03.11.2021 01:24:50.665 GMT+0100,4628.658,4628.052000000001,0.0022,0.0004
03.11.2021 01:24:50.716 GMT+0100,4628.655,4627.936,0.0022,0.0022
03.11.2021 01:25:22.212 GMT+0100,4628.349,4627.9490000000005,0.0022,0.0004
03.11.2021 01:25:22.262 GMT+0100,4628.367,4627.654,0.0022,0.0022
03.11.2021 01:25:26.876 GMT+0100,4628.664000000001,4627.936,0.0035,0.0022
03.11.2021 01:25:26.926 GMT+0100,4628.655,4627.954000000001,0.0022,0.0022
03.11.2021 01:25:30.454 GMT+0100,4628.849,4628.154,0.0035,0.0022
03.11.2021 01:25:30.504 GMT+0100,4628.849,4628.145,0.0022,0.0022
03.11.2021 01:25:56.776 GMT+0100,4628.952,4628.245,0.0035,0.0022
03.11.2021 01:25:56.826 GMT+0100,4628.961,4628.242,0.0022,0.0022
03.11.2021 01:25:59.298 GMT+0100,4628.867,4628.154,0.0022,0.0022
03.11.2021 01:26:05.898 GMT+0100,4628.958,4628.248,0.0022,0.0022
03.11.2021 01:26:09.335 GMT+0100,4628.8550000000005,4628.249000000001,0.0022,0.0004
03.11.2021 01:26:09.386 GMT+0100,4628.858,4628.142,0.0022,0.0022
03.11.2021 01:26:13.522 GMT+0100,4628.764,4628.134,0.0022,0.0004
03.11.2021 01:26:13.572 GMT+0100,4628.758,4628.054,0.0022,0.0022
03.11.2021 01:26:14.675 GMT+0100,4628.652,4628.037,0.0022,0.0004
03.11.2021 01:26:14.725 GMT+0100,4628.667,4627.954000000001,0.0022,0.0022
03.11.2021 01:26:22.141 GMT+0100,4628.7609999999995,4628.039000000001,0.0035,0.0022
03.11.2021 01:26:22.191 GMT+0100,4628.7609999999995,4628.036,0.0022,0.0022
03.11.2021 01:26:30.656 GMT+0100,4628.846,4628.139,0.0022,0.0022
03.11.2021 01:26:39.098 GMT+0100,4628.649,4628.152,0.0022,0.0004
03.11.2021 01:26:39.148 GMT+0100,4628.661,4627.954000000001,0.0022,0.0022
03.11.2021 01:27:00.263 GMT+0100,4628.361,4627.931,0.0022,0.0004
03.11.2021 01:27:00.313 GMT+0100,4628.358,4627.639,0.0022,0.0022
03.11.2021 01:27:10.973 GMT+0100,4628.252,4627.652,0.0022,0.0004
03.11.2021 01:27:11.024 GMT+0100,4628.252,4627.539000000001,0.0022,0.0022
03.11.2021 01:27:18.265 GMT+0100,4628.346,4627.648,0.0035,0.0022
03.11.2021 01:27:18.315 GMT+0100,4628.3640000000005,4627.633,0.0022,0.0022
03.11.2021 01:27:24.499 GMT+0100,4628.101,4627.646,0.0022,0.0004
03.11.2021 01:27:24.550 GMT+0100,4628.164000000001,4627.433,0.0022,0.0022
03.11.2021 01:27:27.228 GMT+0100,4628.346,4627.633,0.0035,0.0022
03.11.2021 01:27:27.278 GMT+0100,4628.3550000000005,4627.645,0.0022,0.0022
03.11.2021 01:27:27.798 GMT+0100,4628.246,4627.652,0.0022,0.0004
03.11.2021 01:27:27.848 GMT+0100,4628.201,4627.554,0.0022,0.0022
03.11.2021 01:27:28.808 GMT+0100,4628.361,4627.6359999999995,0.0035,0.0022
03.11.2021 01:27:28.858 GMT+0100,4628.367,4627.651,0.0022,0.0022
03.11.2021 01:27:28.968 GMT+0100,4628.246,4627.646,0.0022,0.0004
03.11.2021 01:27:29.018 GMT+0100,4628.246,4627.542,0.0022,0.0022
03.11.2021 01:27:30.071 GMT+0100,4628.167,4627.442,0.0022,0.0022
03.11.2021 01:27:31.521 GMT+0100,4628.2609999999995,4627.536,0.0035,0.0022
03.11.2021 01:27:31.572 GMT+0100,4628.264,4627.5509999999995,0.0022,0.0022
03.11.2021 01:27:31.722 GMT+0100,4628.358,4627.633,0.0022,0.0022
03.11.2021 01:27:33.503 GMT+0100,4628.258,4627.637000000001,0.0022,0.0004
03.11.2021 01:27:33.554 GMT+0100,4628.267,4627.539000000001,0.0022,0.0022
03.11.2021 01:27:41.179 GMT+0100,4628.349,4627.648,0.0035,0.0022
03.11.2021 01:27:41.230 GMT+0100,4628.3550000000005,4627.633,0.0022,0.0022
03.11.2021 01:27:41.330 GMT+0100,4628.158,4627.436,0.0022,0.0022
03.11.2021 01:28:14.110 GMT+0100,4628.361,4627.639,0.0035,0.0022
03.11.2021 01:28:14.161 GMT+0100,4628.352,4627.642,0.0022,0.0022
03.11.2021 01:29:03.164 GMT+0100,4628.655,4627.954000000001,0.0022,0.0022
03.11.2021 01:29:27.098 GMT+0100,4628.346,4627.937,0.0022,0.0004
03.11.2021 01:29:27.148 GMT+0100,4628.3009999999995,4627.6990000000005,0.0022,0.0022
03.11.2021 01:29:37.198 GMT+0100,4628.149,4627.637000000001,0.0022,0.0004
03.11.2021 01:29:37.249 GMT+0100,4628.152,4627.445,0.0022,0.0022
03.11.2021 01:29:42.570 GMT+0100,4628.352,4627.642,0.0035,0.0022
03.11.2021 01:29:42.620 GMT+0100,4628.3550000000005,4627.651,0.0022,0.0022
03.11.2021 01:29:51.383 GMT+0100,4628.652,4627.999000000001,0.0035,0.0022
03.11.2021 01:29:51.434 GMT+0100,4628.667,4627.936,0.0022,0.0022
03.11.2021 01:31:48.992 GMT+0100,4628.361,4627.9400000000005,0.0022,0.0004
03.11.2021 01:31:49.042 GMT+0100,4628.352,4627.639,0.0022,0.0022
03.11.2021 01:31:51.285 GMT+0100,4628.664000000001,4627.939,0.0035,0.0022
03.11.2021 01:31:51.335 GMT+0100,4628.601,4627.933,0.0022,0.0022
03.11.2021 01:31:54.177 GMT+0100,4628.349,4627.642,0.0022,0.0022
03.11.2021 01:31:58.170 GMT+0100,4628.655,4627.954000000001,0.0035,0.0022
03.11.2021 01:31:58.220 GMT+0100,4628.658,4627.936,0.0022,0.0022
03.11.2021 01:31:58.722 GMT+0100,4628.4490000000005,4627.934,0.0022,0.0004
03.11.2021 01:31:58.773 GMT+0100,4628.4490000000005,4627.751,0.0022,0.0022
03.11.2021 01:31:58.882 GMT+0100,4628.349,4627.752,0.0022,0.0004
03.11.2021 01:31:58.932 GMT+0100,4628.367,4627.6990000000005,0.0022,0.0022
03.11.2021 01:32:15.531 GMT+0100,4628.661,4627.942,0.0035,0.0022
03.11.2021 01:32:15.581 GMT+0100,4628.652,4627.936,0.0022,0.0022
03.11.2021 01:32:40.065 GMT+0100,4628.7609999999995,4628.099,0.0022,0.0022
03.11.2021 01:32:40.726 GMT+0100,4628.846,4628.148,0.0022,0.0022
03.11.2021 01:33:00.258 GMT+0100,4628.646,4628.134,0.0022,0.0004
03.11.2021 01:33:00.309 GMT+0100,4628.661,4627.951,0.0022,0.0022
03.11.2021 01:33:29.724 GMT+0100,4628.346,4627.937,0.0022,0.0004
03.11.2021 01:33:29.774 GMT+0100,4628.3640000000005,4627.645,0.0022,0.0022
03.11.2021 01:34:13.484 GMT+0100,4628.152,4627.454000000001,0.0022,0.0022
03.11.2021 01:34:15.160 GMT+0100,4628.361,4627.633,0.0035,0.0022
03.11.2021 01:34:15.210 GMT+0100,4628.3009999999995,4627.639,0.0022,0.0022
03.11.2021 01:35:23.213 GMT+0100,4628.649,4627.945,0.0035,0.0022
03.11.2021 01:35:23.264 GMT+0100,4628.649,4627.945,0.0022,0.0022
03.11.2021 01:35:32.850 GMT+0100,4628.358,4627.997,0.0022,0.0004
03.11.2021 01:35:32.900 GMT+0100,4628.361,4627.633,0.0022,0.0022
03.11.2021 01:35:38.043 GMT+0100,4628.655,4627.945,0.0035,0.0022
03.11.2021 01:35:38.094 GMT+0100,4628.649,4627.942,0.0022,0.0022
03.11.2021 01:35:39.146 GMT+0100,4628.464,4627.946,0.0022,0.0004
03.11.2021 01:35:39.197 GMT+0100,4628.467000000001,4627.754,0.0022,0.0022
03.11.2021 01:35:43.780 GMT+0100,4628.667,4627.948,0.0035,0.0022
03.11.2021 01:35:43.830 GMT+0100,4628.667,4627.948,0.0022,0.0022
03.11.2021 01:35:46.511 GMT+0100,4628.401,4627.9400000000005,0.0022,0.0004
03.11.2021 01:35:46.562 GMT+0100,4628.446,4627.751,0.0022,0.0022
03.11.2021 01:35:48.069 GMT+0100,4628.3640000000005,4627.749000000001,0.0022,0.0004
03.11.2021 01:35:48.119 GMT+0100,4628.349,4627.645,0.0022,0.0022
03.11.2021 01:35:53.217 GMT+0100,4628.464,4627.751,0.0035,0.0022
03.11.2021 01:35:53.267 GMT+0100,4628.452,4627.751,0.0022,0.0022
03.11.2021 01:35:56.840 GMT+0100,4628.361,4627.752,0.0022,0.0004
03.11.2021 01:35:56.890 GMT+0100,4628.3640000000005,4627.642,0.0022,0.0022
03.11.2021 01:35:58.785 GMT+0100,4628.461,4627.745,0.0022,0.0022
03.11.2021 01:36:13.157 GMT+0100,4628.652,4627.942,0.0035,0.0022
03.11.2021 01:36:13.208 GMT+0100,4628.661,4627.933,0.0022,0.0022
03.11.2021 01:36:23.671 GMT+0100,4628.367,4627.943,0.0022,0.0004
03.11.2021 01:36:23.721 GMT+0100,4628.346,4627.6359999999995,0.0022,0.0022
03.11.2021 01:36:39.258 GMT+0100,4628.649,4627.936,0.0035,0.0022
03.11.2021 01:36:39.309 GMT+0100,4628.664000000001,4627.939,0.0022,0.0022
03.11.2021 01:36:41.131 GMT+0100,4628.846,4628.142,0.0035,0.0022
03.11.2021 01:36:41.182 GMT+0100,4628.8009999999995,4628.154,0.0022,0.0022
03.11.2021 01:36:50.527 GMT+0100,4628.667,4628.152,0.0022,0.0004
03.11.2021 01:36:50.577 GMT+0100,4628.652,4627.948,0.0022,0.0022
03.11.2021 01:38:15.591 GMT+0100,4628.867,4628.151,0.0035,0.0022
03.11.2021 01:38:15.641 GMT+0100,4628.861,4628.151,0.0022,0.0022
03.11.2021 01:39:06.444 GMT+0100,4628.658,4628.134,0.0022,0.0004
03.11.2021 01:39:06.495 GMT+0100,4628.601,4627.951,0.0022,0.0022
03.11.2021 01:39:38.853 GMT+0100,4628.8640000000005,4628.1359999999995,0.0035,0.0022
03.11.2021 01:39:38.903 GMT+0100,4628.846,4628.133,0.0022,0.0022
03.11.2021 01:40:14.688 GMT+0100,4628.767,4628.14,0.0022,0.0004
03.11.2021 01:40:14.738 GMT+0100,4628.7609999999995,4628.054,0.0022,0.0022
03.11.2021 01:40:16.374 GMT+0100,4628.8640000000005,4628.142,0.0035,0.0022
03.11.2021 01:40:16.424 GMT+0100,4628.861,4628.151,0.0022,0.0022
03.11.2021 01:40:36.230 GMT+0100,4628.658,4628.146,0.0022,0.0004
03.11.2021 01:40:36.281 GMT+0100,4628.664000000001,4627.936,0.0022,0.0022
03.11.2021 01:41:10.777 GMT+0100,4628.746,4628.0509999999995,0.0035,0.0022
03.11.2021 01:41:10.827 GMT+0100,4628.755,4628.042,0.0022,0.0022
03.11.2021 01:41:12.105 GMT+0100,4628.646,4628.049,0.0022,0.0004
03.11.2021 01:41:12.156 GMT+0100,4628.655,4627.951,0.0022,0.0022
03.11.2021 01:41:12.258 GMT+0100,4628.861,4628.142,0.0035,0.0022
03.11.2021 01:41:12.308 GMT+0100,4628.8009999999995,4628.142,0.0022,0.0022
03.11.2021 01:42:09.727 GMT+0100,4628.661,4628.143,0.0022,0.0004
03.11.2021 01:42:09.778 GMT+0100,4628.667,4627.942,0.0022,0.0022
03.11.2021 01:42:46.341 GMT+0100,4628.752,4628.036,0.0035,0.0022
03.11.2021 01:42:46.391 GMT+0100,4628.755,4628.036,0.0022,0.0022
03.11.2021 01:42:48.705 GMT+0100,4628.601,4628.049,0.0022,0.0004
03.11.2021 01:42:48.756 GMT+0100,4628.649,4627.951,0.0022,0.0022
03.11.2021 01:43:42.609 GMT+0100,4628.767,4628.033,0.0035,0.0022
03.11.2021 01:43:42.659 GMT+0100,4628.767,4628.039000000001,0.0022,0.0022
03.11.2021 01:43:45.985 GMT+0100,4628.846,4628.133,0.0035,0.0022
03.11.2021 01:43:46.035 GMT+0100,4628.867,4628.1990000000005,0.0022,0.0022
03.11.2021 01:43:46.136 GMT+0100,4628.658,4628.152,0.0022,0.0004
03.11.2021 01:43:46.186 GMT+0100,4628.661,4627.936,0.0022,0.0022
03.11.2021 01:44:24.370 GMT+0100,4628.361,4627.934,0.0022,0.0004
03.11.2021 01:44:24.421 GMT+0100,4628.3640000000005,4627.633,0.0022,0.0022
03.11.2021 01:44:39.067 GMT+0100,4628.464,4627.799,0.0035,0.0022
03.11.2021 01:44:39.117 GMT+0100,4628.452,4627.799,0.0022,0.0022
03.11.2021 01:44:40.880 GMT+0100,4628.646,4627.999000000001,0.0035,0.0022
03.11.2021 01:44:40.930 GMT+0100,4628.646,4627.948,0.0022,0.0022
03.11.2021 01:45:13.784 GMT+0100,4628.467000000001,4627.9400000000005,0.0022,0.0004
03.11.2021 01:45:13.834 GMT+0100,4628.401,4627.799,0.0022,0.0022
03.11.2021 01:45:18.317 GMT+0100,4628.601,4627.951,0.0022,0.0022
03.11.2021 01:45:36.073 GMT+0100,4628.349,4627.937,0.0022,0.0004
03.11.2021 01:45:36.124 GMT+0100,4628.358,4627.645,0.0022,0.0022
03.11.2021 01:45:38.066 GMT+0100,4628.658,4627.954000000001,0.0035,0.0022
03.11.2021 01:45:38.116 GMT+0100,4628.646,4627.933,0.0022,0.0022
03.11.2021 01:45:43.570 GMT+0100,4628.352,4627.943,0.0022,0.0004
03.11.2021 01:45:43.621 GMT+0100,4628.346,4627.651,0.0022,0.0022
03.11.2021 01:47:01.148 GMT+0100,4628.149,4627.634,0.0022,0.0004
03.11.2021 01:47:01.199 GMT+0100,4628.101,4627.445,0.0022,0.0022
03.11.2021 01:47:17.035 GMT+0100,4628.358,4627.639,0.0035,0.0022
03.11.2021 01:47:17.086 GMT+0100,4628.367,4627.6990000000005,0.0022,0.0022
03.11.2021 01:47:17.982 GMT+0100,4628.255,4627.697,0.0022,0.0004
03.11.2021 01:47:18.032 GMT+0100,4628.267,4627.545,0.0022,0.0022
03.11.2021 01:47:18.706 GMT+0100,4628.3009999999995,4627.651,0.0035,0.0022
03.11.2021 01:47:18.756 GMT+0100,4628.349,4627.648,0.0022,0.0022
03.11.2021 01:47:21.484 GMT+0100,4628.264,4627.652,0.0022,0.0004
03.11.2021 01:47:21.534 GMT+0100,4628.252,4627.548,0.0022,0.0022
03.11.2021 01:47:22.607 GMT+0100,4628.155,4627.531,0.0022,0.0004
03.11.2021 01:47:22.658 GMT+0100,4628.164000000001,4627.436,0.0022,0.0022
03.11.2021 01:48:06.670 GMT+0100,4628.3640000000005,4627.6359999999995,0.0022,0.0022
03.11.2021 01:48:10.848 GMT+0100,4628.652,4627.942,0.0035,0.0022
03.11.2021 01:48:10.898 GMT+0100,4628.667,4627.936,0.0022,0.0022
03.11.2021 01:48:17.892 GMT+0100,4628.352,4627.642,0.0022,0.0022
03.11.2021 01:48:46.396 GMT+0100,4628.201,4627.637000000001,0.0022,0.0004
03.11.2021 01:48:46.446 GMT+0100,4628.246,4627.536,0.0022,0.0022
03.11.2021 01:48:46.554 GMT+0100,4628.361,4627.642,0.0035,0.0022
03.11.2021 01:48:46.605 GMT+0100,4628.367,4627.645,0.0022,0.0022
03.11.2021 01:49:16.935 GMT+0100,4628.664000000001,4627.936,0.0035,0.0022
03.11.2021 01:49:16.986 GMT+0100,4628.649,4627.999000000001,0.0022,0.0022
03.11.2021 01:49:31.568 GMT+0100,4628.464,4627.946,0.0022,0.0004
03.11.2021 01:49:31.619 GMT+0100,4628.464,4627.799,0.0022,0.0022
03.11.2021 01:49:37.404 GMT+0100,4628.667,4627.942,0.0035,0.0022
03.11.2021 01:49:37.454 GMT+0100,4628.661,4627.954000000001,0.0022,0.0022
03.11.2021 01:50:30.479 GMT+0100,4628.858,4628.1359999999995,0.0035,0.0022
03.11.2021 01:50:30.530 GMT+0100,4628.849,4628.139,0.0022,0.0022
03.11.2021 01:50:41.373 GMT+0100,4628.9490000000005,4628.254,0.0035,0.0022
03.11.2021 01:50:41.424 GMT+0100,4628.955,4628.242,0.0022,0.0022
03.11.2021 01:50:43.303 GMT+0100,4629.161,4628.499000000001,0.0035,0.0022
03.11.2021 01:50:43.353 GMT+0100,4629.158,4628.433,0.0022,0.0022
03.11.2021 01:51:41.438 GMT+0100,4629.349,4628.645,0.0035,0.0022
03.11.2021 01:51:41.489 GMT+0100,4629.352,4628.654,0.0022,0.0022
03.11.2021 01:51:53.195 GMT+0100,4629.461,4628.745,0.0035,0.0022
03.11.2021 01:51:53.246 GMT+0100,4629.4490000000005,4628.733,0.0022,0.0022
03.11.2021 01:51:53.553 GMT+0100,4629.346,4628.749000000001,0.0022,0.0004
03.11.2021 01:51:53.603 GMT+0100,4629.3009999999995,4628.6359999999995,0.0022,0.0022
03.11.2021 01:52:16.251 GMT+0100,4629.201,4628.652,0.0022,0.0004
03.11.2021 01:52:16.302 GMT+0100,4629.249000000001,4628.599,0.0022,0.0022
03.11.2021 01:52:16.660 GMT+0100,4629.164000000001,4628.549,0.0022,0.0004
03.11.2021 01:52:16.710 GMT+0100,4629.158,4628.445,0.0022,0.0022
03.11.2021 01:53:05.757 GMT+0100,4628.867,4628.133,0.0022,0.0022
03.11.2021 01:53:26.729 GMT+0100,4629.152,4628.499000000001,0.0035,0.0022
03.11.2021 01:53:26.779 GMT+0100,4629.164000000001,4628.439,0.0022,0.0022
03.11.2021 01:54:03.151 GMT+0100,4628.964,4628.443,0.0022,0.0004
03.11.2021 01:54:03.201 GMT+0100,4628.955,4628.254,0.0022,0.0022
03.11.2021 01:54:03.310 GMT+0100,4629.155,4628.433,0.0035,0.0022
03.11.2021 01:54:03.360 GMT+0100,4629.152,4628.445,0.0022,0.0022
03.11.2021 01:54:07.171 GMT+0100,4628.8640000000005,4628.148,0.0022,0.0022
03.11.2021 01:54:22.127 GMT+0100,4629.152,4628.499000000001,0.0035,0.0022
03.11.2021 01:54:22.177 GMT+0100,4629.161,4628.451,0.0022,0.0022
03.11.2021 01:54:28.688 GMT+0100,4628.952,4628.446,0.0022,0.0004
03.11.2021 01:54:28.739 GMT+0100,4628.955,4628.2390000000005,0.0022,0.0022
03.11.2021 01:54:30.829 GMT+0100,4628.861,4628.249000000001,0.0022,0.0004
03.11.2021 01:54:30.879 GMT+0100,4628.8640000000005,4628.1359999999995,0.0022,0.0022
03.11.2021 01:54:31.151 GMT+0100,4628.849,4628.237,0.0022,0.0004
03.11.2021 01:54:31.201 GMT+0100,4628.901,4628.236,0.0022,0.0022
03.11.2021 01:54:38.805 GMT+0100,4628.852,4628.249000000001,0.0022,0.0004
03.11.2021 01:54:38.855 GMT+0100,4628.8550000000005,4628.1990000000005,0.0022,0.0022
03.11.2021 01:54:43.355 GMT+0100,4628.964,4628.233,0.0035,0.0022
03.11.2021 01:54:43.406 GMT+0100,4628.967000000001,4628.242,0.0022,0.0022
03.11.2021 01:54:46.221 GMT+0100,4628.967000000001,4628.299,0.0035,0.0022
03.11.2021 01:54:46.271 GMT+0100,4628.867,4628.148,0.0022,0.0022
03.11.2021 01:54:52.078 GMT+0100,4628.901,4628.236,0.0035,0.0022
03.11.2021 01:54:52.129 GMT+0100,4628.901,4628.254,0.0022,0.0022
03.11.2021 01:54:53.098 GMT+0100,4629.158,4628.442,0.0035,0.0022
03.11.2021 01:54:53.148 GMT+0100,4629.161,4628.442,0.0022,0.0022
03.11.2021 01:54:59.858 GMT+0100,4629.255,4628.542,0.0035,0.0022
03.11.2021 01:54:59.908 GMT+0100,4629.249000000001,4628.599,0.0022,0.0022
03.11.2021 01:55:00.590 GMT+0100,4629.161,4628.534000000001,0.0022,0.0004
03.11.2021 01:55:00.640 GMT+0100,4629.161,4628.499000000001,0.0022,0.0022
03.11.2021 01:55:01.969 GMT+0100,4629.255,4628.599,0.0035,0.0022
03.11.2021 01:55:02.019 GMT+0100,4629.255,4628.599,0.0022,0.0022
03.11.2021 01:55:09.932 GMT+0100,4629.349,4628.6359999999995,0.0035,0.0022
03.11.2021 01:55:09.983 GMT+0100,4629.3009999999995,4628.639,0.0022,0.0022
03.11.2021 01:55:27.536 GMT+0100,4629.467000000001,4628.7390000000005,0.0035,0.0022
03.11.2021 01:55:27.586 GMT+0100,4629.455,4628.751,0.0022,0.0022
03.11.2021 01:55:28.795 GMT+0100,4629.649,4628.948,0.0035,0.0022
03.11.2021 01:55:28.845 GMT+0100,4629.658,4628.948,0.0022,0.0022
03.11.2021 01:55:30.443 GMT+0100,4629.352,4628.946,0.0022,0.0004
03.11.2021 01:55:30.493 GMT+0100,4629.346,4628.642,0.0022,0.0022
03.11.2021 01:55:31.351 GMT+0100,4629.455,4628.754,0.0022,0.0022
03.11.2021 01:55:32.518 GMT+0100,4629.349,4628.734,0.0022,0.0004
03.11.2021 01:55:32.568 GMT+0100,4629.349,4628.6990000000005,0.0022,0.0022
03.11.2021 01:55:34.373 GMT+0100,4629.401,4628.799,0.0035,0.0022
03.11.2021 01:55:34.423 GMT+0100,4629.4490000000005,4628.799,0.0022,0.0022
03.11.2021 01:55:46.567 GMT+0100,4629.349,4628.752,0.0022,0.0004
03.11.2021 01:55:46.618 GMT+0100,4629.349,4628.639,0.0022,0.0022
03.11.2021 01:55:47.276 GMT+0100,4629.452,4628.751,0.0035,0.0022
03.11.2021 01:55:47.326 GMT+0100,4629.458,4628.754,0.0022,0.0022
03.11.2021 01:55:51.378 GMT+0100,4629.3550000000005,4628.743,0.0022,0.0004
03.11.2021 01:55:51.428 GMT+0100,4629.3550000000005,4628.642,0.0022,0.0022
03.11.2021 01:55:55.125 GMT+0100,4629.664000000001,4628.999000000001,0.0035,0.0022
03.11.2021 01:55:55.175 GMT+0100,4629.658,4628.945,0.0022,0.0022
03.11.2021 01:56:07.150 GMT+0100,4629.358,4628.9490000000005,0.0022,0.0004
03.11.2021 01:56:07.201 GMT+0100,4629.358,4628.639,0.0022,0.0022
03.11.2021 01:56:37.043 GMT+0100,4629.664000000001,4628.948,0.0022,0.0022
03.11.2021 01:57:02.013 GMT+0100,4629.346,4628.997,0.0022,0.0004
03.11.2021 01:57:02.063 GMT+0100,4629.349,4628.651,0.0022,0.0022
03.11.2021 01:57:52.066 GMT+0100,4629.167,4628.697,0.0022,0.0004
03.11.2021 01:57:52.116 GMT+0100,4629.161,4628.451,0.0022,0.0022
03.11.2021 01:57:53.558 GMT+0100,4629.249000000001,4628.554,0.0035,0.0022
03.11.2021 01:57:53.608 GMT+0100,4629.255,4628.599,0.0022,0.0022
03.11.2021 01:58:03.133 GMT+0100,4629.164000000001,4628.549,0.0022,0.0004
03.11.2021 01:58:03.184 GMT+0100,4629.164000000001,4628.436,0.0022,0.0022
03.11.2021 01:58:05.131 GMT+0100,4629.252,4628.533,0.0035,0.0022
03.11.2021 01:58:05.181 GMT+0100,4629.252,4628.539000000001,0.0022,0.0022
03.11.2021 01:58:05.546 GMT+0100,4629.3009999999995,4628.6359999999995,0.0035,0.0022
03.11.2021 01:58:05.597 GMT+0100,4629.352,4628.642,0.0022,0.0022
03.11.2021 01:58:06.578 GMT+0100,4629.246,4628.643,0.0022,0.0004
03.11.2021 01:58:06.628 GMT+0100,4629.252,4628.5509999999995,0.0022,0.0022
03.11.2021 01:58:07.631 GMT+0100,4629.349,4628.642,0.0035,0.0022
03.11.2021 01:58:07.681 GMT+0100,4629.346,4628.6990000000005,0.0022,0.0022
03.11.2021 01:59:08.104 GMT+0100,4629.167,4628.697,0.0022,0.0004
03.11.2021 01:59:08.154 GMT+0100,4629.167,4628.436,0.0022,0.0022
03.11.2021 01:59:19.617 GMT+0100,4629.252,4628.539000000001,0.0035,0.0022
03.11.2021 01:59:19.667 GMT+0100,4629.2609999999995,4628.536,0.0022,0.0022
03.11.2021 01:59:26.580 GMT+0100,4629.358,4628.633,0.0035,0.0022
03.11.2021 01:59:26.631 GMT+0100,4629.352,4628.639,0.0022,0.0022
03.11.2021 01:59:32.668 GMT+0100,4629.258,4628.5509999999995,0.0022,0.0022
03.11.2021 01:59:33.755 GMT+0100,4629.3009999999995,4628.639,0.0035,0.0022
03.11.2021 01:59:33.806 GMT+0100,4629.349,4628.6990000000005,0.0022,0.0022
03.11.2021 02:00:02.154 GMT+0100,4629.3640000000005,4628.6359999999995,0.0035,0.0022
03.11.2021 02:00:02.204 GMT+0100,4629.158,4628.436,0.0022,0.0022
03.11.2021 02:00:02.472 GMT+0100,4628.967000000001,4628.452,0.0022,0.0004
03.11.2021 02:00:02.532 GMT+0100,4628.967000000001,4628.242,0.0022,0.0022
03.11.2021 02:00:02.633 GMT+0100,4628.8550000000005,4628.246,0.0022,0.0004
03.11.2021 02:00:02.683 GMT+0100,4628.846,4628.1990000000005,0.0022,0.0022
03.11.2021 02:00:05.701 GMT+0100,4629.164000000001,4628.445,0.0035,0.0022
03.11.2021 02:00:05.751 GMT+0100,4629.149,4628.439,0.0022,0.0022
03.11.2021 02:00:12.496 GMT+0100,4629.361,4628.6990000000005,0.0035,0.0022
03.11.2021 02:00:12.547 GMT+0100,4629.346,4628.6990000000005,0.0022,0.0022
03.11.2021 02:00:16.913 GMT+0100,4629.652,4628.951,0.0035,0.0022
03.11.2021 02:00:16.963 GMT+0100,4629.655,4628.948,0.0022,0.0022
03.11.2021 02:00:20.228 GMT+0100,4629.3550000000005,4628.931,0.0022,0.0004
03.11.2021 02:00:20.279 GMT+0100,4629.358,4628.6359999999995,0.0022,0.0022
03.11.2021 02:00:24.911 GMT+0100,4629.652,4628.948,0.0035,0.0022
03.11.2021 02:00:24.961 GMT+0100,4629.646,4628.951,0.0022,0.0022
03.11.2021 02:00:44.970 GMT+0100,4629.8009999999995,4629.1359999999995,0.0022,0.0022
03.11.2021 02:01:00.182 GMT+0100,4630.155,4629.442,0.0035,0.0022
03.11.2021 02:01:00.232 GMT+0100,4630.149,4629.433,0.0022,0.0022
03.11.2021 02:01:12.536 GMT+0100,4630.346,4629.642,0.0035,0.0022
03.11.2021 02:01:12.586 GMT+0100,4630.358,4629.633,0.0022,0.0022
03.11.2021 02:01:13.764 GMT+0100,4630.655,4629.942,0.0035,0.0022
03.11.2021 02:01:13.814 GMT+0100,4630.646,4629.948,0.0022,0.0022
03.11.2021 02:01:15.766 GMT+0100,4630.3550000000005,4629.931,0.0022,0.0004
03.11.2021 02:01:15.817 GMT+0100,4630.352,4629.642,0.0022,0.0022
03.11.2021 02:01:22.423 GMT+0100,4630.146,4629.652,0.0022,0.0004
03.11.2021 02:01:22.474 GMT+0100,4630.146,4629.445,0.0022,0.0022
03.11.2021 02:01:34.082 GMT+0100,4629.8550000000005,4629.4400000000005,0.0022,0.0004
03.11.2021 02:01:34.133 GMT+0100,4629.849,4629.1359999999995,0.0022,0.0022
03.11.2021 02:01:53.498 GMT+0100,4630.164000000001,4629.448,0.0035,0.0022
03.11.2021 02:01:53.549 GMT+0100,4630.167,4629.439,0.0022,0.0022
03.11.2021 02:02:00.083 GMT+0100,4630.3640000000005,4629.6990000000005,0.0035,0.0022
03.11.2021 02:02:00.133 GMT+0100,4630.346,4629.633,0.0022,0.0022
03.11.2021 02:02:16.594 GMT+0100,4630.158,4629.631,0.0022,0.0004
03.11.2021 02:02:16.644 GMT+0100,4630.149,4629.445,0.0022,0.0022
03.11.2021 02:02:39.641 GMT+0100,4630.267,4629.599,0.0035,0.0022
03.11.2021 02:02:39.691 GMT+0100,4630.255,4629.5509999999995,0.0022,0.0022
03.11.2021 02:02:40.000 GMT+0100,4630.358,4629.645,0.0035,0.0022
03.11.2021 02:02:40.051 GMT+0100,4630.361,4629.6990000000005,0.0022,0.0022
03.11.2021 02:02:40.321 GMT+0100,4630.267,4629.637000000001,0.0022,0.0004
03.11.2021 02:02:40.371 GMT+0100,4630.249000000001,4629.5509999999995,0.0022,0.0022
03.11.2021 02:02:42.560 GMT+0100,4630.155,4629.546,0.0022,0.0004
03.11.2021 02:02:42.610 GMT+0100,4630.167,4629.451,0.0022,0.0022
03.11.2021 02:03:01.635 GMT+0100,4630.3550000000005,4629.645,0.0035,0.0022
03.11.2021 02:03:01.685 GMT+0100,4630.3640000000005,4629.642,0.0022,0.0022
03.11.2021 02:03:03.686 GMT+0100,4630.161,4629.631,0.0022,0.0004
03.11.2021 02:03:03.736 GMT+0100,4630.161,4629.436,0.0022,0.0022
03.11.2021 02:03:13.451 GMT+0100,4629.858,4629.437,0.0022,0.0004
03.11.2021 02:03:13.501 GMT+0100,4629.8640000000005,4629.151,0.0022,0.0022
03.11.2021 02:03:13.611 GMT+0100,4630.152,4629.442,0.0035,0.0022
03.11.2021 02:03:13.661 GMT+0100,4630.167,4629.442,0.0022,0.0022
03.11.2021 02:03:46.766 GMT+0100,4629.858,4629.4490000000005,0.0022,0.0004
03.11.2021 02:03:46.817 GMT+0100,4629.8640000000005,4629.139,0.0022,0.0022
03.11.2021 02:03:48.202 GMT+0100,4630.101,4629.436,0.0035,0.0022
03.11.2021 02:03:48.252 GMT+0100,4630.161,4629.439,0.0022,0.0022
03.11.2021 02:04:00.660 GMT+0100,4629.858,4629.4400000000005,0.0022,0.0004
03.11.2021 02:04:00.710 GMT+0100,4629.8640000000005,4629.142,0.0022,0.0022
03.11.2021 02:04:00.821 GMT+0100,4629.964,4629.233,0.0035,0.0022
03.11.2021 02:04:00.871 GMT+0100,4629.967000000001,4629.233,0.0022,0.0022
03.11.2021 02:04:01.395 GMT+0100,4629.8640000000005,4629.154,0.0022,0.0022
03.11.2021 02:04:01.524 GMT+0100,4629.858,4629.231,0.0022,0.0004
03.11.2021 02:04:01.575 GMT+0100,4629.961,4629.236,0.0022,0.0022
03.11.2021 02:04:01.726 GMT+0100,4629.8550000000005,4629.1990000000005,0.0022,0.0022
03.11.2021 02:04:18.283 GMT+0100,4629.964,4629.242,0.0035,0.0022
03.11.2021 02:04:18.333 GMT+0100,4629.946,4629.245,0.0022,0.0022
03.11.2021 02:04:21.887 GMT+0100,4630.149,4629.436,0.0022,0.0022
03.11.2021 02:04:38.562 GMT+0100,4629.964,4629.4490000000005,0.0022,0.0004
03.11.2021 02:04:38.612 GMT+0100,4629.946,4629.248,0.0022,0.0022
03.11.2021 02:04:40.060 GMT+0100,4630.161,4629.439,0.0035,0.0022
03.11.2021 02:04:40.111 GMT+0100,4630.158,4629.445,0.0022,0.0022
03.11.2021 02:04:40.410 GMT+0100,4629.952,4629.437,0.0022,0.0004
03.11.2021 02:04:40.460 GMT+0100,4629.9490000000005,4629.299,0.0022,0.0022
03.11.2021 02:04:42.470 GMT+0100,4629.8009999999995,4629.24,0.0022,0.0004
03.11.2021 02:04:42.520 GMT+0100,4629.849,4629.145,0.0022,0.0022
03.11.2021 02:04:42.631 GMT+0100,4629.901,4629.233,0.0035,0.0022
03.11.2021 02:04:42.682 GMT+0100,4629.961,4629.248,0.0022,0.0022
03.11.2021 02:04:52.733 GMT+0100,4630.152,4629.451,0.0035,0.0022
03.11.2021 02:04:52.784 GMT+0100,4630.152,4629.445,0.0022,0.0022
03.11.2021 02:04:54.318 GMT+0100,4630.167,4629.433,0.0035,0.0022
03.11.2021 02:04:54.369 GMT+0100,4629.961,4629.236,0.0022,0.0022
03.11.2021 02:04:59.618 GMT+0100,4630.158,4629.436,0.0035,0.0022
03.11.2021 02:04:59.668 GMT+0100,4630.146,4629.445,0.0022,0.0022
03.11.2021 02:05:00.540 GMT+0100,4629.946,4629.437,0.0022,0.0004
03.11.2021 02:05:00.591 GMT+0100,4629.964,4629.2390000000005,0.0022,0.0022
03.11.2021 02:05:02.890 GMT+0100,4629.852,4629.243,0.0022,0.0004
03.11.2021 02:05:02.941 GMT+0100,4629.861,4629.145,0.0022,0.0022
03.11.2021 02:05:21.440 GMT+0100,4629.649,4629.197,0.0022,0.0004
03.11.2021 02:05:21.490 GMT+0100,4629.649,4628.936,0.0022,0.0022
03.11.2021 02:06:01.147 GMT+0100,4629.346,4628.934,0.0022,0.0004
03.11.2021 02:06:01.197 GMT+0100,4629.352,4628.651,0.0022,0.0022
03.11.2021 02:06:16.552 GMT+0100,4629.649,4628.936,0.0035,0.0022
03.11.2021 02:06:16.602 GMT+0100,4629.649,4628.948,0.0022,0.0022
03.11.2021 02:06:34.260 GMT+0100,4629.361,4628.997,0.0022,0.0004
03.11.2021 02:06:34.310 GMT+0100,4629.361,4628.6990000000005,0.0022,0.0022
03.11.2021 02:07:01.548 GMT+0100,4629.664000000001,4628.939,0.0035,0.0022
03.11.2021 02:07:01.599 GMT+0100,4629.652,4628.951,0.0022,0.0022
03.11.2021 02:09:02.192 GMT+0100,4629.867,4629.154,0.0035,0.0022
03.11.2021 02:09:02.243 GMT+0100,4629.846,4629.142,0.0022,0.0022
03.11.2021 02:09:12.101 GMT+0100,4629.667,4629.197,0.0022,0.0004
03.11.2021 02:09:12.152 GMT+0100,4629.646,4628.948,0.0022,0.0022
03.11.2021 02:09:17.779 GMT+0100,4629.361,4628.946,0.0022,0.0004
03.11.2021 02:09:17.829 GMT+0100,4629.367,4628.633,0.0022,0.0022
03.11.2021 02:09:18.260 GMT+0100,4629.464,4628.754,0.0035,0.0022
03.11.2021 02:09:18.310 GMT+0100,4629.4490000000005,4628.733,0.0022,0.0022
03.11.2021 02:09:18.668 GMT+0100,4629.3009999999995,4628.633,0.0022,0.0022
03.11.2021 02:10:00.261 GMT+0100,4629.655,4628.999000000001,0.0022,0.0022
03.11.2021 02:10:00.920 GMT+0100,4629.849,4629.142,0.0022,0.0022
03.11.2021 02:10:01.580 GMT+0100,4629.649,4628.954000000001,0.0022,0.0022
03.11.2021 02:10:06.203 GMT+0100,4629.758,4629.042,0.0022,0.0022
03.11.2021 02:10:07.914 GMT+0100,4629.867,4629.139,0.0035,0.0022
03.11.2021 02:10:07.965 GMT+0100,4629.852,4629.142,0.0022,0.0022
03.11.2021 02:10:38.488 GMT+0100,4630.161,4629.433,0.0035,0.0022
03.11.2021 02:10:38.538 GMT+0100,4630.146,4629.445,0.0022,0.0022
03.11.2021 02:11:16.688 GMT+0100,4629.946,4629.437,0.0022,0.0004
03.11.2021 02:11:16.739 GMT+0100,4629.967000000001,4629.242,0.0022,0.0022
03.11.2021 02:11:19.605 GMT+0100,4629.858,4629.24,0.0022,0.0004
03.11.2021 02:11:19.656 GMT+0100,4629.8550000000005,4629.148,0.0022,0.0022
03.11.2021 02:11:31.857 GMT+0100,4629.746,4629.134,0.0022,0.0004
03.11.2021 02:11:31.907 GMT+0100,4629.746,4629.0509999999995,0.0022,0.0022
03.11.2021 02:11:36.666 GMT+0100,4629.649,4629.097000000001,0.0022,0.0004
03.11.2021 02:11:36.716 GMT+0100,4629.649,4628.933,0.0022,0.0022
03.11.2021 02:11:37.320 GMT+0100,4629.701,4629.045,0.0022,0.0022
03.11.2021 02:11:38.986 GMT+0100,4629.667,4629.031,0.0022,0.0004
03.11.2021 02:11:39.036 GMT+0100,4629.646,4628.951,0.0022,0.0022
03.11.2021 02:11:39.899 GMT+0100,4629.7609999999995,4629.036,0.0035,0.0022
03.11.2021 02:11:39.950 GMT+0100,4629.749000000001,4629.099,0.0022,0.0022
03.11.2021 02:11:41.210 GMT+0100,4629.658,4629.043,0.0022,0.0004
03.11.2021 02:11:41.261 GMT+0100,4629.655,4628.948,0.0022,0.0022
03.11.2021 02:11:43.165 GMT+0100,4629.764,4629.099,0.0035,0.0022
03.11.2021 02:11:43.215 GMT+0100,4629.752,4629.048,0.0022,0.0022
03.11.2021 02:11:45.084 GMT+0100,4629.658,4629.037,0.0022,0.0004
03.11.2021 02:11:45.135 GMT+0100,4629.658,4628.945,0.0022,0.0022
03.11.2021 02:12:00.854 GMT+0100,4629.8009999999995,4629.139,0.0035,0.0022
03.11.2021 02:12:00.904 GMT+0100,4629.861,4629.154,0.0022,0.0022
03.11.2021 02:12:02.906 GMT+0100,4629.961,4629.299,0.0035,0.0022
03.11.2021 02:12:02.957 GMT+0100,4629.952,4629.233,0.0022,0.0022
03.11.2021 02:12:03.067 GMT+0100,4630.161,4629.448,0.0022,0.0022
03.11.2021 02:12:44.244 GMT+0100,4630.361,4629.654,0.0035,0.0022
03.11.2021 02:12:44.295 GMT+0100,4630.361,4629.642,0.0022,0.0022
03.11.2021 02:12:51.530 GMT+0100,4630.252,4629.646,0.0022,0.0004
03.11.2021 02:12:51.581 GMT+0100,4630.2609999999995,4629.554,0.0022,0.0022
03.11.2021 02:12:52.028 GMT+0100,4630.155,4629.534000000001,0.0022,0.0004
03.11.2021 02:12:52.079 GMT+0100,4630.155,4629.451,0.0022,0.0022
03.11.2021 02:12:59.433 GMT+0100,4630.264,4629.599,0.0035,0.0022
03.11.2021 02:12:59.484 GMT+0100,4630.201,4629.542,0.0022,0.0022
03.11.2021 02:13:03.476 GMT+0100,4630.3009999999995,4629.6359999999995,0.0022,0.0022
03.11.2021 02:13:55.151 GMT+0100,4630.601,4629.945,0.0035,0.0022
03.11.2021 02:13:55.201 GMT+0100,4630.664000000001,4629.936,0.0022,0.0022
03.11.2021 02:14:10.189 GMT+0100,4630.458,4629.943,0.0022,0.0004
03.11.2021 02:14:10.239 GMT+0100,4630.452,4629.733,0.0022,0.0022
03.11.2021 02:14:10.349 GMT+0100,4630.3009999999995,4629.731,0.0022,0.0004
03.11.2021 02:14:10.399 GMT+0100,4630.358,4629.645,0.0022,0.0022
03.11.2021 02:14:10.509 GMT+0100,4630.464,4629.742,0.0035,0.0022
03.11.2021 02:14:10.559 GMT+0100,4630.455,4629.7390000000005,0.0022,0.0022
03.11.2021 02:14:12.675 GMT+0100,4630.661,4629.999000000001,0.0035,0.0022
03.11.2021 02:14:12.725 GMT+0100,4630.649,4629.999000000001,0.0022,0.0022
03.11.2021 02:14:12.993 GMT+0100,4630.4490000000005,4629.9490000000005,0.0022,0.0004
03.11.2021 02:14:13.043 GMT+0100,4630.464,4629.754,0.0022,0.0022
03.11.2021 02:14:20.553 GMT+0100,4630.652,4629.951,0.0035,0.0022
03.11.2021 02:14:20.604 GMT+0100,4630.649,4629.939,0.0022,0.0022
03.11.2021 02:14:29.530 GMT+0100,4630.349,4629.946,0.0022,0.0004
03.11.2021 02:14:29.580 GMT+0100,4630.361,4629.642,0.0022,0.0022
03.11.2021 02:14:30.334 GMT+0100,4630.461,4629.748,0.0035,0.0022
03.11.2021 02:14:30.385 GMT+0100,4630.401,4629.736,0.0022,0.0022
03.11.2021 02:14:37.287 GMT+0100,4630.346,4629.752,0.0022,0.0004
03.11.2021 02:14:37.338 GMT+0100,4630.361,4629.648,0.0022,0.0022
03.11.2021 02:14:37.447 GMT+0100,4630.458,4629.7390000000005,0.0035,0.0022
03.11.2021 02:14:37.497 GMT+0100,4630.4490000000005,4629.751,0.0022,0.0022
03.11.2021 02:14:42.771 GMT+0100,4630.649,4629.939,0.0035,0.0022
03.11.2021 02:14:42.822 GMT+0100,4630.658,4629.948,0.0022,0.0022
03.11.2021 02:14:49.313 GMT+0100,4630.367,4629.997,0.0022,0.0004
03.11.2021 02:14:49.363 GMT+0100,4630.358,4629.645,0.0022,0.0022
03.11.2021 02:14:50.521 GMT+0100,4630.452,4629.745,0.0035,0.0022
03.11.2021 02:14:50.571 GMT+0100,4630.464,4629.7390000000005,0.0022,0.0022
03.11.2021 02:14:50.681 GMT+0100,4630.667,4629.951,0.0035,0.0022
03.11.2021 02:14:50.731 GMT+0100,4630.649,4629.942,0.0022,0.0022
03.11.2021 02:14:51.335 GMT+0100,4630.3550000000005,4629.934,0.0022,0.0004
03.11.2021 02:14:51.385 GMT+0100,4630.349,4629.6359999999995,0.0022,0.0022
03.11.2021 02:14:54.487 GMT+0100,4630.658,4629.951,0.0035,0.0022
03.11.2021 02:14:54.537 GMT+0100,4630.652,4629.954000000001,0.0022,0.0022
03.11.2021 02:15:02.860 GMT+0100,4630.3009999999995,4629.937,0.0022,0.0004
03.11.2021 02:15:02.910 GMT+0100,4630.358,4629.648,0.0022,0.0022
03.11.2021 02:15:04.234 GMT+0100,4630.152,4629.697,0.0022,0.0004
03.11.2021 02:15:04.285 GMT+0100,4630.152,4629.454000000001,0.0022,0.0022
03.11.2021 02:15:10.898 GMT+0100,4630.361,4629.648,0.0022,0.0022
03.11.2021 02:15:17.178 GMT+0100,4630.646,4629.942,0.0035,0.0022
03.11.2021 02:15:17.232 GMT+0100,4630.661,4629.945,0.0022,0.0022
03.11.2021 02:15:19.478 GMT+0100,4630.349,4629.639,0.0022,0.0022
03.11.2021 02:15:27.731 GMT+0100,4630.252,4629.548,0.0022,0.0022
03.11.2021 02:15:28.850 GMT+0100,4630.346,4629.6359999999995,0.0035,0.0022
03.11.2021 02:15:28.900 GMT+0100,4630.358,4629.6359999999995,0.0022,0.0022
03.11.2021 02:15:35.928 GMT+0100,4630.652,4629.999000000001,0.0035,0.0022
03.11.2021 02:15:35.978 GMT+0100,4630.658,4629.933,0.0022,0.0022
03.11.2021 02:15:42.104 GMT+0100,4630.3009999999995,4629.997,0.0022,0.0004
03.11.2021 02:15:42.154 GMT+0100,4630.358,4629.633,0.0022,0.0022
03.11.2021 02:15:49.578 GMT+0100,4630.658,4629.945,0.0035,0.0022
03.11.2021 02:15:49.628 GMT+0100,4630.667,4629.954000000001,0.0022,0.0022
03.11.2021 02:15:52.564 GMT+0100,4630.458,4629.952,0.0022,0.0004
03.11.2021 02:15:52.614 GMT+0100,4630.4490000000005,4629.754,0.0022,0.0022
03.11.2021 02:15:53.814 GMT+0100,4630.352,4629.651,0.0022,0.0022
03.11.2021 02:15:54.592 GMT+0100,4630.655,4629.999000000001,0.0035,0.0022
03.11.2021 02:15:54.642 GMT+0100,4630.664000000001,4629.948,0.0022,0.0022
03.11.2021 02:16:02.238 GMT+0100,4630.852,4630.145,0.0035,0.0022
03.11.2021 02:16:02.289 GMT+0100,4630.846,4630.154,0.0022,0.0022
03.11.2021 02:16:03.386 GMT+0100,4630.752,4630.054,0.0022,0.0022
03.11.2021 02:16:04.459 GMT+0100,4630.846,4630.145,0.0035,0.0022
03.11.2021 02:16:04.510 GMT+0100,4630.852,4630.139,0.0022,0.0022
03.11.2021 02:16:07.678 GMT+0100,4630.658,4629.942,0.0022,0.0022
03.11.2021 02:16:09.447 GMT+0100,4630.746,4630.048,0.0035,0.0022
03.11.2021 02:16:09.498 GMT+0100,4630.701,4630.036,0.0022,0.0022
03.11.2021 02:16:10.762 GMT+0100,4630.661,4630.034000000001,0.0022,0.0004
03.11.2021 02:16:10.813 GMT+0100,4630.601,4629.936,0.0022,0.0022
03.11.2021 02:16:10.978 GMT+0100,4630.752,4630.036,0.0022,0.0022
03.11.2021 02:16:12.513 GMT+0100,4630.8550000000005,4630.133,0.0035,0.0022
03.11.2021 02:16:12.564 GMT+0100,4630.8550000000005,4630.139,0.0022,0.0022
03.11.2021 02:16:21.014 GMT+0100,4630.649,4630.143,0.0022,0.0004
03.11.2021 02:16:21.064 GMT+0100,4630.601,4629.954000000001,0.0022,0.0022
03.11.2021 02:16:22.276 GMT+0100,4630.852,4630.145,0.0035,0.0022
03.11.2021 02:16:22.326 GMT+0100,4630.858,4630.1359999999995,0.0022,0.0022
03.11.2021 02:16:31.164 GMT+0100,4630.7609999999995,4630.197,0.0022,0.0004
03.11.2021 02:16:31.215 GMT+0100,4630.746,4630.048,0.0022,0.0022
03.11.2021 02:16:31.607 GMT+0100,4630.846,4630.1990000000005,0.0035,0.0022
03.11.2021 02:16:31.657 GMT+0100,4630.8550000000005,4630.154,0.0022,0.0022
03.11.2021 02:16:32.126 GMT+0100,4630.655,4630.197,0.0022,0.0004
03.11.2021 02:16:32.177 GMT+0100,4630.646,4629.936,0.0022,0.0022
03.11.2021 02:16:32.938 GMT+0100,4630.858,4630.133,0.0035,0.0022
03.11.2021 02:16:32.988 GMT+0100,4630.867,4630.154,0.0022,0.0022
03.11.2021 02:16:45.747 GMT+0100,4630.658,4630.131,0.0022,0.0004
03.11.2021 02:16:45.797 GMT+0100,4630.646,4629.948,0.0022,0.0022
03.11.2021 02:16:48.956 GMT+0100,4630.8640000000005,4630.142,0.0035,0.0022
03.11.2021 02:16:49.007 GMT+0100,4630.849,4630.139,0.0022,0.0022
03.11.2021 02:16:54.971 GMT+0100,4631.164000000001,4630.442,0.0035,0.0022
03.11.2021 02:16:55.021 GMT+0100,4631.167,4630.448,0.0022,0.0022
03.11.2021 02:16:55.131 GMT+0100,4630.901,4630.4400000000005,0.0022,0.0004
03.11.2021 02:16:55.182 GMT+0100,4630.964,4630.236,0.0022,0.0022
03.11.2021 02:16:55.568 GMT+0100,4630.8009999999995,4630.243,0.0022,0.0004
03.11.2021 02:16:55.618 GMT+0100,4630.846,4630.151,0.0022,0.0022
03.11.2021 02:16:55.813 GMT+0100,4630.964,4630.242,0.0035,0.0022
03.11.2021 02:16:55.863 GMT+0100,4630.967000000001,4630.233,0.0022,0.0022
03.11.2021 02:16:57.740 GMT+0100,4630.846,4630.2970000000005,0.0022,0.0004
03.11.2021 02:16:57.790 GMT+0100,4630.8009999999995,4630.151,0.0022,0.0022
03.11.2021 02:16:57.900 GMT+0100,4630.961,4630.242,0.0035,0.0022
03.11.2021 02:16:57.950 GMT+0100,4630.964,4630.299,0.0022,0.0022
03.11.2021 02:16:58.910 GMT+0100,4631.161,4630.454000000001,0.0035,0.0022
03.11.2021 02:16:58.961 GMT+0100,4631.158,4630.445,0.0022,0.0022
03.11.2021 02:17:00.598 GMT+0100,4630.8009999999995,4630.452,0.0022,0.0004
03.11.2021 02:17:00.649 GMT+0100,4630.867,4630.154,0.0022,0.0022
03.11.2021 02:17:13.772 GMT+0100,4630.661,4630.134,0.0022,0.0004
03.11.2021 02:17:13.822 GMT+0100,4630.652,4629.951,0.0022,0.0022
03.11.2021 02:17:22.940 GMT+0100,4630.455,4629.736,0.0022,0.0022
03.11.2021 02:17:25.656 GMT+0100,4630.655,4629.933,0.0035,0.0022
03.11.2021 02:17:25.707 GMT+0100,4630.601,4629.939,0.0022,0.0022
03.11.2021 02:17:56.548 GMT+0100,4630.752,4630.033,0.0035,0.0022
03.11.2021 02:17:56.599 GMT+0100,4630.749000000001,4630.054,0.0022,0.0022
03.11.2021 02:17:56.709 GMT+0100,4630.655,4630.052000000001,0.0022,0.0004
03.11.2021 02:17:56.759 GMT+0100,4630.661,4629.951,0.0022,0.0022
03.11.2021 02:18:07.583 GMT+0100,4630.755,4630.042,0.0035,0.0022
03.11.2021 02:18:07.633 GMT+0100,4630.746,4630.0509999999995,0.0022,0.0022
03.11.2021 02:18:10.195 GMT+0100,4630.8550000000005,4630.142,0.0035,0.0022
03.11.2021 02:18:10.246 GMT+0100,4630.858,4630.154,0.0022,0.0022
03.11.2021 02:18:29.225 GMT+0100,4630.646,4630.197,0.0022,0.0004
03.11.2021 02:18:29.275 GMT+0100,4630.646,4629.933,0.0022,0.0022
03.11.2021 02:18:33.644 GMT+0100,4630.764,4630.033,0.0035,0.0022
03.11.2021 02:18:33.695 GMT+0100,4630.7609999999995,4630.054,0.0022,0.0022
03.11.2021 02:18:41.179 GMT+0100,4630.601,4629.954000000001,0.0022,0.0022
03.11.2021 02:19:13.871 GMT+0100,4630.8640000000005,4630.1990000000005,0.0035,0.0022
03.11.2021 02:19:13.921 GMT+0100,4630.852,4630.148,0.0022,0.0022
03.11.2021 02:20:01.730 GMT+0100,4630.658,4629.942,0.0022,0.0022
03.11.2021 02:20:07.830 GMT+0100,4630.464,4629.943,0.0022,0.0004
03.11.2021 02:20:07.881 GMT+0100,4630.401,4629.748,0.0022,0.0022
03.11.2021 02:20:08.002 GMT+0100,4630.658,4629.936,0.0022,0.0022
03.11.2021 02:20:10.261 GMT+0100,4630.461,4629.952,0.0022,0.0004
03.11.2021 02:20:10.311 GMT+0100,4630.4490000000005,4629.799,0.0022,0.0022
03.11.2021 02:20:10.431 GMT+0100,4630.3550000000005,4629.74,0.0022,0.0004
03.11.2021 02:20:10.481 GMT+0100,4630.346,4629.6359999999995,0.0022,0.0022
03.11.2021 02:20:11.888 GMT+0100,4630.464,4629.742,0.0035,0.0022
03.11.2021 02:20:11.938 GMT+0100,4630.452,4629.751,0.0022,0.0022
03.11.2021 02:20:13.403 GMT+0100,4630.3640000000005,4629.734,0.0022,0.0004
03.11.2021 02:20:13.453 GMT+0100,4630.349,4629.633,0.0022,0.0022
03.11.2021 02:20:35.477 GMT+0100,4630.661,4629.939,0.0035,0.0022
03.11.2021 02:20:35.527 GMT+0100,4630.601,4629.933,0.0022,0.0022
03.11.2021 02:20:42.467 GMT+0100,4630.846,4630.1990000000005,0.0035,0.0022
03.11.2021 02:20:42.518 GMT+0100,4630.858,4630.1359999999995,0.0022,0.0022
03.11.2021 02:20:42.890 GMT+0100,4630.767,4630.152,0.0022,0.0004
03.11.2021 02:20:42.940 GMT+0100,4630.7609999999995,4630.099,0.0022,0.0022
03.11.2021 02:20:43.044 GMT+0100,4630.649,4630.034000000001,0.0022,0.0004
03.11.2021 02:20:43.094 GMT+0100,4630.655,4629.936,0.0022,0.0022
03.11.2021 02:20:46.326 GMT+0100,4630.858,4630.154,0.0035,0.0022
03.11.2021 02:20:46.376 GMT+0100,4630.846,4630.1359999999995,0.0022,0.0022
03.11.2021 02:21:31.996 GMT+0100,4631.164000000001,4630.439,0.0035,0.0022
03.11.2021 02:21:32.046 GMT+0100,4631.158,4630.451,0.0022,0.0022
03.11.2021 02:22:07.516 GMT+0100,4630.852,4630.1359999999995,0.0022,0.0022
03.11.2021 02:22:12.479 GMT+0100,4631.146,4630.433,0.0035,0.0022
03.11.2021 02:22:12.529 GMT+0100,4631.101,4630.439,0.0022,0.0022
03.11.2021 02:22:49.948 GMT+0100,4630.861,4630.431,0.0022,0.0004
03.11.2021 02:22:49.999 GMT+0100,4630.858,4630.142,0.0022,0.0022
03.11.2021 02:23:03.106 GMT+0100,4631.155,4630.454000000001,0.0035,0.0022
03.11.2021 02:23:03.157 GMT+0100,4631.167,4630.448,0.0022,0.0022
03.11.2021 02:23:47.869 GMT+0100,4630.946,4630.236,0.0022,0.0022
03.11.2021 02:23:48.443 GMT+0100,4631.161,4630.433,0.0035,0.0022
03.11.2021 02:23:48.493 GMT+0100,4631.161,4630.454000000001,0.0022,0.0022
03.11.2021 02:24:00.811 GMT+0100,4631.361,4630.645,0.0035,0.0022
03.11.2021 02:24:00.862 GMT+0100,4631.358,4630.633,0.0022,0.0022
03.11.2021 02:24:03.055 GMT+0100,4631.152,4630.445,0.0022,0.0022
03.11.2021 02:24:05.151 GMT+0100,4631.358,4630.642,0.0035,0.0022
03.11.2021 02:24:05.201 GMT+0100,4631.3009999999995,4630.6359999999995,0.0022,0.0022
03.11.2021 02:24:11.305 GMT+0100,4631.149,4630.454000000001,0.0022,0.0022
03.11.2021 02:24:30.718 GMT+0100,4631.264,4630.545,0.0035,0.0022
03.11.2021 02:24:30.768 GMT+0100,4631.264,4630.542,0.0022,0.0022
03.11.2021 02:24:30.878 GMT+0100,4631.167,4630.543,0.0022,0.0004
03.11.2021 02:24:30.928 GMT+0100,4631.167,4630.433,0.0022,0.0022
03.11.2021 02:25:01.164 GMT+0100,4631.255,4630.536,0.0035,0.0022
03.11.2021 02:25:01.215 GMT+0100,4631.258,4630.542,0.0022,0.0022
03.11.2021 02:25:01.908 GMT+0100,4631.3550000000005,4630.645,0.0035,0.0022
03.11.2021 02:25:01.958 GMT+0100,4631.367,4630.642,0.0022,0.0022
03.11.2021 02:25:11.097 GMT+0100,4631.267,4630.634,0.0022,0.0004
03.11.2021 02:25:11.147 GMT+0100,4631.267,4630.554,0.0022,0.0022
03.11.2021 02:25:13.391 GMT+0100,4631.152,4630.546,0.0022,0.0004
03.11.2021 02:25:13.442 GMT+0100,4631.167,4630.451,0.0022,0.0022
03.11.2021 02:25:14.254 GMT+0100,4631.352,4630.633,0.0035,0.0022
03.11.2021 02:25:14.304 GMT+0100,4631.358,4630.651,0.0022,0.0022
03.11.2021 02:25:27.815 GMT+0100,4631.652,4630.945,0.0035,0.0022
03.11.2021 02:25:27.865 GMT+0100,4631.601,4630.999000000001,0.0022,0.0022
03.11.2021 02:25:33.737 GMT+0100,4631.3640000000005,4630.943,0.0022,0.0004
03.11.2021 02:25:33.787 GMT+0100,4631.3550000000005,4630.639,0.0022,0.0022
03.11.2021 02:25:49.616 GMT+0100,4631.146,4630.64,0.0022,0.0004
03.11.2021 02:25:49.666 GMT+0100,4631.155,4630.445,0.0022,0.0022
03.11.2021 02:25:52.695 GMT+0100,4631.267,4630.539000000001,0.0035,0.0022
03.11.2021 02:25:52.745 GMT+0100,4631.246,4630.536,0.0022,0.0022
03.11.2021 02:25:52.908 GMT+0100,4631.146,4630.537,0.0022,0.0004
03.11.2021 02:25:52.958 GMT+0100,4631.164000000001,4630.499000000001,0.0022,0.0022
03.11.2021 02:25:53.707 GMT+0100,4631.358,4630.6359999999995,0.0035,0.0022
03.11.2021 02:25:53.758 GMT+0100,4631.349,4630.651,0.0022,0.0022
03.11.2021 02:25:54.576 GMT+0100,4631.149,4630.643,0.0022,0.0004
03.11.2021 02:25:54.626 GMT+0100,4631.155,4630.433,0.0022,0.0022
03.11.2021 02:25:56.110 GMT+0100,4631.249000000001,4630.536,0.0035,0.0022
03.11.2021 02:25:56.161 GMT+0100,4631.201,4630.554,0.0022,0.0022
03.11.2021 02:25:56.295 GMT+0100,4631.161,4630.451,0.0022,0.0022
03.11.2021 02:25:57.499 GMT+0100,4631.258,4630.533,0.0035,0.0022
03.11.2021 02:25:57.549 GMT+0100,4631.258,4630.545,0.0022,0.0022
03.11.2021 02:25:59.759 GMT+0100,4631.3640000000005,4630.648,0.0035,0.0022
03.11.2021 02:25:59.809 GMT+0100,4631.361,4630.6990000000005,0.0022,0.0022
03.11.2021 02:26:10.747 GMT+0100,4631.252,4630.652,0.0022,0.0004
03.11.2021 02:26:10.797 GMT+0100,4631.2609999999995,4630.599,0.0022,0.0022
03.11.2021 02:26:11.522 GMT+0100,4631.164000000001,4630.552000000001,0.0022,0.0004
03.11.2021 02:26:11.572 GMT+0100,4631.167,4630.448,0.0022,0.0022
03.11.2021 02:26:13.130 GMT+0100,4631.252,4630.5509999999995,0.0022,0.0022
03.11.2021 02:26:15.770 GMT+0100,4631.158,4630.448,0.0022,0.0022
03.11.2021 02:27:09.586 GMT+0100,4630.858,4630.452,0.0022,0.0004
03.11.2021 02:27:09.636 GMT+0100,4630.867,4630.145,0.0022,0.0022
03.11.2021 02:27:24.299 GMT+0100,4631.152,4630.439,0.0035,0.0022
03.11.2021 02:27:24.349 GMT+0100,4631.152,4630.448,0.0022,0.0022
03.11.2021 02:27:31.745 GMT+0100,4630.852,4630.497,0.0022,0.0004
03.11.2021 02:27:31.795 GMT+0100,4630.852,4630.1990000000005,0.0022,0.0022
03.11.2021 02:28:32.522 GMT+0100,4631.146,4630.439,0.0035,0.0022
03.11.2021 02:28:32.573 GMT+0100,4631.149,4630.439,0.0022,0.0022
03.11.2021 02:29:00.033 GMT+0100,4631.249000000001,4630.536,0.0035,0.0022
03.11.2021 02:29:00.083 GMT+0100,4631.2609999999995,4630.554,0.0022,0.0022
03.11.2021 02:29:00.227 GMT+0100,4631.367,4630.639,0.0035,0.0022
03.11.2021 02:29:00.277 GMT+0100,4631.358,4630.645,0.0022,0.0022
03.11.2021 02:29:00.376 GMT+0100,4631.255,4630.643,0.0022,0.0004
03.11.2021 02:29:00.426 GMT+0100,4631.258,4630.545,0.0022,0.0022
03.11.2021 02:29:01.112 GMT+0100,4631.367,4630.633,0.0035,0.0022
03.11.2021 02:29:01.163 GMT+0100,4631.346,4630.6990000000005,0.0022,0.0022
03.11.2021 02:29:07.921 GMT+0100,4631.167,4630.697,0.0022,0.0004
03.11.2021 02:29:07.971 GMT+0100,4631.152,4630.451,0.0022,0.0022
03.11.2021 02:29:16.927 GMT+0100,4631.367,4630.6990000000005,0.0035,0.0022
03.11.2021 02:29:16.977 GMT+0100,4631.3550000000005,4630.642,0.0022,0.0022
03.11.2021 02:29:28.384 GMT+0100,4631.101,4630.634,0.0022,0.0004
03.11.2021 02:29:28.434 GMT+0100,4631.146,4630.445,0.0022,0.0022
03.11.2021 02:29:28.849 GMT+0100,4631.264,4630.554,0.0035,0.0022
03.11.2021 02:29:28.900 GMT+0100,4631.264,4630.539000000001,0.0022,0.0022
03.11.2021 02:29:30.230 GMT+0100,4631.367,4630.6990000000005,0.0022,0.0022
03.11.2021 02:29:30.891 GMT+0100,4631.167,4630.436,0.0022,0.0022
03.11.2021 02:29:47.818 GMT+0100,4631.361,4630.648,0.0035,0.0022
03.11.2021 02:29:47.868 GMT+0100,4631.358,4630.6990000000005,0.0022,0.0022
03.11.2021 02:29:48.254 GMT+0100,4631.146,4630.634,0.0022,0.0004
03.11.2021 02:29:48.304 GMT+0100,4631.167,4630.448,0.0022,0.0022
03.11.2021 02:29:50.379 GMT+0100,4631.367,4630.648,0.0035,0.0022
03.11.2021 02:29:50.429 GMT+0100,4631.346,4630.633,0.0022,0.0022
03.11.2021 02:29:52.730 GMT+0100,4631.164000000001,4630.634,0.0022,0.0004
03.11.2021 02:29:52.780 GMT+0100,4631.167,4630.448,0.0022,0.0022
03.11.2021 02:29:53.360 GMT+0100,4631.258,4630.533,0.0035,0.0022
03.11.2021 02:29:53.410 GMT+0100,4631.246,4630.539000000001,0.0022,0.0022
03.11.2021 02:29:53.665 GMT+0100,4631.161,4630.436,0.0022,0.0022
03.11.2021 02:29:58.985 GMT+0100,4631.267,4630.539000000001,0.0035,0.0022
03.11.2021 02:29:59.036 GMT+0100,4631.2609999999995,4630.554,0.0022,0.0022
03.11.2021 02:29:59.144 GMT+0100,4631.146,4630.54,0.0022,0.0004
03.11.2021 02:29:59.194 GMT+0100,4631.152,4630.451,0.0022,0.0022
03.11.2021 02:29:59.778 GMT+0100,4631.349,4630.648,0.0035,0.0022
03.11.2021 02:29:59.829 GMT+0100,4631.367,4630.633,0.0022,0.0022
03.11.2021 02:30:23.043 GMT+0100,4631.149,4630.439,0.0022,0.0022
03.11.2021 02:30:30.523 GMT+0100,4631.346,4630.6359999999995,0.0035,0.0022
03.11.2021 02:30:30.573 GMT+0100,4631.3550000000005,4630.639,0.0022,0.0022
03.11.2021 02:30:30.897 GMT+0100,4631.152,4630.697,0.0022,0.0004
03.11.2021 02:30:30.947 GMT+0100,4631.155,4630.451,0.0022,0.0022
03.11.2021 02:31:03.172 GMT+0100,4630.8009999999995,4630.446,0.0022,0.0004
03.11.2021 02:31:03.223 GMT+0100,4630.867,4630.1359999999995,0.0022,0.0022
03.11.2021 02:31:03.655 GMT+0100,4631.158,4630.436,0.0035,0.0022
03.11.2021 02:31:03.705 GMT+0100,4631.161,4630.433,0.0022,0.0022
03.11.2021 02:31:03.815 GMT+0100,4630.946,4630.497,0.0022,0.0004
03.11.2021 02:31:03.865 GMT+0100,4630.946,4630.299,0.0022,0.0022
03.11.2021 02:31:04.532 GMT+0100,4630.8009999999995,4630.237,0.0022,0.0004
03.11.2021 02:31:04.583 GMT+0100,4630.8640000000005,4630.148,0.0022,0.0022
03.11.2021 02:31:05.112 GMT+0100,4630.9490000000005,4630.254,0.0035,0.0022
03.11.2021 02:31:05.163 GMT+0100,4630.901,4630.299,0.0022,0.0022
03.11.2021 02:31:05.314 GMT+0100,4631.101,4630.436,0.0022,0.0022
03.11.2021 02:31:07.936 GMT+0100,4630.901,4630.242,0.0022,0.0022
03.11.2021 02:31:08.618 GMT+0100,4630.852,4630.243,0.0022,0.0004
03.11.2021 02:31:08.669 GMT+0100,4630.867,4630.139,0.0022,0.0022
03.11.2021 02:31:09.485 GMT+0100,4630.958,4630.233,0.0035,0.0022
03.11.2021 02:31:09.535 GMT+0100,4630.958,4630.242,0.0022,0.0022
03.11.2021 02:31:09.831 GMT+0100,4630.861,4630.246,0.0022,0.0004
03.11.2021 02:31:09.881 GMT+0100,4630.8009999999995,4630.151,0.0022,0.0022
03.11.2021 02:31:10.412 GMT+0100,4630.958,4630.2390000000005,0.0035,0.0022
03.11.2021 02:31:10.463 GMT+0100,4630.946,4630.245,0.0022,0.0022
03.11.2021 02:31:12.507 GMT+0100,4630.849,4630.249000000001,0.0022,0.0004
03.11.2021 02:31:12.557 GMT+0100,4630.867,4630.133,0.0022,0.0022
03.11.2021 02:31:57.282 GMT+0100,4631.152,4630.445,0.0035,0.0022
03.11.2021 02:31:57.333 GMT+0100,4631.152,4630.442,0.0022,0.0022
03.11.2021 02:32:02.499 GMT+0100,4631.352,4630.651,0.0035,0.0022
03.11.2021 02:32:02.549 GMT+0100,4631.3550000000005,4630.645,0.0022,0.0022
03.11.2021 02:32:48.303 GMT+0100,4631.146,4630.499000000001,0.0022,0.0022
03.11.2021 02:32:58.950 GMT+0100,4631.361,4630.645,0.0035,0.0022
03.11.2021 02:32:59.001 GMT+0100,4631.367,4630.654,0.0022,0.0022
03.11.2021 02:33:01.284 GMT+0100,4631.161,4630.637000000001,0.0022,0.0004
03.11.2021 02:33:01.334 GMT+0100,4631.149,4630.439,0.0022,0.0022
03.11.2021 02:33:14.295 GMT+0100,4631.358,4630.651,0.0035,0.0022
03.11.2021 02:33:14.345 GMT+0100,4631.367,4630.651,0.0022,0.0022
03.11.2021 02:33:16.361 GMT+0100,4631.255,4630.533,0.0022,0.0022
03.11.2021 02:33:16.509 GMT+0100,4631.146,4630.534000000001,0.0022,0.0004
03.11.2021 02:33:16.560 GMT+0100,4631.101,4630.448,0.0022,0.0022
03.11.2021 02:33:30.748 GMT+0100,4631.361,4630.651,0.0035,0.0022
03.11.2021 02:33:30.798 GMT+0100,4631.358,4630.648,0.0022,0.0022
03.11.2021 02:33:33.784 GMT+0100,4631.101,4630.643,0.0022,0.0004
03.11.2021 02:33:33.835 GMT+0100,4631.155,4630.442,0.0022,0.0022
03.11.2021 02:33:35.582 GMT+0100,4631.267,4630.542,0.0035,0.0022
03.11.2021 02:33:35.632 GMT+0100,4631.255,4630.533,0.0022,0.0022
03.11.2021 02:33:36.315 GMT+0100,4631.352,4630.642,0.0035,0.0022
03.11.2021 02:33:36.366 GMT+0100,4631.3640000000005,4630.639,0.0022,0.0022
03.11.2021 02:33:39.138 GMT+0100,4631.249000000001,4630.554,0.0022,0.0022
03.11.2021 02:33:39.806 GMT+0100,4631.149,4630.534000000001,0.0022,0.0004
03.11.2021 02:33:39.856 GMT+0100,4631.149,4630.436,0.0022,0.0022
03.11.2021 02:33:40.789 GMT+0100,4631.264,4630.554,0.0022,0.0022
03.11.2021 02:33:41.474 GMT+0100,4631.3640000000005,4630.6359999999995,0.0035,0.0022
03.11.2021 02:33:41.524 GMT+0100,4631.349,4630.645,0.0022,0.0022
03.11.2021 02:33:41.925 GMT+0100,4631.155,4630.697,0.0022,0.0004
03.11.2021 02:33:41.975 GMT+0100,4631.164000000001,4630.433,0.0022,0.0022
03.11.2021 02:33:42.832 GMT+0100,4631.367,4630.642,0.0035,0.0022
03.11.2021 02:33:42.882 GMT+0100,4631.346,4630.648,0.0022,0.0022
03.11.2021 02:33:46.231 GMT+0100,4631.255,4630.649,0.0022,0.0004
03.11.2021 02:33:46.281 GMT+0100,4631.249000000001,4630.545,0.0022,0.0022
03.11.2021 02:33:47.721 GMT+0100,4631.3640000000005,4630.648,0.0035,0.0022
03.11.2021 02:33:47.771 GMT+0100,4631.346,4630.6990000000005,0.0022,0.0022
03.11.2021 02:33:48.522 GMT+0100,4631.267,4630.634,0.0022,0.0004
03.11.2021 02:33:48.573 GMT+0100,4631.246,4630.536,0.0022,0.0022
03.11.2021 02:33:49.701 GMT+0100,4631.361,4630.6990000000005,0.0022,0.0022
03.11.2021 02:33:50.476 GMT+0100,4631.264,4630.646,0.0022,0.0004
03.11.2021 02:33:50.527 GMT+0100,4631.255,4630.536,0.0022,0.0022
03.11.2021 02:33:51.585 GMT+0100,4631.3009999999995,4630.648,0.0035,0.0022
03.11.2021 02:33:51.636 GMT+0100,4631.3550000000005,4630.642,0.0022,0.0022
03.11.2021 02:33:52.200 GMT+0100,4631.267,4630.697,0.0022,0.0004
03.11.2021 02:33:52.251 GMT+0100,4631.264,4630.539000000001,0.0022,0.0022
03.11.2021 02:33:53.745 GMT+0100,4631.149,4630.531,0.0022,0.0004
03.11.2021 02:33:53.796 GMT+0100,4631.149,4630.451,0.0022,0.0022
03.11.2021 02:34:02.376 GMT+0100,4631.3009999999995,4630.645,0.0035,0.0022
03.11.2021 02:34:02.426 GMT+0100,4631.3640000000005,4630.639,0.0022,0.0022
03.11.2021 02:34:12.740 GMT+0100,4631.661,4630.951,0.0035,0.0022
03.11.2021 02:34:12.791 GMT+0100,4631.652,4630.948,0.0022,0.0022
03.11.2021 02:34:23.228 GMT+0100,4631.455,4630.9490000000005,0.0022,0.0004
03.11.2021 02:34:23.279 GMT+0100,4631.455,4630.748,0.0022,0.0022
03.11.2021 02:34:24.248 GMT+0100,4631.3550000000005,4630.743,0.0022,0.0004
03.11.2021 02:34:24.299 GMT+0100,4631.3550000000005,4630.642,0.0022,0.0022
03.11.2021 02:34:24.409 GMT+0100,4631.664000000001,4630.936,0.0035,0.0022
03.11.2021 02:34:24.459 GMT+0100,4631.667,4630.945,0.0022,0.0022
03.11.2021 02:34:25.543 GMT+0100,4631.446,4630.952,0.0022,0.0004
03.11.2021 02:34:25.593 GMT+0100,4631.452,4630.751,0.0022,0.0022
03.11.2021 02:34:25.703 GMT+0100,4631.3009999999995,4630.743,0.0022,0.0004
03.11.2021 02:34:25.753 GMT+0100,4631.3550000000005,4630.6359999999995,0.0022,0.0022
03.11.2021 02:34:30.402 GMT+0100,4631.664000000001,4630.951,0.0035,0.0022
03.11.2021 02:34:30.452 GMT+0100,4631.658,4630.933,0.0022,0.0022
03.11.2021 02:34:44.569 GMT+0100,4631.346,4630.9400000000005,0.0022,0.0004
03.11.2021 02:34:44.620 GMT+0100,4631.352,4630.648,0.0022,0.0022
03.11.2021 02:35:03.402 GMT+0100,4631.658,4630.999000000001,0.0035,0.0022
03.11.2021 02:35:03.453 GMT+0100,4631.658,4630.954000000001,0.0022,0.0022
03.11.2021 02:35:22.798 GMT+0100,4631.8550000000005,4631.133,0.0022,0.0022
03.11.2021 02:35:39.403 GMT+0100,4632.161,4631.451,0.0035,0.0022
03.11.2021 02:35:39.454 GMT+0100,4632.167,4631.448,0.0022,0.0022
03.11.2021 02:35:49.465 GMT+0100,4631.8640000000005,4631.4490000000005,0.0022,0.0004
03.11.2021 02:35:49.515 GMT+0100,4631.867,4631.148,0.0022,0.0022
03.11.2021 02:35:51.086 GMT+0100,4632.164000000001,4631.442,0.0035,0.0022
03.11.2021 02:35:51.136 GMT+0100,4632.164000000001,4631.499000000001,0.0022,0.0022
03.11.2021 02:36:35.275 GMT+0100,4632.2609999999995,4631.5509999999995,0.0035,0.0022
03.11.2021 02:36:35.325 GMT+0100,4632.252,4631.599,0.0022,0.0022
03.11.2021 02:36:35.478 GMT+0100,4632.349,4631.654,0.0035,0.0022
03.11.2021 02:36:35.529 GMT+0100,4632.346,4631.642,0.0022,0.0022
03.11.2021 02:36:37.974 GMT+0100,4632.161,4631.646,0.0022,0.0004
03.11.2021 02:36:38.025 GMT+0100,4632.149,4631.451,0.0022,0.0022
03.11.2021 02:36:43.199 GMT+0100,4632.346,4631.645,0.0035,0.0022
03.11.2021 02:36:43.249 GMT+0100,4632.349,4631.6990000000005,0.0022,0.0022
03.11.2021 02:36:45.318 GMT+0100,4632.152,4631.439,0.0022,0.0022
03.11.2021 02:37:06.115 GMT+0100,4632.3640000000005,4631.6990000000005,0.0022,0.0022
03.11.2021 02:37:16.954 GMT+0100,4632.655,4631.942,0.0035,0.0022
03.11.2021 02:37:17.005 GMT+0100,4632.667,4631.933,0.0022,0.0022
03.11.2021 02:37:24.271 GMT+0100,4632.361,4631.6359999999995,0.0022,0.0022
03.11.2021 02:37:24.422 GMT+0100,4632.649,4631.939,0.0035,0.0022
03.11.2021 02:37:24.472 GMT+0100,4632.664000000001,4631.945,0.0022,0.0022
03.11.2021 02:37:27.455 GMT+0100,4632.3550000000005,4631.931,0.0022,0.0004
03.11.2021 02:37:27.505 GMT+0100,4632.361,4631.633,0.0022,0.0022
03.11.2021 02:37:28.399 GMT+0100,4632.652,4631.933,0.0035,0.0022
03.11.2021 02:37:28.450 GMT+0100,4632.652,4631.954000000001,0.0022,0.0022
03.11.2021 02:37:40.909 GMT+0100,4632.861,4632.148,0.0035,0.0022
03.11.2021 02:37:40.959 GMT+0100,4632.846,4632.139,0.0022,0.0022
03.11.2021 02:37:48.425 GMT+0100,4633.155,4632.445,0.0035,0.0022
03.11.2021 02:37:48.476 GMT+0100,4633.152,4632.433,0.0022,0.0022
03.11.2021 02:38:00.449 GMT+0100,4633.264,4632.536,0.0035,0.0022
03.11.2021 02:38:00.499 GMT+0100,4633.267,4632.548,0.0022,0.0022
03.11.2021 02:38:00.832 GMT+0100,4633.358,4632.654,0.0035,0.0022
03.11.2021 02:38:00.883 GMT+0100,4633.346,4632.6990000000005,0.0022,0.0022
03.11.2021 02:38:08.699 GMT+0100,4633.601,4632.951,0.0035,0.0022
03.11.2021 02:38:08.749 GMT+0100,4633.667,4632.945,0.0022,0.0022
03.11.2021 02:38:12.032 GMT+0100,4633.349,4632.931,0.0022,0.0004
03.11.2021 02:38:12.083 GMT+0100,4633.346,4632.654,0.0022,0.0022
