Local time,Ask,Bid,AskVolume,BidVolume
03.11.2021 00:00:11.425 GMT+0100,160.69299999999998,160.644,0.0143,0.0209
03.11.2021 00:00:42.958 GMT+0100,160.72299999999998,160.678,0.0143,0.0209
03.11.2021 00:02:15.625 GMT+0100,160.725,160.67600000000002,0.0143,0.0209
03.11.2021 00:05:16.569 GMT+0100,160.726,160.67600000000002,0.0143,0.0209
03.11.2021 00:06:29.554 GMT+0100,160.756,160.71,0.0143,0.0209
03.11.2021 00:09:59.328 GMT+0100,160.76,160.70700000000002,0.0143,0.0209
03.11.2021 00:10:32.689 GMT+0100,160.72299999999998,160.683,0.0143,0.0209
03.11.2021 00:11:59.388 GMT+0100,160.726,160.678,0.0143,0.0209
03.11.2021 00:13:21.130 GMT+0100,160.759,160.71200000000002,0.0143,0.0209
03.11.2021 00:13:21.238 GMT+0100,160.744,160.695,0.0143,0.0209
03.11.2021 00:13:21.359 GMT+0100,160.73,160.679,0.0143,0.0209
03.11.2021 00:13:25.665 GMT+0100,160.758,160.70700000000002,0.0143,0.0209
03.11.2021 00:13:26.150 GMT+0100,160.74,160.694,0.0143,0.0209
03.11.2021 00:13:26.408 GMT+0100,160.761,160.70700000000002,0.0143,0.0209
03.11.2021 00:16:26.039 GMT+0100,160.761,160.70700000000002,0.0143,0.0209
03.11.2021 00:17:52.181 GMT+0100,160.73,160.678,0.0143,0.0209
03.11.2021 00:29:55.392 GMT+0100,160.728,160.68,0.0143,0.0209
03.11.2021 00:33:53.173 GMT+0100,160.726,160.67600000000002,0.0143,0.0209
03.11.2021 00:35:20.213 GMT+0100,160.73,160.68,0.0143,0.0209
03.11.2021 00:36:53.817 GMT+0100,160.729,160.681,0.0143,0.0209
03.11.2021 00:39:18.575 GMT+0100,160.727,160.678,0.0143,0.0209
03.11.2021 00:41:00.258 GMT+0100,160.72299999999998,160.681,0.0143,0.0209
03.11.2021 00:44:31.620 GMT+0100,160.73,160.67600000000002,0.0143,0.0209
03.11.2021 00:54:03.346 GMT+0100,160.727,160.68,0.0143,0.0209
03.11.2021 00:57:27.172 GMT+0100,160.694,160.644,0.0143,0.0209
03.11.2021 00:58:47.861 GMT+0100,160.664,160.614,0.0143,0.0209
03.11.2021 00:59:21.346 GMT+0100,160.698,160.644,0.0143,0.0209
03.11.2021 01:01:16.374 GMT+0100,160.71200000000002,160.661,0.0143,0.0209
03.11.2021 01:01:16.643 GMT+0100,160.698,160.64700000000002,0.0143,0.0209
03.11.2021 01:01:26.297 GMT+0100,160.725,160.679,0.0143,0.0209
03.11.2021 01:04:03.889 GMT+0100,160.758,160.70700000000002,0.0143,0.0209
03.11.2021 01:06:05.892 GMT+0100,160.785,160.739,0.0143,0.0209
03.11.2021 01:06:12.680 GMT+0100,160.76,160.71,0.0143,0.0209
03.11.2021 01:07:02.388 GMT+0100,160.785,160.739,0.0143,0.0209
03.11.2021 01:07:16.460 GMT+0100,160.757,160.708,0.0143,0.0209
03.11.2021 01:08:02.493 GMT+0100,160.789,160.738,0.0143,0.0209
03.11.2021 01:10:04.799 GMT+0100,160.789,160.741,0.0143,0.0209
03.11.2021 01:11:56.058 GMT+0100,160.758,160.708,0.0143,0.0209
03.11.2021 01:12:42.695 GMT+0100,160.77,160.728,0.0143,0.0209
03.11.2021 01:12:42.975 GMT+0100,160.789,160.74,0.0143,0.0209
03.11.2021 01:13:58.196 GMT+0100,160.756,160.71,0.0143,0.0209
03.11.2021 01:14:02.587 GMT+0100,160.787,160.74200000000002,0.0143,0.0209
03.11.2021 01:14:02.864 GMT+0100,160.76,160.711,0.0143,0.0209
03.11.2021 01:15:02.401 GMT+0100,160.78799999999998,160.743,0.0143,0.0209
03.11.2021 01:15:19.529 GMT+0100,160.806,160.759,0.0143,0.0209
03.11.2021 01:15:19.579 GMT+0100,160.851,160.806,0.0143,0.0209
03.11.2021 01:15:28.085 GMT+0100,160.816,160.77,0.0143,0.0209
03.11.2021 01:15:44.840 GMT+0100,160.854,160.806,0.0143,0.0209
03.11.2021 01:16:02.163 GMT+0100,160.82,160.773,0.0143,0.0209
03.11.2021 01:16:02.429 GMT+0100,160.84799999999998,160.804,0.0143,0.0209
03.11.2021 01:16:38.406 GMT+0100,160.838,160.786,0.0143,0.0209
03.11.2021 01:16:38.602 GMT+0100,160.819,160.776,0.0143,0.0209
03.11.2021 01:17:11.537 GMT+0100,160.85,160.805,0.0143,0.0209
03.11.2021 01:17:25.325 GMT+0100,160.81799999999998,160.77100000000002,0.0143,0.0209
03.11.2021 01:17:31.221 GMT+0100,160.852,160.805,0.0143,0.0209
03.11.2021 01:19:26.421 GMT+0100,160.852,160.80100000000002,0.0143,0.0209
03.11.2021 01:19:45.406 GMT+0100,160.821,160.77200000000002,0.0143,0.0209
03.11.2021 01:21:51.507 GMT+0100,160.82,160.769,0.0143,0.0209
03.11.2021 01:23:46.886 GMT+0100,160.823,160.773,0.0143,0.0209
03.11.2021 01:24:02.398 GMT+0100,160.853,160.80200000000002,0.0143,0.0209
03.11.2021 01:24:02.678 GMT+0100,160.819,160.77,0.0143,0.0209
03.11.2021 01:24:07.349 GMT+0100,160.838,160.792,0.0143,0.0209
03.11.2021 01:24:12.302 GMT+0100,160.821,160.776,0.0143,0.0209
03.11.2021 01:25:02.384 GMT+0100,160.853,160.806,0.0143,0.0209
03.11.2021 01:25:02.486 GMT+0100,160.823,160.773,0.0143,0.0209
03.11.2021 01:25:04.083 GMT+0100,160.834,160.789,0.0143,0.0209
03.11.2021 01:25:11.115 GMT+0100,160.816,160.774,0.0143,0.0209
03.11.2021 01:25:28.290 GMT+0100,160.835,160.792,0.0143,0.0209
03.11.2021 01:25:30.396 GMT+0100,160.81799999999998,160.773,0.0143,0.0209
03.11.2021 01:25:47.127 GMT+0100,160.853,160.808,0.0143,0.0209
03.11.2021 01:27:02.728 GMT+0100,160.821,160.77100000000002,0.0143,0.0209
03.11.2021 01:28:06.159 GMT+0100,160.852,160.806,0.0143,0.0209
03.11.2021 01:29:47.003 GMT+0100,160.838,160.789,0.0143,0.0209
03.11.2021 01:29:48.884 GMT+0100,160.853,160.808,0.0143,0.0209
03.11.2021 01:29:53.820 GMT+0100,160.823,160.774,0.0143,0.0209
03.11.2021 01:30:03.027 GMT+0100,160.835,160.786,0.0143,0.0209
03.11.2021 01:30:06.028 GMT+0100,160.81799999999998,160.769,0.0143,0.0209
03.11.2021 01:30:32.967 GMT+0100,160.85,160.80200000000002,0.0143,0.0209
03.11.2021 01:30:33.298 GMT+0100,160.821,160.77,0.0143,0.0209
03.11.2021 01:34:30.268 GMT+0100,160.816,160.769,0.0143,0.0209
03.11.2021 01:35:39.032 GMT+0100,160.787,160.741,0.0143,0.0209
03.11.2021 01:38:08.190 GMT+0100,160.816,160.774,0.0143,0.0209
03.11.2021 01:38:58.865 GMT+0100,160.78799999999998,160.743,0.0143,0.0209
03.11.2021 01:39:02.442 GMT+0100,160.82,160.77100000000002,0.0143,0.0209
03.11.2021 01:40:50.758 GMT+0100,160.85,160.803,0.0143,0.0209
03.11.2021 01:41:01.674 GMT+0100,160.83200000000002,160.785,0.0143,0.0209
03.11.2021 01:41:09.751 GMT+0100,160.816,160.77200000000002,0.0143,0.0209
03.11.2021 01:41:10.611 GMT+0100,160.836,160.789,0.0143,0.0209
03.11.2021 01:41:10.753 GMT+0100,160.84799999999998,160.805,0.0143,0.0209
03.11.2021 01:44:08.871 GMT+0100,160.851,160.80100000000002,0.0143,0.0209
03.11.2021 01:46:06.768 GMT+0100,160.853,160.80100000000002,0.0143,0.0209
03.11.2021 01:48:03.727 GMT+0100,160.84799999999998,160.80200000000002,0.0143,0.0209
03.11.2021 01:51:53.676 GMT+0100,160.82,160.77200000000002,0.0143,0.0209
03.11.2021 01:54:52.064 GMT+0100,160.823,160.776,0.0143,0.0209
03.11.2021 01:57:09.563 GMT+0100,160.82,160.77100000000002,0.0143,0.0209
03.11.2021 01:57:22.088 GMT+0100,160.852,160.808,0.0143,0.0209
03.11.2021 01:57:22.219 GMT+0100,160.822,160.776,0.0143,0.0209
03.11.2021 01:57:28.758 GMT+0100,160.853,160.80100000000002,0.0143,0.0209
03.11.2021 01:59:07.820 GMT+0100,160.851,160.80200000000002,0.0143,0.0209
03.11.2021 01:59:42.290 GMT+0100,160.822,160.776,0.0143,0.0209
03.11.2021 02:01:13.694 GMT+0100,160.852,160.80100000000002,0.0143,0.0209
03.11.2021 02:01:19.479 GMT+0100,160.834,160.785,0.0143,0.0209
03.11.2021 02:01:19.632 GMT+0100,160.81799999999998,160.774,0.0143,0.0209
03.11.2021 02:01:24.372 GMT+0100,160.855,160.804,0.0143,0.0209
03.11.2021 02:04:23.572 GMT+0100,160.84799999999998,160.806,0.0143,0.0209
03.11.2021 02:06:15.236 GMT+0100,160.853,160.80100000000002,0.0143,0.0209
03.11.2021 02:06:23.931 GMT+0100,160.819,160.77200000000002,0.0143,0.0209
03.11.2021 02:06:28.644 GMT+0100,160.855,160.80200000000002,0.0143,0.0209
03.11.2021 02:08:34.893 GMT+0100,160.881,160.834,0.0143,0.0209
03.11.2021 02:10:00.970 GMT+0100,160.851,160.806,0.0143,0.0209
03.11.2021 02:10:31.163 GMT+0100,160.882,160.833,0.0143,0.0209
03.11.2021 02:10:57.155 GMT+0100,160.866,160.816,0.0143,0.0209
03.11.2021 02:10:57.415 GMT+0100,160.84799999999998,160.806,0.0143,0.0209
03.11.2021 02:14:02.786 GMT+0100,160.821,160.77,0.0143,0.0209
03.11.2021 02:24:02.393 GMT+0100,160.82,160.776,0.0143,0.0209
03.11.2021 02:31:41.282 GMT+0100,160.823,160.774,0.0143,0.0209
03.11.2021 02:35:03.649 GMT+0100,160.82,160.776,0.0143,0.0209
03.11.2021 02:36:20.418 GMT+0100,160.819,160.773,0.0143,0.0209
03.11.2021 02:37:50.300 GMT+0100,160.816,160.77100000000002,0.0143,0.0209
03.11.2021 02:38:22.105 GMT+0100,160.78799999999998,160.739,0.0143,0.0209
03.11.2021 02:39:37.632 GMT+0100,160.79,160.738,0.0143,0.0209
03.11.2021 02:41:44.137 GMT+0100,160.816,160.769,0.0143,0.0209
03.11.2021 02:41:45.906 GMT+0100,160.789,160.741,0.0143,0.0209
03.11.2021 02:42:52.138 GMT+0100,160.81799999999998,160.77,0.0143,0.0209
03.11.2021 02:46:20.369 GMT+0100,160.81799999999998,160.77100000000002,0.0143,0.0209
03.11.2021 02:46:51.830 GMT+0100,160.803,160.757,0.0143,0.0209
03.11.2021 02:46:52.172 GMT+0100,160.82,160.773,0.0143,0.0209
03.11.2021 02:47:03.136 GMT+0100,160.792,160.74,0.0143,0.0209
03.11.2021 02:47:16.826 GMT+0100,160.819,160.776,0.0143,0.0209
03.11.2021 02:48:19.043 GMT+0100,160.854,160.805,0.0143,0.0209
03.11.2021 02:48:32.673 GMT+0100,160.819,160.77200000000002,0.0143,0.0209
03.11.2021 02:52:39.336 GMT+0100,160.82,160.77,0.0143,0.0209
03.11.2021 02:54:35.648 GMT+0100,160.81799999999998,160.77100000000002,0.0143,0.0209
03.11.2021 02:56:05.283 GMT+0100,160.81799999999998,160.769,0.0143,0.0209
03.11.2021 02:57:43.305 GMT+0100,160.853,160.805,0.0143,0.0209
03.11.2021 02:59:03.820 GMT+0100,160.851,160.805,0.0143,0.0209
03.11.2021 03:00:55.871 GMT+0100,160.85,160.80100000000002,0.0143,0.0209
03.11.2021 03:04:21.016 GMT+0100,160.853,160.805,0.0143,0.0209
03.11.2021 03:05:49.391 GMT+0100,160.822,160.77100000000002,0.0143,0.0209
03.11.2021 03:05:49.615 GMT+0100,160.854,160.808,0.0143,0.0209
03.11.2021 03:06:36.208 GMT+0100,160.816,160.774,0.0143,0.0209
03.11.2021 03:06:36.592 GMT+0100,160.853,160.80100000000002,0.0143,0.0209
03.11.2021 03:16:05.358 GMT+0100,160.882,160.83200000000002,0.0143,0.0209
03.11.2021 03:16:38.560 GMT+0100,160.85,160.80200000000002,0.0143,0.0209
03.11.2021 03:16:41.394 GMT+0100,160.881,160.83200000000002,0.0143,0.0209
03.11.2021 03:17:37.512 GMT+0100,160.866,160.819,0.0143,0.0209
03.11.2021 03:17:37.802 GMT+0100,160.879,160.83700000000002,0.0143,0.0209
03.11.2021 03:20:09.361 GMT+0100,160.855,160.808,0.0143,0.0209
03.11.2021 03:20:40.495 GMT+0100,160.881,160.835,0.0143,0.0209
03.11.2021 03:20:40.781 GMT+0100,160.87,160.823,0.0143,0.0209
03.11.2021 03:20:58.741 GMT+0100,160.884,160.834,0.0143,0.0209
03.11.2021 03:20:58.896 GMT+0100,160.868,160.817,0.0143,0.0209
03.11.2021 03:21:06.668 GMT+0100,160.851,160.80100000000002,0.0143,0.0209
03.11.2021 03:22:36.010 GMT+0100,160.854,160.804,0.0143,0.0209
03.11.2021 03:26:17.143 GMT+0100,160.84799999999998,160.80100000000002,0.0143,0.0209
03.11.2021 03:29:57.457 GMT+0100,160.85,160.805,0.0143,0.0209
03.11.2021 03:34:12.467 GMT+0100,160.852,160.803,0.0143,0.0209
03.11.2021 03:34:13.178 GMT+0100,160.885,160.83200000000002,0.0143,0.0209
03.11.2021 03:34:38.807 GMT+0100,160.85,160.808,0.0143,0.0209
03.11.2021 03:35:39.050 GMT+0100,160.881,160.833,0.0143,0.0209
03.11.2021 03:35:44.064 GMT+0100,160.868,160.817,0.0143,0.0209
03.11.2021 03:35:44.580 GMT+0100,160.853,160.806,0.0143,0.0209
03.11.2021 03:43:13.076 GMT+0100,160.854,160.804,0.0143,0.0209
03.11.2021 03:46:41.138 GMT+0100,160.85,160.808,0.0143,0.0209
03.11.2021 03:49:17.846 GMT+0100,160.852,160.805,0.0143,0.0209
03.11.2021 03:50:56.925 GMT+0100,160.855,160.808,0.0143,0.0209
03.11.2021 03:56:06.341 GMT+0100,160.853,160.806,0.0143,0.0209
03.11.2021 03:58:16.478 GMT+0100,160.85,160.808,0.0143,0.0209
03.11.2021 04:00:59.487 GMT+0100,160.881,160.839,0.0143,0.0209
03.11.2021 04:01:36.148 GMT+0100,160.912,160.87,0.0143,0.0209
03.11.2021 04:02:42.401 GMT+0100,160.912,160.866,0.0143,0.0209
03.11.2021 04:05:04.543 GMT+0100,160.917,160.87,0.0143,0.0209
03.11.2021 04:08:19.198 GMT+0100,160.917,160.866,0.0143,0.0209
03.11.2021 04:11:10.054 GMT+0100,160.916,160.863,0.0143,0.0209
03.11.2021 04:11:45.780 GMT+0100,160.898,160.855,0.0143,0.0209
03.11.2021 04:11:45.917 GMT+0100,160.912,160.87,0.0143,0.0209
03.11.2021 04:12:26.135 GMT+0100,160.941,160.89700000000002,0.0143,0.0209
03.11.2021 04:12:28.241 GMT+0100,160.917,160.866,0.0143,0.0209
03.11.2021 04:12:36.749 GMT+0100,160.94299999999998,160.901,0.0143,0.0209
03.11.2021 04:13:05.170 GMT+0100,160.916,160.863,0.0143,0.0209
03.11.2021 04:13:13.602 GMT+0100,160.933,160.886,0.0143,0.0209
03.11.2021 04:13:15.539 GMT+0100,160.946,160.898,0.0143,0.0209
03.11.2021 04:15:26.772 GMT+0100,160.944,160.898,0.0143,0.0209
03.11.2021 04:17:20.391 GMT+0100,160.912,160.87,0.0143,0.0209
03.11.2021 04:17:40.297 GMT+0100,160.94299999999998,160.899,0.0143,0.0209
03.11.2021 04:19:42.837 GMT+0100,160.912,160.863,0.0143,0.0209
03.11.2021 04:24:49.964 GMT+0100,160.914,160.864,0.0143,0.0209
03.11.2021 04:27:02.228 GMT+0100,160.91299999999998,160.86700000000002,0.0143,0.0209
03.11.2021 04:28:18.905 GMT+0100,160.914,160.864,0.0143,0.0209
03.11.2021 04:30:51.435 GMT+0100,160.914,160.86700000000002,0.0143,0.0209
03.11.2021 04:35:12.113 GMT+0100,160.917,160.866,0.0143,0.0209
03.11.2021 04:37:17.261 GMT+0100,160.948,160.89700000000002,0.0143,0.0209
03.11.2021 04:38:01.570 GMT+0100,160.914,160.863,0.0143,0.0209
03.11.2021 04:38:01.871 GMT+0100,160.948,160.899,0.0143,0.0209
03.11.2021 04:38:04.380 GMT+0100,160.912,160.868,0.0143,0.0209
03.11.2021 04:38:10.726 GMT+0100,160.944,160.89700000000002,0.0143,0.0209
03.11.2021 04:38:23.987 GMT+0100,160.97299999999998,160.93,0.0143,0.0209
03.11.2021 04:40:51.877 GMT+0100,160.97299999999998,160.92700000000002,0.0143,0.0209
03.11.2021 04:46:04.488 GMT+0100,160.977,160.933,0.0143,0.0209
03.11.2021 04:53:47.382 GMT+0100,160.975,160.931,0.0143,0.0209
03.11.2021 04:56:57.648 GMT+0100,160.976,160.933,0.0143,0.0209
03.11.2021 04:59:56.371 GMT+0100,160.979,160.92700000000002,0.0143,0.0209
03.11.2021 05:03:40.877 GMT+0100,160.976,160.928,0.0143,0.0209
03.11.2021 05:10:33.964 GMT+0100,160.976,160.92700000000002,0.0143,0.0209
03.11.2021 05:12:34.702 GMT+0100,160.979,160.931,0.0143,0.0209
03.11.2021 05:13:41.358 GMT+0100,160.975,160.93,0.0143,0.0209
03.11.2021 05:17:02.331 GMT+0100,160.98,160.928,0.0143,0.0209
03.11.2021 05:18:27.159 GMT+0100,160.97299999999998,160.92700000000002,0.0143,0.0209
03.11.2021 05:20:19.605 GMT+0100,160.97299999999998,160.93,0.0143,0.0209
03.11.2021 05:22:08.443 GMT+0100,160.975,160.928,0.0143,0.0209
03.11.2021 05:24:53.414 GMT+0100,160.98,160.929,0.0143,0.0209
03.11.2021 05:29:21.560 GMT+0100,160.977,160.928,0.0143,0.0209
03.11.2021 05:32:51.961 GMT+0100,160.98,160.929,0.0143,0.0209
03.11.2021 05:35:01.778 GMT+0100,160.978,160.93,0.0143,0.0209
03.11.2021 05:37:36.441 GMT+0100,160.976,160.931,0.0143,0.0209
03.11.2021 05:40:10.047 GMT+0100,160.97299999999998,160.928,0.0143,0.0209
03.11.2021 05:41:22.144 GMT+0100,160.977,160.931,0.0143,0.0209
03.11.2021 05:42:59.553 GMT+0100,160.97299999999998,160.92700000000002,0.0143,0.0209
03.11.2021 05:43:57.484 GMT+0100,161.006,160.96,0.0143,0.0209
03.11.2021 05:46:43.884 GMT+0100,161.039,160.99200000000002,0.0143,0.0209
03.11.2021 05:48:06.124 GMT+0100,161.042,160.993,0.0143,0.0209
03.11.2021 05:50:55.888 GMT+0100,161.037,160.991,0.0143,0.0209
03.11.2021 05:53:29.115 GMT+0100,161.041,160.993,0.0143,0.0209
03.11.2021 05:54:08.551 GMT+0100,161.073,161.024,0.0143,0.0209
03.11.2021 05:55:40.707 GMT+0100,161.039,160.989,0.0143,0.0209
03.11.2021 05:56:12.880 GMT+0100,161.05700000000002,161.006,0.0143,0.0209
03.11.2021 05:56:13.010 GMT+0100,161.072,161.02200000000002,0.0143,0.0209
03.11.2021 05:56:13.274 GMT+0100,161.039,160.99,0.0143,0.0209
03.11.2021 05:56:18.878 GMT+0100,161.05700000000002,161.005,0.0143,0.0209
03.11.2021 05:56:28.043 GMT+0100,161.069,161.023,0.0143,0.0209
03.11.2021 05:56:28.237 GMT+0100,161.053,161.011,0.0143,0.0209
03.11.2021 05:56:38.695 GMT+0100,161.07,161.02,0.0143,0.0209
03.11.2021 05:56:39.203 GMT+0100,161.05100000000002,161.007,0.0143,0.0209
03.11.2021 05:56:42.174 GMT+0100,161.069,161.02100000000002,0.0143,0.0209
03.11.2021 05:57:20.721 GMT+0100,161.039,160.991,0.0143,0.0209
03.11.2021 05:59:02.490 GMT+0100,161.03799999999998,160.993,0.0143,0.0209
03.11.2021 06:00:04.545 GMT+0100,161.039,160.995,0.0143,0.0209
03.11.2021 06:01:49.210 GMT+0100,161.008,160.96200000000002,0.0143,0.0209
03.11.2021 06:01:49.467 GMT+0100,161.035,160.99200000000002,0.0143,0.0209
03.11.2021 06:02:00.164 GMT+0100,161.01,160.959,0.0143,0.0209
03.11.2021 06:02:00.368 GMT+0100,161.041,160.993,0.0143,0.0209
03.11.2021 06:02:15.862 GMT+0100,161.01,160.96,0.0143,0.0209
03.11.2021 06:03:18.793 GMT+0100,161.007,160.958,0.0143,0.0209
03.11.2021 06:03:54.973 GMT+0100,161.039,160.99,0.0143,0.0209
03.11.2021 06:04:30.293 GMT+0100,161.007,160.964,0.0143,0.0209
03.11.2021 06:04:30.573 GMT+0100,161.041,160.991,0.0143,0.0209
03.11.2021 06:06:02.392 GMT+0100,161.008,160.958,0.0143,0.0209
03.11.2021 06:06:02.672 GMT+0100,161.039,160.988,0.0143,0.0209
03.11.2021 06:06:03.427 GMT+0100,161.01,160.961,0.0143,0.0209
03.11.2021 06:06:56.467 GMT+0100,161.042,160.991,0.0143,0.0209
03.11.2021 06:07:33.555 GMT+0100,161.011,160.958,0.0143,0.0209
03.11.2021 06:11:39.164 GMT+0100,161.008,160.96,0.0143,0.0209
03.11.2021 06:11:44.822 GMT+0100,161.035,160.991,0.0143,0.0209
03.11.2021 06:11:45.454 GMT+0100,161.011,160.964,0.0143,0.0209
03.11.2021 06:11:46.539 GMT+0100,161.02200000000002,160.975,0.0143,0.0209
03.11.2021 06:11:46.684 GMT+0100,161.035,160.99200000000002,0.0143,0.0209
03.11.2021 06:12:20.726 GMT+0100,161.009,160.96200000000002,0.0143,0.0209
03.11.2021 06:15:01.949 GMT+0100,161.004,160.964,0.0143,0.0209
03.11.2021 06:19:57.433 GMT+0100,161.007,160.95700000000002,0.0143,0.0209
03.11.2021 06:21:58.391 GMT+0100,160.98,160.92700000000002,0.0143,0.0209
03.11.2021 06:25:38.547 GMT+0100,160.98,160.929,0.0143,0.0209
03.11.2021 06:27:24.624 GMT+0100,160.994,160.941,0.0143,0.0209
03.11.2021 06:27:24.725 GMT+0100,160.98,160.933,0.0143,0.0209
03.11.2021 06:29:16.520 GMT+0100,160.94299999999998,160.894,0.0143,0.0209
03.11.2021 06:29:35.859 GMT+0100,160.98,160.928,0.0143,0.0209
03.11.2021 06:29:47.094 GMT+0100,161.004,160.96,0.0143,0.0209
03.11.2021 06:33:02.907 GMT+0100,160.98,160.928,0.0143,0.0209
03.11.2021 06:33:06.001 GMT+0100,161.007,160.964,0.0143,0.0209
03.11.2021 06:34:10.491 GMT+0100,160.98,160.929,0.0143,0.0209
03.11.2021 06:34:12.396 GMT+0100,161.01,160.959,0.0143,0.0209
03.11.2021 06:35:47.901 GMT+0100,161.023,160.977,0.0143,0.0209
03.11.2021 06:35:48.009 GMT+0100,161.035,160.989,0.0143,0.0209
03.11.2021 06:35:52.708 GMT+0100,161.025,160.98,0.0143,0.0209
03.11.2021 06:35:52.976 GMT+0100,161.006,160.96,0.0143,0.0209
03.11.2021 06:41:40.374 GMT+0100,161.011,160.964,0.0143,0.0209
03.11.2021 06:41:54.807 GMT+0100,161.041,160.993,0.0143,0.0209
03.11.2021 06:42:00.089 GMT+0100,161.02200000000002,160.975,0.0143,0.0209
03.11.2021 06:42:00.190 GMT+0100,161.009,160.961,0.0143,0.0209
03.11.2021 06:43:06.614 GMT+0100,161.009,160.959,0.0143,0.0209
03.11.2021 06:46:02.307 GMT+0100,161.009,160.961,0.0143,0.0209
03.11.2021 06:50:40.243 GMT+0100,161.004,160.959,0.0143,0.0209
03.11.2021 06:54:59.492 GMT+0100,161.008,160.96200000000002,0.0143,0.0209
03.11.2021 06:58:10.295 GMT+0100,161.007,160.964,0.0143,0.0209
03.11.2021 07:00:40.246 GMT+0100,161.037,160.99,0.0143,0.0209
03.11.2021 07:02:06.735 GMT+0100,161.008,160.959,0.0143,0.0209
03.11.2021 07:08:20.381 GMT+0100,161.006,160.964,0.0143,0.0209
03.11.2021 07:09:28.256 GMT+0100,160.97299999999998,160.93,0.0143,0.0209
03.11.2021 07:10:59.396 GMT+0100,160.94299999999998,160.89600000000002,0.0143,0.0209
03.11.2021 07:11:03.508 GMT+0100,160.978,160.92600000000002,0.0143,0.0209
03.11.2021 07:14:24.704 GMT+0100,160.979,160.92600000000002,0.0143,0.0209
03.11.2021 07:17:16.597 GMT+0100,160.964,160.91,0.0143,0.0209
03.11.2021 07:17:16.854 GMT+0100,160.948,160.901,0.0143,0.0209
03.11.2021 07:17:54.125 GMT+0100,160.975,160.928,0.0143,0.0209
03.11.2021 07:18:02.378 GMT+0100,160.941,160.899,0.0143,0.0209
03.11.2021 07:18:53.798 GMT+0100,160.96,160.91,0.0143,0.0209
03.11.2021 07:18:54.556 GMT+0100,160.978,160.931,0.0143,0.0209
03.11.2021 07:19:29.612 GMT+0100,160.948,160.898,0.0143,0.0209
03.11.2021 07:22:10.626 GMT+0100,160.978,160.92600000000002,0.0143,0.0209
03.11.2021 07:23:05.370 GMT+0100,160.944,160.89600000000002,0.0143,0.0209
03.11.2021 07:23:29.204 GMT+0100,160.975,160.92600000000002,0.0143,0.0209
03.11.2021 07:23:50.404 GMT+0100,160.948,160.901,0.0143,0.0209
03.11.2021 07:36:07.360 GMT+0100,160.941,160.89600000000002,0.0143,0.0209
03.11.2021 07:38:00.686 GMT+0100,160.979,160.929,0.0143,0.0209
03.11.2021 07:38:01.163 GMT+0100,160.993,160.948,0.0143,0.0209
03.11.2021 07:38:01.271 GMT+0100,161.011,160.961,0.0143,0.0209
03.11.2021 07:38:22.435 GMT+0100,160.979,160.928,0.0143,0.0209
03.11.2021 07:40:20.787 GMT+0100,161.006,160.96200000000002,0.0143,0.0209
03.11.2021 07:43:41.967 GMT+0100,161.007,160.96200000000002,0.0143,0.0209
03.11.2021 07:44:59.596 GMT+0100,161.037,160.99,0.0143,0.0209
03.11.2021 07:54:46.098 GMT+0100,161.007,160.96,0.0143,0.0209
03.11.2021 07:54:53.972 GMT+0100,161.02700000000002,160.975,0.0143,0.0209
03.11.2021 07:55:00.351 GMT+0100,161.041,160.99200000000002,0.0143,0.0209
03.11.2021 07:57:42.782 GMT+0100,161.073,161.026,0.0143,0.0209
03.11.2021 07:58:00.208 GMT+0100,161.035,160.989,0.0143,0.0209
03.11.2021 07:58:34.861 GMT+0100,161.054,161.006,0.0143,0.0209
03.11.2021 07:58:35.099 GMT+0100,161.04,160.99200000000002,0.0143,0.0209
03.11.2021 07:58:48.236 GMT+0100,161.06799999999998,161.023,0.0143,0.0209
03.11.2021 07:59:00.898 GMT+0100,161.03799999999998,160.99,0.0143,0.0209
03.11.2021 08:00:12.243 GMT+0100,161.073,161.023,0.0143,0.0209
03.11.2021 08:00:14.386 GMT+0100,161.037,160.993,0.0143,0.0209
03.11.2021 08:00:14.488 GMT+0100,161.06799999999998,161.026,0.0143,0.0209
03.11.2021 08:00:21.248 GMT+0100,161.101,161.054,0.0143,0.0209
03.11.2021 08:01:30.174 GMT+0100,161.133,161.08200000000002,0.0143,0.0209
03.11.2021 08:01:36.086 GMT+0100,161.09799999999998,161.05200000000002,0.0143,0.0209
03.11.2021 08:01:59.847 GMT+0100,161.136,161.089,0.0143,0.0209
03.11.2021 08:02:09.206 GMT+0100,161.165,161.11700000000002,0.0143,0.0209
03.11.2021 08:02:14.210 GMT+0100,161.197,161.144,0.0143,0.0209
03.11.2021 08:02:19.678 GMT+0100,161.213,161.165,0.0143,0.0209
03.11.2021 08:02:19.895 GMT+0100,161.19299999999998,161.14700000000002,0.0143,0.0209
03.11.2021 08:02:23.216 GMT+0100,161.20700000000002,161.162,0.0143,0.0209
03.11.2021 08:02:23.346 GMT+0100,161.225,161.183,0.0143,0.0209
03.11.2021 08:02:26.356 GMT+0100,161.21200000000002,161.161,0.0142,0.0211
03.11.2021 08:02:26.501 GMT+0100,161.198,161.144,0.0142,0.0211
03.11.2021 08:02:30.014 GMT+0100,161.229,161.181,0.0142,0.0211
03.11.2021 08:02:36.274 GMT+0100,161.196,161.14600000000002,0.0142,0.0211
03.11.2021 08:03:58.115 GMT+0100,161.165,161.114,0.0142,0.0211
03.11.2021 08:03:59.429 GMT+0100,161.131,161.086,0.0142,0.0211
03.11.2021 08:03:59.632 GMT+0100,161.16299999999998,161.116,0.0142,0.0211
03.11.2021 08:04:00.706 GMT+0100,161.129,161.085,0.0142,0.0211
03.11.2021 08:04:01.014 GMT+0100,161.167,161.114,0.0142,0.0211
03.11.2021 08:04:06.977 GMT+0100,161.129,161.089,0.0142,0.0211
03.11.2021 08:04:59.934 GMT+0100,161.101,161.058,0.0142,0.0211
03.11.2021 08:05:00.055 GMT+0100,161.132,161.084,0.0142,0.0211
03.11.2021 08:05:00.375 GMT+0100,161.102,161.05100000000002,0.0142,0.0211
03.11.2021 08:05:01.678 GMT+0100,161.129,161.086,0.0142,0.0211
03.11.2021 08:05:54.899 GMT+0100,161.162,161.113,0.0142,0.0211
03.11.2021 08:06:07.724 GMT+0100,161.134,161.08200000000002,0.0142,0.0211
03.11.2021 08:06:08.054 GMT+0100,161.16,161.116,0.0142,0.0211
03.11.2021 08:06:17.301 GMT+0100,161.132,161.085,0.0142,0.0211
03.11.2021 08:06:32.649 GMT+0100,161.162,161.12,0.0142,0.0211
03.11.2021 08:06:40.151 GMT+0100,161.129,161.086,0.0142,0.0211
03.11.2021 08:06:47.593 GMT+0100,161.164,161.118,0.0142,0.0211
03.11.2021 08:07:16.576 GMT+0100,161.197,161.145,0.0142,0.0211
03.11.2021 08:07:27.353 GMT+0100,161.165,161.113,0.0142,0.0211
03.11.2021 08:07:27.685 GMT+0100,161.196,161.148,0.0142,0.0211
03.11.2021 08:07:28.884 GMT+0100,161.183,161.129,0.0142,0.0211
03.11.2021 08:07:29.003 GMT+0100,161.16,161.113,0.0142,0.0211
03.11.2021 08:07:46.104 GMT+0100,161.18200000000002,161.133,0.0142,0.0211
03.11.2021 08:07:46.986 GMT+0100,161.198,161.14600000000002,0.0142,0.0211
03.11.2021 08:07:59.550 GMT+0100,161.16299999999998,161.11700000000002,0.0142,0.0211
03.11.2021 08:08:21.008 GMT+0100,161.129,161.08700000000002,0.0142,0.0211
03.11.2021 08:08:21.336 GMT+0100,161.164,161.11700000000002,0.0142,0.0211
03.11.2021 08:08:26.144 GMT+0100,161.133,161.08700000000002,0.0142,0.0211
03.11.2021 08:08:26.962 GMT+0100,161.164,161.115,0.0142,0.0211
03.11.2021 08:08:28.426 GMT+0100,161.133,161.08700000000002,0.0142,0.0211
03.11.2021 08:08:39.822 GMT+0100,161.166,161.12,0.0142,0.0211
03.11.2021 08:08:42.139 GMT+0100,161.132,161.08700000000002,0.0142,0.0211
03.11.2021 08:08:49.220 GMT+0100,161.103,161.054,0.0142,0.0211
03.11.2021 08:08:51.290 GMT+0100,161.131,161.086,0.0142,0.0211
03.11.2021 08:09:10.174 GMT+0100,161.105,161.054,0.0142,0.0211
03.11.2021 08:09:34.269 GMT+0100,161.134,161.083,0.0142,0.0211
03.11.2021 08:09:42.039 GMT+0100,161.103,161.054,0.0142,0.0211
03.11.2021 08:10:00.118 GMT+0100,161.129,161.086,0.0142,0.0211
03.11.2021 08:10:00.298 GMT+0100,161.1,161.05100000000002,0.0142,0.0211
03.11.2021 08:10:03.826 GMT+0100,161.131,161.084,0.0142,0.0211
03.11.2021 08:11:03.855 GMT+0100,161.103,161.05100000000002,0.0142,0.0211
03.11.2021 08:11:04.671 GMT+0100,161.131,161.086,0.0142,0.0211
03.11.2021 08:11:24.087 GMT+0100,161.102,161.053,0.0142,0.0211
03.11.2021 08:11:39.955 GMT+0100,161.066,161.02200000000002,0.0142,0.0211
03.11.2021 08:11:40.215 GMT+0100,161.1,161.054,0.0142,0.0211
03.11.2021 08:11:41.335 GMT+0100,161.071,161.019,0.0142,0.0211
03.11.2021 08:13:13.132 GMT+0100,161.102,161.054,0.0142,0.0211
03.11.2021 08:13:42.542 GMT+0100,161.129,161.083,0.0142,0.0211
03.11.2021 08:13:47.724 GMT+0100,161.104,161.055,0.0142,0.0211
03.11.2021 08:13:55.365 GMT+0100,161.133,161.089,0.0142,0.0211
03.11.2021 08:14:32.395 GMT+0100,161.09799999999998,161.05200000000002,0.0142,0.0211
03.11.2021 08:14:37.043 GMT+0100,161.136,161.085,0.0142,0.0211
03.11.2021 08:14:40.986 GMT+0100,161.1,161.058,0.0142,0.0211
03.11.2021 08:14:42.025 GMT+0100,161.119,161.067,0.0142,0.0211
03.11.2021 08:14:42.182 GMT+0100,161.133,161.085,0.0142,0.0211
03.11.2021 08:14:48.564 GMT+0100,161.1,161.054,0.0142,0.0211
03.11.2021 08:15:00.088 GMT+0100,161.131,161.089,0.0142,0.0211
03.11.2021 08:15:02.660 GMT+0100,161.105,161.05200000000002,0.0142,0.0211
03.11.2021 08:15:42.777 GMT+0100,161.134,161.086,0.0142,0.0211
03.11.2021 08:16:07.841 GMT+0100,161.09799999999998,161.056,0.0142,0.0211
03.11.2021 08:16:59.981 GMT+0100,161.131,161.084,0.0142,0.0211
03.11.2021 08:17:00.166 GMT+0100,161.101,161.058,0.0142,0.0211
03.11.2021 08:17:22.752 GMT+0100,161.071,161.023,0.0142,0.0211
03.11.2021 08:17:48.191 GMT+0100,161.035,160.989,0.0142,0.0211
03.11.2021 08:17:48.292 GMT+0100,161.066,161.02200000000002,0.0142,0.0211
03.11.2021 08:17:50.684 GMT+0100,161.041,160.988,0.0142,0.0211
03.11.2021 08:17:50.887 GMT+0100,161.071,161.026,0.0142,0.0211
03.11.2021 08:17:52.140 GMT+0100,161.037,160.988,0.0142,0.0211
03.11.2021 08:18:09.802 GMT+0100,161.004,160.959,0.0142,0.0211
03.11.2021 08:18:10.595 GMT+0100,161.03799999999998,160.99200000000002,0.0142,0.0211
03.11.2021 08:18:12.839 GMT+0100,161.008,160.96200000000002,0.0142,0.0211
03.11.2021 08:18:15.791 GMT+0100,161.03799999999998,160.99200000000002,0.0142,0.0211
03.11.2021 08:18:54.422 GMT+0100,161.066,161.023,0.0142,0.0211
03.11.2021 08:19:06.509 GMT+0100,161.101,161.053,0.0142,0.0211
03.11.2021 08:19:36.502 GMT+0100,161.134,161.08700000000002,0.0142,0.0211
03.11.2021 08:19:37.280 GMT+0100,161.103,161.054,0.0142,0.0211
03.11.2021 08:19:40.578 GMT+0100,161.129,161.089,0.0142,0.0211
03.11.2021 08:19:44.671 GMT+0100,161.118,161.071,0.0142,0.0211
03.11.2021 08:19:47.496 GMT+0100,161.136,161.08700000000002,0.0142,0.0211
03.11.2021 08:20:20.847 GMT+0100,161.103,161.054,0.0142,0.0211
03.11.2021 08:21:04.145 GMT+0100,161.07,161.023,0.0142,0.0211
03.11.2021 08:21:04.352 GMT+0100,161.1,161.058,0.0142,0.0211
03.11.2021 08:21:20.999 GMT+0100,161.072,161.024,0.0142,0.0211
03.11.2021 08:21:42.367 GMT+0100,161.09799999999998,161.05200000000002,0.0142,0.0211
03.11.2021 08:22:05.730 GMT+0100,161.133,161.089,0.0142,0.0211
03.11.2021 08:22:07.003 GMT+0100,161.104,161.05100000000002,0.0142,0.0211
03.11.2021 08:22:07.651 GMT+0100,161.129,161.08700000000002,0.0142,0.0211
03.11.2021 08:22:08.216 GMT+0100,161.104,161.056,0.0142,0.0211
03.11.2021 08:22:22.118 GMT+0100,161.132,161.086,0.0142,0.0211
03.11.2021 08:22:24.623 GMT+0100,161.102,161.053,0.0142,0.0211
03.11.2021 08:24:03.748 GMT+0100,161.135,161.08200000000002,0.0142,0.0211
03.11.2021 08:24:13.414 GMT+0100,161.104,161.05200000000002,0.0142,0.0211
03.11.2021 08:24:42.574 GMT+0100,161.135,161.089,0.0142,0.0211
03.11.2021 08:24:47.883 GMT+0100,161.103,161.055,0.0142,0.0211
03.11.2021 08:24:52.650 GMT+0100,161.134,161.08700000000002,0.0142,0.0211
03.11.2021 08:24:53.826 GMT+0100,161.103,161.053,0.0142,0.0211
03.11.2021 08:24:54.104 GMT+0100,161.132,161.08700000000002,0.0142,0.0211
03.11.2021 08:25:24.929 GMT+0100,161.101,161.056,0.0142,0.0211
03.11.2021 08:27:49.568 GMT+0100,161.069,161.026,0.0142,0.0211
03.11.2021 08:28:22.129 GMT+0100,161.105,161.055,0.0142,0.0211
03.11.2021 08:28:22.384 GMT+0100,161.072,161.024,0.0142,0.0211
03.11.2021 08:28:26.888 GMT+0100,161.103,161.05100000000002,0.0142,0.0211
03.11.2021 08:28:36.227 GMT+0100,161.072,161.026,0.0142,0.0211
03.11.2021 08:28:55.313 GMT+0100,161.101,161.055,0.0142,0.0211
03.11.2021 08:29:01.167 GMT+0100,161.073,161.024,0.0142,0.0211
03.11.2021 08:29:15.939 GMT+0100,161.1,161.053,0.0142,0.0211
03.11.2021 08:29:18.793 GMT+0100,161.088,161.039,0.0142,0.0211
03.11.2021 08:29:18.910 GMT+0100,161.104,161.054,0.0142,0.0211
03.11.2021 08:30:06.443 GMT+0100,161.131,161.086,0.0142,0.0211
03.11.2021 08:30:30.703 GMT+0100,161.105,161.054,0.0142,0.0211
03.11.2021 08:30:34.854 GMT+0100,161.072,161.02200000000002,0.0142,0.0211
03.11.2021 08:30:35.824 GMT+0100,161.105,161.053,0.0142,0.0211
03.11.2021 08:30:39.544 GMT+0100,161.072,161.026,0.0142,0.0211
03.11.2021 08:30:43.846 GMT+0100,161.09799999999998,161.056,0.0142,0.0211
03.11.2021 08:31:29.839 GMT+0100,161.133,161.08700000000002,0.0142,0.0211
03.11.2021 08:31:31.096 GMT+0100,161.104,161.054,0.0142,0.0211
03.11.2021 08:31:36.028 GMT+0100,161.136,161.083,0.0142,0.0211
03.11.2021 08:31:46.822 GMT+0100,161.104,161.05100000000002,0.0142,0.0211
03.11.2021 08:31:51.443 GMT+0100,161.132,161.085,0.0142,0.0211
03.11.2021 08:31:55.075 GMT+0100,161.16299999999998,161.113,0.0142,0.0211
03.11.2021 08:31:55.355 GMT+0100,161.129,161.085,0.0142,0.0211
03.11.2021 08:31:56.848 GMT+0100,161.162,161.118,0.0142,0.0211
03.11.2021 08:31:57.056 GMT+0100,161.129,161.08200000000002,0.0142,0.0211
03.11.2021 08:32:23.364 GMT+0100,161.162,161.118,0.0142,0.0211
03.11.2021 08:32:24.200 GMT+0100,161.135,161.08200000000002,0.0142,0.0211
03.11.2021 08:32:42.754 GMT+0100,161.165,161.118,0.0142,0.0211
03.11.2021 08:32:43.267 GMT+0100,161.135,161.086,0.0142,0.0211
03.11.2021 08:33:13.199 GMT+0100,161.113,161.067,0.0142,0.0211
03.11.2021 08:33:13.363 GMT+0100,161.102,161.055,0.0142,0.0211
03.11.2021 08:33:18.345 GMT+0100,161.071,161.02100000000002,0.0142,0.0211
03.11.2021 08:33:33.560 GMT+0100,161.035,160.99,0.0142,0.0211
03.11.2021 08:33:33.711 GMT+0100,161.072,161.02200000000002,0.0142,0.0211
03.11.2021 08:33:33.874 GMT+0100,161.04,160.99200000000002,0.0142,0.0211
03.11.2021 08:33:34.053 GMT+0100,161.066,161.024,0.0142,0.0211
03.11.2021 08:33:35.146 GMT+0100,161.03799999999998,160.99,0.0142,0.0211
03.11.2021 08:33:56.297 GMT+0100,161.07,161.019,0.0142,0.0211
03.11.2021 08:34:24.243 GMT+0100,161.103,161.053,0.0142,0.0211
03.11.2021 08:34:24.592 GMT+0100,161.066,161.023,0.0142,0.0211
03.11.2021 08:34:27.035 GMT+0100,161.08700000000002,161.03799999999998,0.0142,0.0211
03.11.2021 08:34:28.405 GMT+0100,161.09799999999998,161.055,0.0142,0.0211
03.11.2021 08:34:53.823 GMT+0100,161.113,161.067,0.0142,0.0211
03.11.2021 08:34:55.037 GMT+0100,161.102,161.054,0.0142,0.0211
03.11.2021 08:36:56.695 GMT+0100,161.07,161.026,0.0142,0.0211
03.11.2021 08:38:04.318 GMT+0100,161.035,160.991,0.0142,0.0211
03.11.2021 08:38:31.353 GMT+0100,161.008,160.96200000000002,0.0142,0.0211
03.11.2021 08:38:43.549 GMT+0100,160.995,160.944,0.0142,0.0211
03.11.2021 08:38:43.713 GMT+0100,161.007,160.958,0.0142,0.0211
03.11.2021 08:38:55.271 GMT+0100,161.01,160.96200000000002,0.0142,0.0211
03.11.2021 08:39:08.106 GMT+0100,161.04,160.99200000000002,0.0142,0.0211
03.11.2021 08:39:08.207 GMT+0100,161.011,160.958,0.0142,0.0211
03.11.2021 08:39:09.978 GMT+0100,161.041,160.993,0.0142,0.0211
03.11.2021 08:40:28.481 GMT+0100,161.01,160.961,0.0142,0.0211
03.11.2021 08:41:57.863 GMT+0100,161.037,160.989,0.0142,0.0211
03.11.2021 08:41:58.698 GMT+0100,161.011,160.964,0.0142,0.0211
03.11.2021 08:41:58.869 GMT+0100,161.042,160.991,0.0142,0.0211
03.11.2021 08:41:59.229 GMT+0100,161.006,160.96200000000002,0.0142,0.0211
03.11.2021 08:42:57.391 GMT+0100,161.02700000000002,160.978,0.0142,0.0211
03.11.2021 08:42:57.492 GMT+0100,161.042,160.99200000000002,0.0142,0.0211
03.11.2021 08:42:57.656 GMT+0100,161.009,160.95700000000002,0.0142,0.0211
03.11.2021 08:43:04.341 GMT+0100,161.041,160.99,0.0142,0.0211
03.11.2021 08:43:08.520 GMT+0100,161.011,160.96200000000002,0.0142,0.0211
03.11.2021 08:43:08.649 GMT+0100,161.02,160.975,0.0142,0.0211
03.11.2021 08:43:09.606 GMT+0100,161.039,160.991,0.0142,0.0211
03.11.2021 08:44:22.542 GMT+0100,161.071,161.026,0.0142,0.0211
03.11.2021 08:44:22.834 GMT+0100,161.04,160.991,0.0142,0.0211
03.11.2021 08:44:34.518 GMT+0100,161.071,161.02200000000002,0.0142,0.0211
03.11.2021 08:44:37.344 GMT+0100,161.04,160.989,0.0142,0.0211
03.11.2021 08:45:13.329 GMT+0100,161.073,161.02200000000002,0.0142,0.0211
03.11.2021 08:45:15.301 GMT+0100,161.039,160.993,0.0142,0.0211
03.11.2021 08:45:22.096 GMT+0100,161.073,161.024,0.0142,0.0211
03.11.2021 08:45:22.908 GMT+0100,161.042,160.988,0.0142,0.0211
03.11.2021 08:45:30.556 GMT+0100,161.07,161.026,0.0142,0.0211
03.11.2021 08:45:31.115 GMT+0100,161.042,160.99,0.0142,0.0211
03.11.2021 08:45:31.216 GMT+0100,161.073,161.024,0.0142,0.0211
03.11.2021 08:45:32.478 GMT+0100,161.054,161.007,0.0142,0.0211
03.11.2021 08:45:32.584 GMT+0100,161.037,160.99,0.0142,0.0211
03.11.2021 08:45:36.971 GMT+0100,161.069,161.026,0.0142,0.0211
03.11.2021 08:45:37.105 GMT+0100,161.039,160.991,0.0142,0.0211
03.11.2021 08:46:35.056 GMT+0100,161.01,160.961,0.0142,0.0211
03.11.2021 08:46:55.628 GMT+0100,161.042,160.988,0.0142,0.0211
03.11.2021 08:47:00.276 GMT+0100,161.007,160.96200000000002,0.0142,0.0211
03.11.2021 08:47:02.317 GMT+0100,161.023,160.976,0.0142,0.0211
03.11.2021 08:47:02.849 GMT+0100,161.039,160.993,0.0142,0.0211
03.11.2021 08:47:20.330 GMT+0100,161.009,160.96200000000002,0.0142,0.0211
03.11.2021 08:47:49.701 GMT+0100,161.039,160.988,0.0142,0.0211
03.11.2021 08:47:51.672 GMT+0100,161.009,160.96200000000002,0.0142,0.0211
03.11.2021 08:47:58.111 GMT+0100,161.039,160.99,0.0142,0.0211
03.11.2021 08:48:05.041 GMT+0100,161.011,160.95700000000002,0.0142,0.0211
03.11.2021 08:48:05.321 GMT+0100,161.04,160.995,0.0142,0.0211
03.11.2021 08:48:27.717 GMT+0100,161.066,161.019,0.0142,0.0211
03.11.2021 08:48:27.818 GMT+0100,161.035,160.99,0.0142,0.0211
03.11.2021 08:48:57.862 GMT+0100,161.009,160.964,0.0142,0.0211
03.11.2021 08:48:58.848 GMT+0100,161.037,160.99,0.0142,0.0211
03.11.2021 08:49:57.516 GMT+0100,161.011,160.95700000000002,0.0142,0.0211
03.11.2021 08:49:57.883 GMT+0100,161.03799999999998,160.988,0.0142,0.0211
03.11.2021 08:50:01.447 GMT+0100,161.011,160.961,0.0142,0.0211
03.11.2021 08:50:01.567 GMT+0100,161.03799999999998,160.991,0.0142,0.0211
03.11.2021 08:50:30.683 GMT+0100,161.07,161.024,0.0142,0.0211
03.11.2021 08:50:33.303 GMT+0100,161.035,160.993,0.0142,0.0211
03.11.2021 08:50:34.016 GMT+0100,161.05700000000002,161.009,0.0142,0.0211
03.11.2021 08:50:34.523 GMT+0100,161.072,161.024,0.0142,0.0211
03.11.2021 08:50:54.550 GMT+0100,161.04,160.988,0.0142,0.0211
03.11.2021 08:51:00.143 GMT+0100,161.05700000000002,161.006,0.0142,0.0211
03.11.2021 08:51:00.715 GMT+0100,161.06799999999998,161.019,0.0142,0.0211
03.11.2021 08:51:06.345 GMT+0100,161.058,161.004,0.0142,0.0211
03.11.2021 08:51:06.545 GMT+0100,161.073,161.024,0.0142,0.0211
03.11.2021 08:51:08.353 GMT+0100,161.041,160.995,0.0142,0.0211
03.11.2021 08:51:08.633 GMT+0100,161.07,161.023,0.0142,0.0211
03.11.2021 08:51:08.904 GMT+0100,161.037,160.993,0.0142,0.0211
03.11.2021 08:51:10.333 GMT+0100,161.072,161.026,0.0142,0.0211
03.11.2021 08:51:11.524 GMT+0100,161.03799999999998,160.988,0.0142,0.0211
03.11.2021 08:51:18.706 GMT+0100,161.055,161.006,0.0142,0.0211
03.11.2021 08:51:19.187 GMT+0100,161.06799999999998,161.023,0.0142,0.0211
03.11.2021 08:51:20.507 GMT+0100,161.039,160.989,0.0142,0.0211
03.11.2021 08:51:22.245 GMT+0100,161.07,161.026,0.0142,0.0211
03.11.2021 08:51:22.819 GMT+0100,161.04,160.991,0.0142,0.0211
03.11.2021 08:51:26.283 GMT+0100,161.06799999999998,161.02,0.0142,0.0211
03.11.2021 08:51:26.414 GMT+0100,161.039,160.99,0.0142,0.0211
03.11.2021 08:51:31.006 GMT+0100,161.073,161.024,0.0142,0.0211
03.11.2021 08:51:31.922 GMT+0100,161.05700000000002,161.007,0.0142,0.0211
03.11.2021 08:51:32.063 GMT+0100,161.035,160.99,0.0142,0.0211
03.11.2021 08:52:06.536 GMT+0100,161.009,160.96,0.0142,0.0211
03.11.2021 08:54:07.433 GMT+0100,160.993,160.94299999999998,0.0142,0.0211
03.11.2021 08:54:07.888 GMT+0100,161.004,160.958,0.0142,0.0211
03.11.2021 08:54:26.102 GMT+0100,161.03799999999998,160.989,0.0142,0.0211
03.11.2021 08:54:28.456 GMT+0100,161.007,160.95700000000002,0.0142,0.0211
03.11.2021 08:54:28.920 GMT+0100,161.04,160.988,0.0142,0.0211
03.11.2021 08:56:24.849 GMT+0100,161.066,161.02,0.0142,0.0211
03.11.2021 08:56:25.193 GMT+0100,161.039,160.993,0.0142,0.0211
03.11.2021 08:56:33.495 GMT+0100,161.071,161.019,0.0142,0.0211
03.11.2021 08:56:34.301 GMT+0100,161.037,160.993,0.0142,0.0211
03.11.2021 08:57:03.955 GMT+0100,161.066,161.02200000000002,0.0142,0.0211
03.11.2021 08:57:04.197 GMT+0100,161.03799999999998,160.99200000000002,0.0142,0.0211
03.11.2021 08:57:06.541 GMT+0100,161.071,161.02100000000002,0.0142,0.0211
03.11.2021 08:57:06.787 GMT+0100,161.037,160.991,0.0142,0.0211
03.11.2021 08:59:24.998 GMT+0100,161.008,160.959,0.0142,0.0211
03.11.2021 08:59:26.608 GMT+0100,161.041,160.989,0.0142,0.0211
03.11.2021 08:59:26.765 GMT+0100,161.008,160.964,0.0142,0.0211
03.11.2021 08:59:27.096 GMT+0100,161.041,160.995,0.0142,0.0211
03.11.2021 08:59:29.325 GMT+0100,161.023,160.977,0.0142,0.0211
03.11.2021 08:59:29.456 GMT+0100,161.01,160.964,0.0142,0.0211
03.11.2021 09:00:03.018 GMT+0100,161.035,160.99,0.0142,0.0211
03.11.2021 09:00:03.208 GMT+0100,161.069,161.02100000000002,0.0142,0.0211
03.11.2021 09:00:03.653 GMT+0100,161.039,160.988,0.0142,0.0211
03.11.2021 09:00:03.788 GMT+0100,161.05700000000002,161.005,0.0142,0.0211
03.11.2021 09:00:03.953 GMT+0100,161.06799999999998,161.02,0.0142,0.0211
03.11.2021 09:00:17.445 GMT+0100,161.09799999999998,161.055,0.0142,0.0211
03.11.2021 09:00:17.602 GMT+0100,161.071,161.019,0.0142,0.0211
03.11.2021 09:00:20.095 GMT+0100,161.1,161.058,0.0142,0.0211
03.11.2021 09:00:21.065 GMT+0100,161.073,161.02200000000002,0.0142,0.0211
03.11.2021 09:00:27.659 GMT+0100,161.104,161.054,0.0142,0.0211
03.11.2021 09:00:33.267 GMT+0100,161.072,161.019,0.0142,0.0211
03.11.2021 09:00:35.188 GMT+0100,161.104,161.056,0.0142,0.0211
03.11.2021 09:02:21.139 GMT+0100,161.06799999999998,161.023,0.0142,0.0211
03.11.2021 09:02:21.378 GMT+0100,161.101,161.05100000000002,0.0142,0.0211
03.11.2021 09:02:25.608 GMT+0100,161.069,161.024,0.0142,0.0211
03.11.2021 09:02:27.869 GMT+0100,161.102,161.058,0.0142,0.0211
03.11.2021 09:02:30.848 GMT+0100,161.071,161.019,0.0142,0.0211
03.11.2021 09:02:56.826 GMT+0100,161.039,160.993,0.0142,0.0211
03.11.2021 09:03:03.736 GMT+0100,161.072,161.026,0.0142,0.0211
03.11.2021 09:03:18.842 GMT+0100,161.1,161.05100000000002,0.0142,0.0211
03.11.2021 09:03:19.196 GMT+0100,161.07,161.02100000000002,0.0142,0.0211
03.11.2021 09:03:22.625 GMT+0100,161.09799999999998,161.054,0.0142,0.0211
03.11.2021 09:03:22.783 GMT+0100,161.071,161.02100000000002,0.0142,0.0211
03.11.2021 09:03:23.156 GMT+0100,161.101,161.05100000000002,0.0142,0.0211
03.11.2021 09:04:08.115 GMT+0100,161.11700000000002,161.073,0.0142,0.0211
03.11.2021 09:04:08.232 GMT+0100,161.132,161.08700000000002,0.0142,0.0211
03.11.2021 09:04:10.510 GMT+0100,161.09799999999998,161.056,0.0142,0.0211
03.11.2021 09:04:12.752 GMT+0100,161.118,161.073,0.0142,0.0211
03.11.2021 09:04:13.378 GMT+0100,161.131,161.084,0.0142,0.0211
03.11.2021 09:04:13.658 GMT+0100,161.11700000000002,161.073,0.0142,0.0211
03.11.2021 09:04:14.229 GMT+0100,161.105,161.058,0.0142,0.0211
03.11.2021 09:04:30.754 GMT+0100,161.135,161.08200000000002,0.0142,0.0211
03.11.2021 09:04:33.348 GMT+0100,161.16299999999998,161.12,0.0142,0.0211
03.11.2021 09:04:33.462 GMT+0100,161.136,161.083,0.0142,0.0211
03.11.2021 09:04:53.236 GMT+0100,161.103,161.053,0.0142,0.0211
03.11.2021 09:04:53.416 GMT+0100,161.129,161.085,0.0142,0.0211
03.11.2021 09:06:06.135 GMT+0100,161.167,161.11700000000002,0.0142,0.0211
03.11.2021 09:06:44.331 GMT+0100,161.136,161.08200000000002,0.0142,0.0211
03.11.2021 09:06:44.642 GMT+0100,161.162,161.118,0.0142,0.0211
03.11.2021 09:06:45.243 GMT+0100,161.134,161.08200000000002,0.0142,0.0211
03.11.2021 09:06:46.635 GMT+0100,161.164,161.12,0.0142,0.0211
03.11.2021 09:06:46.764 GMT+0100,161.135,161.08700000000002,0.0142,0.0211
03.11.2021 09:06:48.634 GMT+0100,161.145,161.102,0.0142,0.0211
03.11.2021 09:06:49.451 GMT+0100,161.134,161.08700000000002,0.0142,0.0211
03.11.2021 09:07:25.556 GMT+0100,161.164,161.11700000000002,0.0142,0.0211
03.11.2021 09:07:25.796 GMT+0100,161.133,161.083,0.0142,0.0211
03.11.2021 09:08:08.583 GMT+0100,161.162,161.11700000000002,0.0142,0.0211
03.11.2021 09:08:08.719 GMT+0100,161.134,161.089,0.0142,0.0211
03.11.2021 09:08:15.773 GMT+0100,161.166,161.115,0.0142,0.0211
03.11.2021 09:08:15.979 GMT+0100,161.131,161.086,0.0142,0.0211
03.11.2021 09:09:03.562 GMT+0100,161.162,161.11700000000002,0.0142,0.0211
03.11.2021 09:09:05.213 GMT+0100,161.133,161.08200000000002,0.0142,0.0211
03.11.2021 09:09:05.445 GMT+0100,161.16,161.116,0.0142,0.0211
03.11.2021 09:09:05.958 GMT+0100,161.135,161.085,0.0142,0.0211
03.11.2021 09:09:12.492 GMT+0100,161.164,161.113,0.0142,0.0211
03.11.2021 09:09:12.768 GMT+0100,161.131,161.08200000000002,0.0142,0.0211
03.11.2021 09:10:16.724 GMT+0100,161.166,161.11700000000002,0.0142,0.0211
03.11.2021 09:10:22.823 GMT+0100,161.129,161.08700000000002,0.0142,0.0211
03.11.2021 09:10:23.076 GMT+0100,161.166,161.115,0.0142,0.0211
03.11.2021 09:11:31.361 GMT+0100,161.129,161.084,0.0142,0.0211
03.11.2021 09:11:35.759 GMT+0100,161.165,161.113,0.0142,0.0211
03.11.2021 09:12:17.844 GMT+0100,161.197,161.14700000000002,0.0142,0.0211
03.11.2021 09:12:18.844 GMT+0100,161.16,161.114,0.0142,0.0211
03.11.2021 09:12:18.986 GMT+0100,161.19299999999998,161.151,0.0142,0.0211
03.11.2021 09:14:07.741 GMT+0100,161.164,161.115,0.0142,0.0211
03.11.2021 09:14:08.849 GMT+0100,161.195,161.149,0.0142,0.0211
03.11.2021 09:14:09.106 GMT+0100,161.16299999999998,161.118,0.0142,0.0211
03.11.2021 09:14:09.264 GMT+0100,161.197,161.145,0.0142,0.0211
03.11.2021 09:14:31.639 GMT+0100,161.228,161.17600000000002,0.0142,0.0211
03.11.2021 09:14:31.996 GMT+0100,161.198,161.148,0.0142,0.0211
03.11.2021 09:14:35.417 GMT+0100,161.226,161.181,0.0142,0.0211
03.11.2021 09:14:40.627 GMT+0100,161.191,161.151,0.0142,0.0211
03.11.2021 09:14:59.062 GMT+0100,161.229,161.17600000000002,0.0142,0.0211
03.11.2021 09:14:59.426 GMT+0100,161.19299999999998,161.151,0.0142,0.0211
03.11.2021 09:15:03.685 GMT+0100,161.22299999999998,161.178,0.0142,0.0211
03.11.2021 09:15:04.028 GMT+0100,161.196,161.151,0.0142,0.0211
03.11.2021 09:15:18.263 GMT+0100,161.229,161.179,0.0142,0.0211
03.11.2021 09:15:36.365 GMT+0100,161.214,161.161,0.0142,0.0211
03.11.2021 09:15:36.544 GMT+0100,161.197,161.14600000000002,0.0142,0.0211
03.11.2021 09:15:52.972 GMT+0100,161.226,161.17600000000002,0.0142,0.0211
03.11.2021 09:16:06.354 GMT+0100,161.196,161.145,0.0142,0.0211
03.11.2021 09:17:05.063 GMT+0100,161.162,161.12,0.0142,0.0211
03.11.2021 09:17:05.213 GMT+0100,161.197,161.14700000000002,0.0142,0.0211
03.11.2021 09:17:14.612 GMT+0100,161.164,161.12,0.0142,0.0211
03.11.2021 09:17:15.204 GMT+0100,161.19299999999998,161.14700000000002,0.0142,0.0211
03.11.2021 09:17:59.616 GMT+0100,161.229,161.179,0.0142,0.0211
03.11.2021 09:18:04.934 GMT+0100,161.19299999999998,161.148,0.0142,0.0211
03.11.2021 09:18:13.560 GMT+0100,161.226,161.17600000000002,0.0142,0.0211
03.11.2021 09:18:17.950 GMT+0100,161.19299999999998,161.14700000000002,0.0142,0.0211
03.11.2021 09:19:09.090 GMT+0100,161.227,161.183,0.0142,0.0211
03.11.2021 09:19:12.785 GMT+0100,161.197,161.14700000000002,0.0142,0.0211
03.11.2021 09:19:17.321 GMT+0100,161.226,161.17700000000002,0.0142,0.0211
03.11.2021 09:19:19.418 GMT+0100,161.198,161.148,0.0142,0.0211
03.11.2021 09:19:22.707 GMT+0100,161.228,161.18,0.0142,0.0211
03.11.2021 09:20:51.828 GMT+0100,161.197,161.148,0.0142,0.0211
03.11.2021 09:21:11.304 GMT+0100,161.227,161.179,0.0142,0.0211
03.11.2021 09:21:11.509 GMT+0100,161.194,161.144,0.0142,0.0211
03.11.2021 09:21:12.227 GMT+0100,161.229,161.179,0.0142,0.0211
03.11.2021 09:21:12.407 GMT+0100,161.21200000000002,161.165,0.0142,0.0211
03.11.2021 09:21:13.869 GMT+0100,161.194,161.149,0.0142,0.0211
03.11.2021 09:21:19.937 GMT+0100,161.23,161.17700000000002,0.0142,0.0211
03.11.2021 09:21:27.475 GMT+0100,161.198,161.145,0.0142,0.0211
03.11.2021 09:21:39.287 GMT+0100,161.213,161.16299999999998,0.0142,0.0211
03.11.2021 09:21:39.406 GMT+0100,161.227,161.183,0.0142,0.0211
03.11.2021 09:21:39.944 GMT+0100,161.197,161.145,0.0142,0.0211
03.11.2021 09:21:40.374 GMT+0100,161.227,161.183,0.0142,0.0211
03.11.2021 09:21:40.555 GMT+0100,161.198,161.148,0.0142,0.0211
03.11.2021 09:21:43.064 GMT+0100,161.22299999999998,161.183,0.0142,0.0211
03.11.2021 09:21:55.313 GMT+0100,161.258,161.214,0.0142,0.0211
03.11.2021 09:22:02.018 GMT+0100,161.23,161.181,0.0142,0.0211
03.11.2021 09:22:24.099 GMT+0100,161.258,161.20700000000002,0.0142,0.0211
03.11.2021 09:22:58.598 GMT+0100,161.225,161.17600000000002,0.0142,0.0211
03.11.2021 09:23:01.226 GMT+0100,161.254,161.21,0.0142,0.0211
03.11.2021 09:23:01.363 GMT+0100,161.227,161.18,0.0142,0.0211
03.11.2021 09:23:07.315 GMT+0100,161.256,161.211,0.0142,0.0211
03.11.2021 09:25:21.916 GMT+0100,161.285,161.239,0.0142,0.0211
03.11.2021 09:26:27.568 GMT+0100,161.322,161.269,0.0142,0.0211
03.11.2021 09:26:47.982 GMT+0100,161.35,161.306,0.0142,0.0211
03.11.2021 09:26:48.684 GMT+0100,161.322,161.27,0.0142,0.0211
03.11.2021 09:26:49.147 GMT+0100,161.334,161.285,0.0142,0.0211
03.11.2021 09:26:49.302 GMT+0100,161.355,161.30200000000002,0.0142,0.0211
03.11.2021 09:26:49.483 GMT+0100,161.316,161.27100000000002,0.0142,0.0211
03.11.2021 09:26:50.349 GMT+0100,161.339,161.287,0.0142,0.0211
03.11.2021 09:26:50.462 GMT+0100,161.323,161.27100000000002,0.0142,0.0211
03.11.2021 09:26:59.779 GMT+0100,161.285,161.24200000000002,0.0142,0.0211
03.11.2021 09:27:00.059 GMT+0100,161.31799999999998,161.27200000000002,0.0142,0.0211
03.11.2021 09:27:02.906 GMT+0100,161.289,161.241,0.0142,0.0211
03.11.2021 09:27:03.011 GMT+0100,161.321,161.274,0.0142,0.0211
03.11.2021 09:27:03.746 GMT+0100,161.28799999999998,161.24,0.0142,0.0211
03.11.2021 09:27:25.947 GMT+0100,161.304,161.258,0.0142,0.0211
03.11.2021 09:27:26.225 GMT+0100,161.287,161.239,0.0142,0.0211
03.11.2021 09:27:26.653 GMT+0100,161.31799999999998,161.27,0.0142,0.0211
03.11.2021 09:28:28.166 GMT+0100,161.28799999999998,161.243,0.0142,0.0211
03.11.2021 09:28:29.423 GMT+0100,161.322,161.274,0.0142,0.0211
03.11.2021 09:28:31.893 GMT+0100,161.29,161.239,0.0142,0.0211
03.11.2021 09:28:36.123 GMT+0100,161.321,161.27200000000002,0.0142,0.0211
03.11.2021 09:28:39.664 GMT+0100,161.291,161.243,0.0142,0.0211
03.11.2021 09:28:39.895 GMT+0100,161.321,161.27200000000002,0.0142,0.0211
03.11.2021 09:28:44.264 GMT+0100,161.29,161.239,0.0142,0.0211
03.11.2021 09:28:51.809 GMT+0100,161.316,161.27100000000002,0.0142,0.0211
03.11.2021 09:28:52.009 GMT+0100,161.289,161.239,0.0142,0.0211
03.11.2021 09:28:53.215 GMT+0100,161.321,161.27100000000002,0.0142,0.0211
03.11.2021 09:30:41.067 GMT+0100,161.355,161.304,0.0142,0.0211
03.11.2021 09:31:35.604 GMT+0100,161.382,161.339,0.0142,0.0211
03.11.2021 09:31:35.829 GMT+0100,161.34799999999998,161.303,0.0142,0.0211
03.11.2021 09:31:38.115 GMT+0100,161.386,161.335,0.0142,0.0211
03.11.2021 09:31:38.963 GMT+0100,161.352,161.30100000000002,0.0142,0.0211
03.11.2021 09:31:39.794 GMT+0100,161.382,161.33700000000002,0.0142,0.0211
03.11.2021 09:31:40.975 GMT+0100,161.354,161.30200000000002,0.0142,0.0211
03.11.2021 09:31:46.117 GMT+0100,161.385,161.334,0.0142,0.0211
03.11.2021 09:32:43.031 GMT+0100,161.35,161.30100000000002,0.0142,0.0211
03.11.2021 09:32:43.171 GMT+0100,161.384,161.33700000000002,0.0142,0.0211
03.11.2021 09:32:44.212 GMT+0100,161.352,161.303,0.0142,0.0211
03.11.2021 09:32:44.674 GMT+0100,161.381,161.33700000000002,0.0142,0.0211
03.11.2021 09:32:45.339 GMT+0100,161.351,161.308,0.0142,0.0211
03.11.2021 09:33:15.281 GMT+0100,161.385,161.334,0.0142,0.0211
03.11.2021 09:33:22.244 GMT+0100,161.35,161.30200000000002,0.0142,0.0211
03.11.2021 09:33:22.449 GMT+0100,161.381,161.33200000000002,0.0142,0.0211
03.11.2021 09:33:35.702 GMT+0100,161.34799999999998,161.305,0.0142,0.0211
03.11.2021 09:33:35.966 GMT+0100,161.383,161.339,0.0142,0.0211
03.11.2021 09:33:37.522 GMT+0100,161.352,161.30200000000002,0.0142,0.0211
03.11.2021 09:33:37.632 GMT+0100,161.381,161.33700000000002,0.0142,0.0211
03.11.2021 09:33:41.837 GMT+0100,161.353,161.303,0.0142,0.0211
03.11.2021 09:33:44.622 GMT+0100,161.381,161.339,0.0142,0.0211
03.11.2021 09:34:12.441 GMT+0100,161.351,161.30100000000002,0.0142,0.0211
03.11.2021 09:34:12.623 GMT+0100,161.383,161.335,0.0142,0.0211
03.11.2021 09:34:14.984 GMT+0100,161.354,161.306,0.0142,0.0211
03.11.2021 09:34:59.881 GMT+0100,161.323,161.27,0.0142,0.0211
03.11.2021 09:35:40.713 GMT+0100,161.351,161.306,0.0142,0.0211
03.11.2021 09:35:44.801 GMT+0100,161.316,161.27,0.0142,0.0211
03.11.2021 09:36:01.227 GMT+0100,161.352,161.304,0.0142,0.0211
03.11.2021 09:36:01.558 GMT+0100,161.321,161.269,0.0142,0.0211
03.11.2021 09:36:26.716 GMT+0100,161.28799999999998,161.241,0.0142,0.0211
03.11.2021 09:36:28.696 GMT+0100,161.31799999999998,161.27,0.0142,0.0211
03.11.2021 09:36:31.197 GMT+0100,161.28799999999998,161.243,0.0142,0.0211
03.11.2021 09:36:31.454 GMT+0100,161.322,161.274,0.0142,0.0211
03.11.2021 09:37:04.083 GMT+0100,161.289,161.243,0.0142,0.0211
03.11.2021 09:37:30.477 GMT+0100,161.319,161.27200000000002,0.0142,0.0211
03.11.2021 09:37:30.757 GMT+0100,161.30700000000002,161.255,0.0142,0.0211
03.11.2021 09:37:30.886 GMT+0100,161.292,161.239,0.0142,0.0211
03.11.2021 09:37:31.029 GMT+0100,161.321,161.276,0.0142,0.0211
03.11.2021 09:38:05.750 GMT+0100,161.351,161.305,0.0142,0.0211
03.11.2021 09:38:33.870 GMT+0100,161.321,161.27100000000002,0.0142,0.0211
03.11.2021 09:38:40.707 GMT+0100,161.34799999999998,161.306,0.0142,0.0211
03.11.2021 09:40:31.380 GMT+0100,161.385,161.335,0.0142,0.0211
03.11.2021 09:40:35.779 GMT+0100,161.34799999999998,161.30100000000002,0.0142,0.0211
03.11.2021 09:40:40.691 GMT+0100,161.381,161.334,0.0142,0.0211
03.11.2021 09:40:45.245 GMT+0100,161.363,161.323,0.0142,0.0211
03.11.2021 09:40:45.392 GMT+0100,161.34799999999998,161.304,0.0142,0.0211
03.11.2021 09:40:45.525 GMT+0100,161.384,161.336,0.0142,0.0211
03.11.2021 09:40:54.236 GMT+0100,161.35,161.306,0.0142,0.0211
03.11.2021 09:40:54.437 GMT+0100,161.385,161.334,0.0142,0.0211
03.11.2021 09:40:56.053 GMT+0100,161.352,161.305,0.0142,0.0211
03.11.2021 09:40:57.917 GMT+0100,161.385,161.336,0.0142,0.0211
03.11.2021 09:41:53.196 GMT+0100,161.412,161.365,0.0142,0.0211
03.11.2021 09:43:08.253 GMT+0100,161.382,161.336,0.0142,0.0211
03.11.2021 09:44:02.388 GMT+0100,161.414,161.366,0.0142,0.0211
03.11.2021 09:44:02.618 GMT+0100,161.385,161.33700000000002,0.0142,0.0211
03.11.2021 09:44:16.121 GMT+0100,161.354,161.306,0.0142,0.0211
03.11.2021 09:44:16.421 GMT+0100,161.384,161.336,0.0142,0.0211
03.11.2021 09:44:19.688 GMT+0100,161.355,161.305,0.0142,0.0211
03.11.2021 09:44:19.814 GMT+0100,161.381,161.334,0.0142,0.0211
03.11.2021 09:44:21.842 GMT+0100,161.355,161.304,0.0142,0.0211
03.11.2021 09:44:22.093 GMT+0100,161.383,161.335,0.0142,0.0211
03.11.2021 09:47:29.243 GMT+0100,161.41299999999998,161.365,0.0142,0.0211
03.11.2021 09:47:32.481 GMT+0100,161.379,161.339,0.0142,0.0211
03.11.2021 09:47:42.586 GMT+0100,161.41299999999998,161.37,0.0142,0.0211
03.11.2021 09:48:22.795 GMT+0100,161.441,161.401,0.0142,0.0211
03.11.2021 09:48:23.455 GMT+0100,161.41,161.365,0.0142,0.0211
03.11.2021 09:48:23.734 GMT+0100,161.446,161.394,0.0142,0.0211
03.11.2021 09:48:26.189 GMT+0100,161.41,161.365,0.0142,0.0211
03.11.2021 09:49:00.954 GMT+0100,161.441,161.399,0.0142,0.0211
03.11.2021 09:49:03.074 GMT+0100,161.415,161.36700000000002,0.0142,0.0211
03.11.2021 09:50:34.613 GMT+0100,161.447,161.39700000000002,0.0142,0.0211
03.11.2021 09:50:34.796 GMT+0100,161.41299999999998,161.366,0.0142,0.0211
03.11.2021 09:51:10.437 GMT+0100,161.382,161.33700000000002,0.0142,0.0211
03.11.2021 09:51:15.276 GMT+0100,161.412,161.365,0.0142,0.0211
03.11.2021 09:51:50.572 GMT+0100,161.382,161.336,0.0142,0.0211
03.11.2021 09:52:34.488 GMT+0100,161.416,161.365,0.0142,0.0211
03.11.2021 09:52:34.680 GMT+0100,161.385,161.334,0.0142,0.0211
03.11.2021 09:52:50.165 GMT+0100,161.41299999999998,161.364,0.0142,0.0211
03.11.2021 09:52:50.414 GMT+0100,161.39700000000002,161.34799999999998,0.0142,0.0211
03.11.2021 09:52:50.767 GMT+0100,161.379,161.334,0.0142,0.0211
03.11.2021 09:52:50.904 GMT+0100,161.398,161.355,0.0142,0.0211
03.11.2021 09:52:51.127 GMT+0100,161.417,161.36700000000002,0.0142,0.0211
03.11.2021 09:52:53.309 GMT+0100,161.386,161.33200000000002,0.0142,0.0211
03.11.2021 09:52:54.408 GMT+0100,161.415,161.366,0.0142,0.0211
03.11.2021 09:52:54.534 GMT+0100,161.386,161.334,0.0142,0.0211
03.11.2021 09:52:57.391 GMT+0100,161.416,161.366,0.0142,0.0211
03.11.2021 09:53:01.666 GMT+0100,161.381,161.336,0.0142,0.0211
03.11.2021 09:53:02.382 GMT+0100,161.412,161.36700000000002,0.0142,0.0211
03.11.2021 09:53:02.667 GMT+0100,161.382,161.336,0.0142,0.0211
03.11.2021 09:53:03.261 GMT+0100,161.417,161.363,0.0142,0.0211
03.11.2021 09:53:03.922 GMT+0100,161.386,161.335,0.0142,0.0211
03.11.2021 09:53:47.352 GMT+0100,161.414,161.365,0.0142,0.0211
03.11.2021 09:54:16.439 GMT+0100,161.441,161.399,0.0142,0.0211
03.11.2021 09:54:16.814 GMT+0100,161.41,161.37,0.0142,0.0211
03.11.2021 09:54:17.811 GMT+0100,161.441,161.395,0.0142,0.0211
03.11.2021 09:54:19.177 GMT+0100,161.41299999999998,161.365,0.0142,0.0211
03.11.2021 09:54:21.917 GMT+0100,161.447,161.395,0.0142,0.0211
03.11.2021 09:54:50.103 GMT+0100,161.415,161.365,0.0142,0.0211
03.11.2021 09:54:50.356 GMT+0100,161.444,161.399,0.0142,0.0211
03.11.2021 09:54:52.307 GMT+0100,161.416,161.37,0.0142,0.0211
03.11.2021 09:55:01.968 GMT+0100,161.384,161.339,0.0142,0.0211
03.11.2021 09:55:14.832 GMT+0100,161.41299999999998,161.368,0.0142,0.0211
03.11.2021 09:55:15.606 GMT+0100,161.383,161.339,0.0142,0.0211
03.11.2021 09:55:18.864 GMT+0100,161.412,161.364,0.0142,0.0211
03.11.2021 09:55:19.158 GMT+0100,161.384,161.333,0.0142,0.0211
03.11.2021 09:55:59.826 GMT+0100,161.412,161.366,0.0142,0.0211
03.11.2021 09:56:04.130 GMT+0100,161.381,161.333,0.0142,0.0211
03.11.2021 09:57:32.393 GMT+0100,161.354,161.30200000000002,0.0142,0.0211
03.11.2021 09:57:49.470 GMT+0100,161.316,161.27,0.0142,0.0211
03.11.2021 09:59:45.727 GMT+0100,161.292,161.245,0.0142,0.0211
03.11.2021 10:00:00.422 GMT+0100,161.316,161.273,0.0142,0.0211
03.11.2021 10:00:01.104 GMT+0100,161.287,161.243,0.0142,0.0211
03.11.2021 10:00:01.333 GMT+0100,161.323,161.27100000000002,0.0142,0.0211
03.11.2021 10:00:19.379 GMT+0100,161.287,161.238,0.0142,0.0211
03.11.2021 10:00:23.498 GMT+0100,161.316,161.273,0.0142,0.0211
03.11.2021 10:01:10.541 GMT+0100,161.28799999999998,161.243,0.0142,0.0211
03.11.2021 10:01:10.651 GMT+0100,161.321,161.269,0.0142,0.0211
03.11.2021 10:01:55.017 GMT+0100,161.29,161.24200000000002,0.0142,0.0211
03.11.2021 10:01:55.212 GMT+0100,161.32,161.27100000000002,0.0142,0.0211
03.11.2021 10:03:40.069 GMT+0100,161.291,161.241,0.0142,0.0211
03.11.2021 10:03:41.019 GMT+0100,161.31799999999998,161.276,0.0142,0.0211
03.11.2021 10:03:55.069 GMT+0100,161.287,161.24200000000002,0.0142,0.0211
03.11.2021 10:04:42.409 GMT+0100,161.259,161.20700000000002,0.0142,0.0211
03.11.2021 10:04:42.689 GMT+0100,161.27,161.225,0.0142,0.0211
03.11.2021 10:04:43.142 GMT+0100,161.258,161.214,0.0142,0.0211
03.11.2021 10:04:43.456 GMT+0100,161.287,161.245,0.0142,0.0211
03.11.2021 10:04:48.858 GMT+0100,161.257,161.209,0.0142,0.0211
03.11.2021 10:04:48.959 GMT+0100,161.289,161.243,0.0142,0.0211
03.11.2021 10:04:51.792 GMT+0100,161.274,161.23,0.0142,0.0211
03.11.2021 10:04:51.931 GMT+0100,161.289,161.239,0.0142,0.0211
03.11.2021 10:05:09.840 GMT+0100,161.275,161.228,0.0142,0.0211
03.11.2021 10:05:09.956 GMT+0100,161.289,161.24,0.0142,0.0211
03.11.2021 10:05:24.473 GMT+0100,161.259,161.21200000000002,0.0142,0.0211
03.11.2021 10:07:50.626 GMT+0100,161.289,161.241,0.0142,0.0211
03.11.2021 10:07:50.820 GMT+0100,161.259,161.21200000000002,0.0142,0.0211
03.11.2021 10:08:02.384 GMT+0100,161.28799999999998,161.24,0.0142,0.0211
03.11.2021 10:08:26.976 GMT+0100,161.274,161.226,0.0142,0.0211
03.11.2021 10:08:27.087 GMT+0100,161.285,161.239,0.0142,0.0211
03.11.2021 10:09:31.024 GMT+0100,161.322,161.276,0.0142,0.0211
03.11.2021 10:09:41.082 GMT+0100,161.291,161.24,0.0142,0.0211
03.11.2021 10:09:41.454 GMT+0100,161.319,161.273,0.0142,0.0211
03.11.2021 10:09:50.316 GMT+0100,161.305,161.261,0.0142,0.0211
03.11.2021 10:09:50.421 GMT+0100,161.287,161.24,0.0142,0.0211
03.11.2021 10:09:57.356 GMT+0100,161.316,161.273,0.0142,0.0211
03.11.2021 10:09:58.530 GMT+0100,161.287,161.243,0.0142,0.0211
03.11.2021 10:10:11.793 GMT+0100,161.304,161.254,0.0142,0.0211
03.11.2021 10:10:13.851 GMT+0100,161.316,161.276,0.0142,0.0211
03.11.2021 10:11:10.167 GMT+0100,161.351,161.304,0.0142,0.0211
03.11.2021 10:11:10.270 GMT+0100,161.319,161.274,0.0142,0.0211
03.11.2021 10:11:40.854 GMT+0100,161.306,161.256,0.0142,0.0211
03.11.2021 10:11:40.995 GMT+0100,161.29,161.24,0.0142,0.0211
03.11.2021 10:11:56.228 GMT+0100,161.319,161.27,0.0142,0.0211
03.11.2021 10:11:57.713 GMT+0100,161.29,161.245,0.0142,0.0211
03.11.2021 10:11:58.922 GMT+0100,161.322,161.274,0.0142,0.0211
03.11.2021 10:11:59.098 GMT+0100,161.285,161.24,0.0142,0.0211
03.11.2021 10:12:19.946 GMT+0100,161.31799999999998,161.27200000000002,0.0142,0.0211
03.11.2021 10:13:45.994 GMT+0100,161.291,161.243,0.0142,0.0211
03.11.2021 10:13:48.180 GMT+0100,161.32,161.276,0.0142,0.0211
03.11.2021 10:13:48.933 GMT+0100,161.305,161.254,0.0142,0.0211
03.11.2021 10:13:49.082 GMT+0100,161.319,161.274,0.0142,0.0211
03.11.2021 10:13:59.739 GMT+0100,161.28799999999998,161.239,0.0142,0.0211
03.11.2021 10:14:00.483 GMT+0100,161.323,161.276,0.0142,0.0211
03.11.2021 10:14:50.067 GMT+0100,161.30700000000002,161.261,0.0142,0.0211
03.11.2021 10:14:51.799 GMT+0100,161.321,161.269,0.0142,0.0211
03.11.2021 10:14:54.444 GMT+0100,161.291,161.241,0.0142,0.0211
03.11.2021 10:15:06.488 GMT+0100,161.323,161.27,0.0142,0.0211
03.11.2021 10:15:06.606 GMT+0100,161.287,161.243,0.0142,0.0211
03.11.2021 10:15:08.424 GMT+0100,161.322,161.274,0.0142,0.0211
03.11.2021 10:15:17.249 GMT+0100,161.28799999999998,161.241,0.0142,0.0211
03.11.2021 10:15:18.061 GMT+0100,161.316,161.269,0.0142,0.0211
03.11.2021 10:16:30.994 GMT+0100,161.355,161.30200000000002,0.0142,0.0211
03.11.2021 10:16:36.210 GMT+0100,161.323,161.269,0.0142,0.0211
03.11.2021 10:16:38.183 GMT+0100,161.355,161.30200000000002,0.0142,0.0211
03.11.2021 10:16:54.680 GMT+0100,161.335,161.29,0.0142,0.0211
03.11.2021 10:16:54.786 GMT+0100,161.321,161.276,0.0142,0.0211
03.11.2021 10:17:39.154 GMT+0100,161.289,161.24200000000002,0.0142,0.0211
03.11.2021 10:18:24.929 GMT+0100,161.256,161.20700000000002,0.0142,0.0211
03.11.2021 10:18:25.030 GMT+0100,161.28799999999998,161.245,0.0142,0.0211
03.11.2021 10:18:32.226 GMT+0100,161.258,161.209,0.0142,0.0211
03.11.2021 10:20:07.526 GMT+0100,161.287,161.24,0.0142,0.0211
03.11.2021 10:21:23.026 GMT+0100,161.319,161.269,0.0142,0.0211
03.11.2021 10:21:38.338 GMT+0100,161.28799999999998,161.24,0.0142,0.0211
03.11.2021 10:21:46.091 GMT+0100,161.321,161.27100000000002,0.0142,0.0211
03.11.2021 10:22:58.460 GMT+0100,161.289,161.241,0.0142,0.0211
03.11.2021 10:22:59.946 GMT+0100,161.319,161.269,0.0142,0.0211
03.11.2021 10:25:04.800 GMT+0100,161.28799999999998,161.24200000000002,0.0142,0.0211
03.11.2021 10:25:04.926 GMT+0100,161.31799999999998,161.27,0.0142,0.0211
03.11.2021 10:28:13.407 GMT+0100,161.35,161.305,0.0142,0.0211
03.11.2021 10:28:14.134 GMT+0100,161.31799999999998,161.27200000000002,0.0142,0.0211
03.11.2021 10:28:30.707 GMT+0100,161.351,161.305,0.0142,0.0211
03.11.2021 10:29:02.366 GMT+0100,161.323,161.269,0.0142,0.0211
03.11.2021 10:29:02.518 GMT+0100,161.35,161.30200000000002,0.0142,0.0211
03.11.2021 10:29:03.704 GMT+0100,161.322,161.269,0.0142,0.0211
03.11.2021 10:29:40.858 GMT+0100,161.353,161.308,0.0142,0.0211
03.11.2021 10:30:19.283 GMT+0100,161.323,161.27100000000002,0.0142,0.0211
03.11.2021 10:30:19.507 GMT+0100,161.353,161.30200000000002,0.0142,0.0211
03.11.2021 10:30:58.713 GMT+0100,161.322,161.273,0.0142,0.0211
03.11.2021 10:30:58.885 GMT+0100,161.34799999999998,161.308,0.0142,0.0211
03.11.2021 10:31:39.151 GMT+0100,161.31799999999998,161.273,0.0142,0.0211
03.11.2021 10:31:39.534 GMT+0100,161.351,161.308,0.0142,0.0211
03.11.2021 10:31:51.635 GMT+0100,161.32,161.273,0.0142,0.0211
03.11.2021 10:31:51.882 GMT+0100,161.353,161.305,0.0142,0.0211
03.11.2021 10:32:46.262 GMT+0100,161.321,161.274,0.0142,0.0211
03.11.2021 10:32:47.944 GMT+0100,161.352,161.30200000000002,0.0142,0.0211
03.11.2021 10:32:53.484 GMT+0100,161.316,161.269,0.0142,0.0211
03.11.2021 10:33:08.309 GMT+0100,161.351,161.30200000000002,0.0142,0.0211
03.11.2021 10:33:12.059 GMT+0100,161.31799999999998,161.274,0.0142,0.0211
03.11.2021 10:33:14.310 GMT+0100,161.338,161.286,0.0142,0.0211
03.11.2021 10:33:14.513 GMT+0100,161.319,161.269,0.0142,0.0211
03.11.2021 10:33:15.547 GMT+0100,161.355,161.30200000000002,0.0142,0.0211
03.11.2021 10:33:17.150 GMT+0100,161.316,161.276,0.0142,0.0211
03.11.2021 10:33:37.313 GMT+0100,161.34799999999998,161.303,0.0142,0.0211
03.11.2021 10:33:37.563 GMT+0100,161.322,161.27200000000002,0.0142,0.0211
03.11.2021 10:33:41.943 GMT+0100,161.335,161.289,0.0142,0.0211
03.11.2021 10:33:42.059 GMT+0100,161.352,161.306,0.0142,0.0211
03.11.2021 10:34:49.432 GMT+0100,161.323,161.27100000000002,0.0142,0.0211
03.11.2021 10:35:04.108 GMT+0100,161.352,161.304,0.0142,0.0211
03.11.2021 10:35:05.462 GMT+0100,161.316,161.27,0.0142,0.0211
03.11.2021 10:35:54.159 GMT+0100,161.354,161.30100000000002,0.0142,0.0211
03.11.2021 10:37:04.875 GMT+0100,161.323,161.27,0.0142,0.0211
03.11.2021 10:37:26.457 GMT+0100,161.352,161.30200000000002,0.0142,0.0211
03.11.2021 10:37:30.594 GMT+0100,161.323,161.269,0.0142,0.0211
03.11.2021 10:37:30.768 GMT+0100,161.353,161.308,0.0142,0.0211
03.11.2021 10:37:31.939 GMT+0100,161.323,161.273,0.0142,0.0211
03.11.2021 10:38:04.938 GMT+0100,161.354,161.308,0.0142,0.0211
03.11.2021 10:38:54.927 GMT+0100,161.379,161.339,0.0142,0.0211
03.11.2021 10:38:55.151 GMT+0100,161.354,161.305,0.0142,0.0211
03.11.2021 10:39:37.961 GMT+0100,161.365,161.323,0.0142,0.0211
03.11.2021 10:39:38.112 GMT+0100,161.383,161.339,0.0142,0.0211
03.11.2021 10:39:39.919 GMT+0100,161.369,161.317,0.0142,0.0211
03.11.2021 10:39:42.133 GMT+0100,161.35,161.304,0.0142,0.0211
03.11.2021 10:39:42.761 GMT+0100,161.368,161.323,0.0142,0.0211
03.11.2021 10:39:42.868 GMT+0100,161.355,161.30200000000002,0.0142,0.0211
03.11.2021 10:39:48.606 GMT+0100,161.384,161.333,0.0142,0.0211
03.11.2021 10:39:51.975 GMT+0100,161.35,161.30100000000002,0.0142,0.0211
03.11.2021 10:39:59.573 GMT+0100,161.322,161.27,0.0142,0.0211
03.11.2021 10:39:59.848 GMT+0100,161.352,161.303,0.0142,0.0211
03.11.2021 10:40:04.190 GMT+0100,161.334,161.285,0.0142,0.0211
03.11.2021 10:40:04.317 GMT+0100,161.34799999999998,161.305,0.0142,0.0211
03.11.2021 10:42:07.679 GMT+0100,161.321,161.276,0.0142,0.0211
03.11.2021 10:42:21.682 GMT+0100,161.292,161.24,0.0142,0.0211
03.11.2021 10:42:35.138 GMT+0100,161.257,161.208,0.0142,0.0211
03.11.2021 10:42:35.339 GMT+0100,161.28799999999998,161.245,0.0142,0.0211
03.11.2021 10:42:40.258 GMT+0100,161.26,161.211,0.0142,0.0211
03.11.2021 10:42:40.409 GMT+0100,161.292,161.24200000000002,0.0142,0.0211
03.11.2021 10:43:00.073 GMT+0100,161.258,161.211,0.0142,0.0211
03.11.2021 10:43:00.183 GMT+0100,161.28799999999998,161.241,0.0142,0.0211
03.11.2021 10:43:00.810 GMT+0100,161.257,161.209,0.0142,0.0211
03.11.2021 10:43:01.077 GMT+0100,161.287,161.238,0.0142,0.0211
03.11.2021 10:43:01.708 GMT+0100,161.26,161.214,0.0142,0.0211
03.11.2021 10:43:02.119 GMT+0100,161.28799999999998,161.238,0.0142,0.0211
03.11.2021 10:43:02.834 GMT+0100,161.261,161.208,0.0142,0.0211
03.11.2021 10:43:08.062 GMT+0100,161.28799999999998,161.241,0.0142,0.0211
03.11.2021 10:43:08.756 GMT+0100,161.261,161.20700000000002,0.0142,0.0211
03.11.2021 10:43:42.077 GMT+0100,161.29,161.245,0.0142,0.0211
03.11.2021 10:43:45.736 GMT+0100,161.257,161.211,0.0142,0.0211
03.11.2021 10:43:54.736 GMT+0100,161.291,161.245,0.0142,0.0211
03.11.2021 10:44:26.844 GMT+0100,161.31799999999998,161.276,0.0142,0.0211
03.11.2021 10:44:47.984 GMT+0100,161.352,161.306,0.0142,0.0211
03.11.2021 10:44:49.779 GMT+0100,161.323,161.27200000000002,0.0142,0.0211
03.11.2021 10:44:52.203 GMT+0100,161.355,161.30100000000002,0.0142,0.0211
03.11.2021 10:44:52.349 GMT+0100,161.323,161.27,0.0142,0.0211
03.11.2021 10:44:54.088 GMT+0100,161.353,161.30100000000002,0.0142,0.0211
03.11.2021 10:44:54.710 GMT+0100,161.322,161.27200000000002,0.0142,0.0211
03.11.2021 10:44:55.206 GMT+0100,161.35,161.305,0.0142,0.0211
03.11.2021 10:45:08.851 GMT+0100,161.322,161.27200000000002,0.0142,0.0211
03.11.2021 10:45:12.635 GMT+0100,161.355,161.306,0.0142,0.0211
03.11.2021 10:45:13.533 GMT+0100,161.31799999999998,161.27200000000002,0.0142,0.0211
03.11.2021 10:45:28.918 GMT+0100,161.35,161.305,0.0142,0.0211
03.11.2021 10:46:43.995 GMT+0100,161.31799999999998,161.27200000000002,0.0142,0.0211
03.11.2021 10:46:44.276 GMT+0100,161.352,161.305,0.0142,0.0211
03.11.2021 10:46:46.384 GMT+0100,161.32,161.27100000000002,0.0142,0.0211
03.11.2021 10:46:59.832 GMT+0100,161.289,161.243,0.0142,0.0211
03.11.2021 10:47:00.118 GMT+0100,161.32,161.274,0.0142,0.0211
03.11.2021 10:48:03.918 GMT+0100,161.285,161.24,0.0142,0.0211
03.11.2021 10:48:05.095 GMT+0100,161.319,161.27100000000002,0.0142,0.0211
03.11.2021 10:48:05.722 GMT+0100,161.306,161.261,0.0142,0.0211
03.11.2021 10:48:05.973 GMT+0100,161.322,161.27100000000002,0.0142,0.0211
03.11.2021 10:48:13.188 GMT+0100,161.28799999999998,161.245,0.0142,0.0211
03.11.2021 10:48:14.031 GMT+0100,161.322,161.27200000000002,0.0142,0.0211
03.11.2021 10:48:14.132 GMT+0100,161.287,161.239,0.0142,0.0211
03.11.2021 10:48:14.353 GMT+0100,161.316,161.27,0.0142,0.0211
03.11.2021 10:48:18.210 GMT+0100,161.29,161.245,0.0142,0.0211
03.11.2021 10:48:39.237 GMT+0100,161.31799999999998,161.274,0.0142,0.0211
03.11.2021 10:48:39.540 GMT+0100,161.285,161.24200000000002,0.0142,0.0211
03.11.2021 10:48:55.832 GMT+0100,161.319,161.273,0.0142,0.0211
03.11.2021 10:48:57.489 GMT+0100,161.29,161.238,0.0142,0.0211
03.11.2021 10:50:42.539 GMT+0100,161.261,161.211,0.0142,0.0211
03.11.2021 10:50:42.640 GMT+0100,161.291,161.245,0.0142,0.0211
03.11.2021 10:53:31.384 GMT+0100,161.254,161.208,0.0142,0.0211
03.11.2021 10:54:22.924 GMT+0100,161.225,161.181,0.0142,0.0211
03.11.2021 10:54:24.231 GMT+0100,161.254,161.214,0.0142,0.0211
03.11.2021 10:54:41.578 GMT+0100,161.228,161.179,0.0142,0.0211
03.11.2021 10:54:42.053 GMT+0100,161.256,161.211,0.0142,0.0211
03.11.2021 10:54:55.782 GMT+0100,161.229,161.18,0.0142,0.0211
03.11.2021 10:54:58.866 GMT+0100,161.24,161.191,0.0142,0.0211
03.11.2021 10:55:00.206 GMT+0100,161.26,161.21200000000002,0.0142,0.0211
03.11.2021 10:55:00.450 GMT+0100,161.225,161.181,0.0142,0.0211
03.11.2021 10:55:37.040 GMT+0100,161.198,161.144,0.0142,0.0211
03.11.2021 10:55:38.572 GMT+0100,161.227,161.181,0.0142,0.0211
03.11.2021 11:00:40.074 GMT+0100,161.194,161.151,0.0142,0.0211
03.11.2021 11:00:41.001 GMT+0100,161.23,161.183,0.0142,0.0211
03.11.2021 11:00:53.758 GMT+0100,161.257,161.214,0.0142,0.0211
03.11.2021 11:00:54.066 GMT+0100,161.22299999999998,161.17600000000002,0.0142,0.0211
03.11.2021 11:00:54.968 GMT+0100,161.26,161.20700000000002,0.0142,0.0211
03.11.2021 11:01:08.151 GMT+0100,161.291,161.238,0.0142,0.0211
03.11.2021 11:01:08.252 GMT+0100,161.261,161.209,0.0142,0.0211
03.11.2021 11:01:18.899 GMT+0100,161.28799999999998,161.245,0.0142,0.0211
03.11.2021 11:01:19.236 GMT+0100,161.256,161.209,0.0142,0.0211
03.11.2021 11:01:33.971 GMT+0100,161.226,161.17700000000002,0.0142,0.0211
03.11.2021 11:01:34.217 GMT+0100,161.256,161.21200000000002,0.0142,0.0211
03.11.2021 11:01:34.422 GMT+0100,161.226,161.18,0.0142,0.0211
03.11.2021 11:01:34.888 GMT+0100,161.258,161.214,0.0142,0.0211
03.11.2021 11:02:03.397 GMT+0100,161.28799999999998,161.238,0.0142,0.0211
03.11.2021 11:02:03.498 GMT+0100,161.254,161.21,0.0142,0.0211
03.11.2021 11:02:03.611 GMT+0100,161.285,161.239,0.0142,0.0211
03.11.2021 11:02:05.239 GMT+0100,161.258,161.209,0.0142,0.0211
03.11.2021 11:02:05.450 GMT+0100,161.287,161.238,0.0142,0.0211
03.11.2021 11:02:08.689 GMT+0100,161.254,161.211,0.0142,0.0211
03.11.2021 11:02:09.297 GMT+0100,161.29,161.243,0.0142,0.0211
03.11.2021 11:02:09.997 GMT+0100,161.274,161.225,0.0142,0.0211
03.11.2021 11:02:10.121 GMT+0100,161.29,161.239,0.0142,0.0211
03.11.2021 11:02:51.961 GMT+0100,161.291,161.24200000000002,0.0142,0.0211
03.11.2021 11:02:52.844 GMT+0100,161.254,161.208,0.0142,0.0211
03.11.2021 11:03:13.600 GMT+0100,161.22299999999998,161.18,0.0142,0.0211
03.11.2021 11:05:08.069 GMT+0100,161.245,161.191,0.0142,0.0211
03.11.2021 11:05:08.171 GMT+0100,161.228,161.17600000000002,0.0142,0.0211
03.11.2021 11:05:17.336 GMT+0100,161.254,161.208,0.0142,0.0211
03.11.2021 11:07:31.734 GMT+0100,161.227,161.181,0.0142,0.0211
03.11.2021 11:07:34.775 GMT+0100,161.256,161.21200000000002,0.0142,0.0211
03.11.2021 11:07:34.943 GMT+0100,161.229,161.17700000000002,0.0142,0.0211
03.11.2021 11:08:24.101 GMT+0100,161.241,161.191,0.0142,0.0211
03.11.2021 11:08:24.458 GMT+0100,161.258,161.21,0.0142,0.0211
03.11.2021 11:09:04.057 GMT+0100,161.28799999999998,161.245,0.0142,0.0211
03.11.2021 11:10:47.048 GMT+0100,161.274,161.22299999999998,0.0142,0.0211
03.11.2021 11:10:47.151 GMT+0100,161.259,161.209,0.0142,0.0211
03.11.2021 11:11:41.281 GMT+0100,161.22299999999998,161.179,0.0142,0.0211
03.11.2021 11:11:41.545 GMT+0100,161.258,161.214,0.0142,0.0211
03.11.2021 11:11:43.852 GMT+0100,161.225,161.181,0.0142,0.0211
03.11.2021 11:13:07.060 GMT+0100,161.254,161.211,0.0142,0.0211
03.11.2021 11:13:25.493 GMT+0100,161.238,161.195,0.0142,0.0211
03.11.2021 11:13:25.596 GMT+0100,161.26,161.208,0.0142,0.0211
03.11.2021 11:13:25.862 GMT+0100,161.227,161.179,0.0142,0.0211
03.11.2021 11:13:26.256 GMT+0100,161.259,161.214,0.0142,0.0211
03.11.2021 11:13:41.671 GMT+0100,161.225,161.183,0.0142,0.0211
03.11.2021 11:13:42.049 GMT+0100,161.254,161.211,0.0142,0.0211
03.11.2021 11:13:57.201 GMT+0100,161.291,161.243,0.0142,0.0211
03.11.2021 11:13:57.352 GMT+0100,161.258,161.209,0.0142,0.0211
03.11.2021 11:13:57.489 GMT+0100,161.287,161.243,0.0142,0.0211
03.11.2021 11:14:00.653 GMT+0100,161.254,161.21,0.0142,0.0211
03.11.2021 11:14:06.800 GMT+0100,161.289,161.243,0.0142,0.0211
03.11.2021 11:14:10.158 GMT+0100,161.259,161.209,0.0142,0.0211
03.11.2021 11:14:46.158 GMT+0100,161.228,161.18,0.0142,0.0211
03.11.2021 11:14:46.418 GMT+0100,161.257,161.208,0.0142,0.0211
03.11.2021 11:14:46.854 GMT+0100,161.22299999999998,161.178,0.0142,0.0211
03.11.2021 11:14:48.852 GMT+0100,161.26,161.21200000000002,0.0142,0.0211
03.11.2021 11:14:55.079 GMT+0100,161.243,161.192,0.0142,0.0211
03.11.2021 11:14:55.322 GMT+0100,161.225,161.18,0.0142,0.0211
03.11.2021 11:14:55.902 GMT+0100,161.257,161.208,0.0142,0.0211
03.11.2021 11:16:04.188 GMT+0100,161.287,161.241,0.0142,0.0211
03.11.2021 11:16:04.339 GMT+0100,161.258,161.21200000000002,0.0142,0.0211
03.11.2021 11:16:04.945 GMT+0100,161.274,161.224,0.0142,0.0211
03.11.2021 11:16:05.570 GMT+0100,161.256,161.214,0.0142,0.0211
03.11.2021 11:16:27.420 GMT+0100,161.229,161.178,0.0142,0.0211
03.11.2021 11:16:38.474 GMT+0100,161.256,161.211,0.0142,0.0211
03.11.2021 11:16:38.669 GMT+0100,161.229,161.18,0.0142,0.0211
03.11.2021 11:16:39.289 GMT+0100,161.257,161.20700000000002,0.0142,0.0211
03.11.2021 11:16:39.914 GMT+0100,161.226,161.17600000000002,0.0142,0.0211
03.11.2021 11:16:40.018 GMT+0100,161.254,161.21,0.0142,0.0211
03.11.2021 11:18:21.189 GMT+0100,161.226,161.181,0.0142,0.0211
03.11.2021 11:18:22.944 GMT+0100,161.254,161.208,0.0142,0.0211
03.11.2021 11:18:23.792 GMT+0100,161.22299999999998,161.18,0.0142,0.0211
03.11.2021 11:18:34.173 GMT+0100,161.258,161.209,0.0142,0.0211
03.11.2021 11:18:34.552 GMT+0100,161.225,161.17600000000002,0.0142,0.0211
03.11.2021 11:18:37.048 GMT+0100,161.257,161.214,0.0142,0.0211
03.11.2021 11:18:38.020 GMT+0100,161.228,161.183,0.0142,0.0211
03.11.2021 11:18:38.295 GMT+0100,161.256,161.208,0.0142,0.0211
03.11.2021 11:18:39.605 GMT+0100,161.228,161.17700000000002,0.0142,0.0211
03.11.2021 11:18:40.214 GMT+0100,161.256,161.208,0.0142,0.0211
03.11.2021 11:18:59.260 GMT+0100,161.285,161.243,0.0142,0.0211
03.11.2021 11:18:59.706 GMT+0100,161.258,161.211,0.0142,0.0211
03.11.2021 11:19:03.201 GMT+0100,161.28799999999998,161.243,0.0142,0.0211
03.11.2021 11:19:03.389 GMT+0100,161.258,161.208,0.0142,0.0211
03.11.2021 11:19:03.788 GMT+0100,161.285,161.24200000000002,0.0142,0.0211
03.11.2021 11:19:06.247 GMT+0100,161.273,161.22299999999998,0.0142,0.0211
03.11.2021 11:19:06.566 GMT+0100,161.291,161.238,0.0142,0.0211
03.11.2021 11:19:06.717 GMT+0100,161.257,161.20700000000002,0.0142,0.0211
03.11.2021 11:19:07.492 GMT+0100,161.292,161.239,0.0142,0.0211
03.11.2021 11:19:07.667 GMT+0100,161.26,161.208,0.0142,0.0211
03.11.2021 11:19:08.727 GMT+0100,161.275,161.226,0.0142,0.0211
03.11.2021 11:19:08.938 GMT+0100,161.287,161.239,0.0142,0.0211
03.11.2021 11:19:27.422 GMT+0100,161.258,161.208,0.0142,0.0211
03.11.2021 11:20:10.188 GMT+0100,161.229,161.17700000000002,0.0142,0.0211
03.11.2021 11:22:06.652 GMT+0100,161.257,161.209,0.0142,0.0211
03.11.2021 11:22:08.515 GMT+0100,161.22299999999998,161.179,0.0142,0.0211
03.11.2021 11:23:44.480 GMT+0100,161.198,161.14700000000002,0.0142,0.0211
03.11.2021 11:25:17.065 GMT+0100,161.226,161.179,0.0142,0.0211
03.11.2021 11:26:58.236 GMT+0100,161.225,161.179,0.0142,0.0211
03.11.2021 11:28:14.612 GMT+0100,161.227,161.178,0.0142,0.0211
03.11.2021 11:28:34.278 GMT+0100,161.198,161.149,0.0142,0.0211
03.11.2021 11:28:34.421 GMT+0100,161.228,161.18,0.0142,0.0211
03.11.2021 11:28:44.003 GMT+0100,161.197,161.145,0.0142,0.0211
03.11.2021 11:28:44.275 GMT+0100,161.226,161.183,0.0142,0.0211
03.11.2021 11:28:46.913 GMT+0100,161.198,161.149,0.0142,0.0211
03.11.2021 11:28:47.212 GMT+0100,161.229,161.179,0.0142,0.0211
03.11.2021 11:28:53.797 GMT+0100,161.198,161.145,0.0142,0.0211
03.11.2021 11:29:03.483 GMT+0100,161.225,161.17600000000002,0.0142,0.0211
03.11.2021 11:29:04.830 GMT+0100,161.198,161.14600000000002,0.0142,0.0211
03.11.2021 11:29:27.232 GMT+0100,161.229,161.178,0.0142,0.0211
03.11.2021 11:29:29.872 GMT+0100,161.19299999999998,161.14600000000002,0.0142,0.0211
03.11.2021 11:29:48.063 GMT+0100,161.22299999999998,161.179,0.0142,0.0211
03.11.2021 11:29:51.326 GMT+0100,161.195,161.148,0.0142,0.0211
03.11.2021 11:30:23.385 GMT+0100,161.23,161.178,0.0142,0.0211
03.11.2021 11:30:23.601 GMT+0100,161.194,161.149,0.0142,0.0211
03.11.2021 11:30:23.704 GMT+0100,161.22299999999998,161.178,0.0142,0.0211
03.11.2021 11:30:45.057 GMT+0100,161.195,161.151,0.0142,0.0211
03.11.2021 11:30:45.654 GMT+0100,161.22299999999998,161.18,0.0142,0.0211
03.11.2021 11:31:06.757 GMT+0100,161.20700000000002,161.162,0.0142,0.0211
03.11.2021 11:31:07.099 GMT+0100,161.194,161.149,0.0142,0.0211
03.11.2021 11:32:10.540 GMT+0100,161.22299999999998,161.183,0.0142,0.0211
03.11.2021 11:32:11.886 GMT+0100,161.196,161.14600000000002,0.0142,0.0211
03.11.2021 11:32:27.004 GMT+0100,161.225,161.18,0.0142,0.0211
03.11.2021 11:33:52.877 GMT+0100,161.254,161.211,0.0142,0.0211
03.11.2021 11:34:23.402 GMT+0100,161.28799999999998,161.24,0.0142,0.0211
03.11.2021 11:34:23.651 GMT+0100,161.26,161.208,0.0142,0.0211
03.11.2021 11:34:27.381 GMT+0100,161.287,161.24200000000002,0.0142,0.0211
03.11.2021 11:36:08.285 GMT+0100,161.28799999999998,161.245,0.0142,0.0211
03.11.2021 11:36:08.482 GMT+0100,161.254,161.209,0.0142,0.0211
03.11.2021 11:36:14.201 GMT+0100,161.285,161.24,0.0142,0.0211
03.11.2021 11:36:15.635 GMT+0100,161.26,161.20700000000002,0.0142,0.0211
03.11.2021 11:40:01.351 GMT+0100,161.229,161.181,0.0142,0.0211
03.11.2021 11:40:01.456 GMT+0100,161.26,161.21200000000002,0.0142,0.0211
03.11.2021 11:40:01.791 GMT+0100,161.229,161.17600000000002,0.0142,0.0211
03.11.2021 11:40:05.092 GMT+0100,161.256,161.209,0.0142,0.0211
03.11.2021 11:40:11.399 GMT+0100,161.229,161.17600000000002,0.0142,0.0211
03.11.2021 11:40:11.644 GMT+0100,161.26,161.211,0.0142,0.0211
03.11.2021 11:41:45.876 GMT+0100,161.227,161.17600000000002,0.0142,0.0211
03.11.2021 11:41:52.981 GMT+0100,161.198,161.144,0.0142,0.0211
03.11.2021 11:44:03.190 GMT+0100,161.225,161.183,0.0142,0.0211
03.11.2021 11:44:22.417 GMT+0100,161.196,161.148,0.0142,0.0211
03.11.2021 11:44:26.064 GMT+0100,161.226,161.181,0.0142,0.0211
03.11.2021 11:46:57.899 GMT+0100,161.197,161.149,0.0142,0.0211
03.11.2021 11:47:56.284 GMT+0100,161.167,161.11700000000002,0.0142,0.0211
03.11.2021 11:47:56.455 GMT+0100,161.197,161.144,0.0142,0.0211
03.11.2021 11:48:45.136 GMT+0100,161.227,161.181,0.0142,0.0211
03.11.2021 11:50:53.393 GMT+0100,161.196,161.151,0.0142,0.0211
03.11.2021 11:50:54.280 GMT+0100,161.21,161.165,0.0142,0.0211
03.11.2021 11:50:54.479 GMT+0100,161.198,161.148,0.0142,0.0211
03.11.2021 11:50:55.108 GMT+0100,161.228,161.183,0.0142,0.0211
03.11.2021 11:50:56.633 GMT+0100,161.196,161.149,0.0142,0.0211
03.11.2021 11:50:56.931 GMT+0100,161.211,161.161,0.0142,0.0211
03.11.2021 11:50:57.033 GMT+0100,161.226,161.179,0.0142,0.0211
03.11.2021 11:51:06.784 GMT+0100,161.19299999999998,161.14700000000002,0.0142,0.0211
03.11.2021 11:51:07.687 GMT+0100,161.225,161.18,0.0142,0.0211
03.11.2021 11:51:08.068 GMT+0100,161.19299999999998,161.145,0.0142,0.0211
03.11.2021 11:51:14.010 GMT+0100,161.21200000000002,161.16,0.0142,0.0211
03.11.2021 11:51:14.111 GMT+0100,161.227,161.178,0.0142,0.0211
03.11.2021 11:51:14.533 GMT+0100,161.191,161.14700000000002,0.0142,0.0211
03.11.2021 11:54:14.764 GMT+0100,161.167,161.12,0.0142,0.0211
03.11.2021 11:54:16.121 GMT+0100,161.195,161.148,0.0142,0.0211
03.11.2021 11:54:27.104 GMT+0100,161.167,161.11700000000002,0.0142,0.0211
03.11.2021 11:54:27.863 GMT+0100,161.196,161.145,0.0142,0.0211
03.11.2021 11:55:55.238 GMT+0100,161.178,161.134,0.0142,0.0211
03.11.2021 11:55:55.376 GMT+0100,161.16299999999998,161.114,0.0142,0.0211
03.11.2021 11:56:28.800 GMT+0100,161.131,161.084,0.0142,0.0211
03.11.2021 11:56:43.560 GMT+0100,161.164,161.116,0.0142,0.0211
03.11.2021 11:57:12.962 GMT+0100,161.136,161.08200000000002,0.0142,0.0211
03.11.2021 11:58:00.349 GMT+0100,161.164,161.12,0.0142,0.0211
03.11.2021 11:58:01.017 GMT+0100,161.134,161.08200000000002,0.0142,0.0211
03.11.2021 11:58:36.997 GMT+0100,161.104,161.05200000000002,0.0142,0.0211
03.11.2021 11:58:37.276 GMT+0100,161.129,161.08200000000002,0.0142,0.0211
03.11.2021 11:59:07.602 GMT+0100,161.162,161.115,0.0142,0.0211
03.11.2021 12:01:04.969 GMT+0100,161.178,161.133,0.0142,0.0211
03.11.2021 12:01:05.076 GMT+0100,161.16,161.116,0.0142,0.0211
03.11.2021 12:01:24.394 GMT+0100,161.194,161.148,0.0142,0.0211
03.11.2021 12:01:24.596 GMT+0100,161.167,161.11700000000002,0.0142,0.0211
03.11.2021 12:01:32.019 GMT+0100,161.195,161.145,0.0142,0.0211
03.11.2021 12:01:32.215 GMT+0100,161.16299999999998,161.114,0.0142,0.0211
03.11.2021 12:01:36.432 GMT+0100,161.194,161.14700000000002,0.0142,0.0211
03.11.2021 12:01:59.266 GMT+0100,161.166,161.11700000000002,0.0142,0.0211
03.11.2021 12:02:13.550 GMT+0100,161.191,161.14700000000002,0.0142,0.0211
03.11.2021 12:02:13.799 GMT+0100,161.164,161.11700000000002,0.0142,0.0211
03.11.2021 12:02:17.064 GMT+0100,161.196,161.14600000000002,0.0142,0.0211
03.11.2021 12:02:17.251 GMT+0100,161.16299999999998,161.11700000000002,0.0142,0.0211
03.11.2021 12:02:26.219 GMT+0100,161.196,161.149,0.0142,0.0211
03.11.2021 12:02:26.581 GMT+0100,161.16,161.114,0.0142,0.0211
03.11.2021 12:02:28.989 GMT+0100,161.191,161.144,0.0142,0.0211
03.11.2021 12:02:31.188 GMT+0100,161.16,161.114,0.0142,0.0211
03.11.2021 12:02:31.480 GMT+0100,161.19299999999998,161.151,0.0142,0.0211
03.11.2021 12:05:30.666 GMT+0100,161.229,161.183,0.0142,0.0211
03.11.2021 12:05:31.131 GMT+0100,161.19299999999998,161.14700000000002,0.0142,0.0211
03.11.2021 12:05:42.649 GMT+0100,161.21200000000002,161.167,0.0142,0.0211
03.11.2021 12:05:42.891 GMT+0100,161.228,161.17700000000002,0.0142,0.0211
03.11.2021 12:06:02.565 GMT+0100,161.19299999999998,161.144,0.0142,0.0211
03.11.2021 12:06:46.662 GMT+0100,161.166,161.118,0.0142,0.0211
03.11.2021 12:06:46.874 GMT+0100,161.197,161.149,0.0142,0.0211
03.11.2021 12:07:31.389 GMT+0100,161.167,161.11700000000002,0.0142,0.0211
03.11.2021 12:08:23.674 GMT+0100,161.134,161.084,0.0142,0.0211
03.11.2021 12:08:26.727 GMT+0100,161.164,161.113,0.0142,0.0211
03.11.2021 12:09:45.868 GMT+0100,161.131,161.084,0.0142,0.0211
03.11.2021 12:10:27.525 GMT+0100,161.102,161.05100000000002,0.0142,0.0211
03.11.2021 12:10:27.978 GMT+0100,161.118,161.073,0.0142,0.0211
03.11.2021 12:10:28.258 GMT+0100,161.102,161.05100000000002,0.0142,0.0211
03.11.2021 12:10:33.136 GMT+0100,161.132,161.083,0.0142,0.0211
03.11.2021 12:10:40.559 GMT+0100,161.101,161.056,0.0142,0.0211
03.11.2021 12:10:48.750 GMT+0100,161.134,161.085,0.0142,0.0211
03.11.2021 12:10:48.893 GMT+0100,161.105,161.055,0.0142,0.0211
03.11.2021 12:12:05.853 GMT+0100,161.066,161.02,0.0142,0.0211
03.11.2021 12:12:22.253 GMT+0100,161.102,161.05200000000002,0.0142,0.0211
03.11.2021 12:12:22.410 GMT+0100,161.06799999999998,161.026,0.0142,0.0211
03.11.2021 12:12:22.807 GMT+0100,161.102,161.054,0.0142,0.0211
03.11.2021 12:13:16.829 GMT+0100,161.134,161.083,0.0142,0.0211
03.11.2021 12:13:16.980 GMT+0100,161.09799999999998,161.05100000000002,0.0142,0.0211
03.11.2021 12:13:23.751 GMT+0100,161.136,161.089,0.0142,0.0211
03.11.2021 12:15:39.628 GMT+0100,161.166,161.12,0.0142,0.0211
03.11.2021 12:16:03.709 GMT+0100,161.191,161.148,0.0142,0.0211
03.11.2021 12:17:07.777 GMT+0100,161.228,161.17600000000002,0.0142,0.0211
03.11.2021 12:17:08.181 GMT+0100,161.198,161.144,0.0142,0.0211
03.11.2021 12:17:58.759 GMT+0100,161.227,161.17600000000002,0.0142,0.0211
03.11.2021 12:18:36.454 GMT+0100,161.197,161.14600000000002,0.0142,0.0211
03.11.2021 12:18:52.088 GMT+0100,161.164,161.114,0.0142,0.0211
03.11.2021 12:18:53.678 GMT+0100,161.198,161.151,0.0142,0.0211
03.11.2021 12:18:53.949 GMT+0100,161.16299999999998,161.118,0.0142,0.0211
03.11.2021 12:18:55.600 GMT+0100,161.191,161.145,0.0142,0.0211
03.11.2021 12:18:56.788 GMT+0100,161.166,161.12,0.0142,0.0211
03.11.2021 12:19:00.944 GMT+0100,161.191,161.151,0.0142,0.0211
03.11.2021 12:19:05.095 GMT+0100,161.16299999999998,161.115,0.0142,0.0211
03.11.2021 12:19:09.406 GMT+0100,161.194,161.151,0.0142,0.0211
03.11.2021 12:19:22.407 GMT+0100,161.167,161.116,0.0142,0.0211
03.11.2021 12:19:22.619 GMT+0100,161.179,161.129,0.0142,0.0211
03.11.2021 12:19:22.822 GMT+0100,161.165,161.116,0.0142,0.0211
03.11.2021 12:19:25.505 GMT+0100,161.194,161.149,0.0142,0.0211
03.11.2021 12:19:26.589 GMT+0100,161.16299999999998,161.114,0.0142,0.0211
03.11.2021 12:19:29.455 GMT+0100,161.198,161.14600000000002,0.0142,0.0211
03.11.2021 12:19:33.234 GMT+0100,161.16,161.113,0.0142,0.0211
03.11.2021 12:19:36.612 GMT+0100,161.178,161.132,0.0142,0.0211
03.11.2021 12:19:37.381 GMT+0100,161.194,161.14700000000002,0.0142,0.0211
03.11.2021 12:19:43.465 GMT+0100,161.166,161.114,0.0142,0.0211
03.11.2021 12:19:45.858 GMT+0100,161.197,161.148,0.0142,0.0211
03.11.2021 12:20:36.196 GMT+0100,161.166,161.115,0.0142,0.0211
03.11.2021 12:21:21.780 GMT+0100,161.191,161.144,0.0142,0.0211
03.11.2021 12:23:48.578 GMT+0100,161.229,161.178,0.0142,0.0211
03.11.2021 12:24:09.116 GMT+0100,161.195,161.14600000000002,0.0142,0.0211
03.11.2021 12:27:18.501 GMT+0100,161.165,161.11700000000002,0.0142,0.0211
03.11.2021 12:28:43.412 GMT+0100,161.196,161.144,0.0142,0.0211
03.11.2021 12:28:43.570 GMT+0100,161.162,161.116,0.0142,0.0211
03.11.2021 12:28:47.583 GMT+0100,161.198,161.149,0.0142,0.0211
03.11.2021 12:28:52.312 GMT+0100,161.16,161.12,0.0142,0.0211
03.11.2021 12:28:53.952 GMT+0100,161.194,161.14600000000002,0.0142,0.0211
03.11.2021 12:29:13.089 GMT+0100,161.165,161.113,0.0142,0.0211
03.11.2021 12:29:25.853 GMT+0100,161.191,161.151,0.0142,0.0211
03.11.2021 12:30:08.759 GMT+0100,161.225,161.18,0.0142,0.0211
03.11.2021 12:30:11.308 GMT+0100,161.198,161.148,0.0142,0.0211
03.11.2021 12:30:11.588 GMT+0100,161.225,161.183,0.0142,0.0211
03.11.2021 12:30:12.076 GMT+0100,161.211,161.16299999999998,0.0142,0.0211
03.11.2021 12:30:12.216 GMT+0100,161.191,161.148,0.0142,0.0211
03.11.2021 12:30:12.578 GMT+0100,161.229,161.17600000000002,0.0142,0.0211
03.11.2021 12:31:48.083 GMT+0100,161.261,161.21,0.0142,0.0211
03.11.2021 12:31:52.209 GMT+0100,161.245,161.196,0.0142,0.0211
03.11.2021 12:31:52.446 GMT+0100,161.258,161.208,0.0142,0.0211
03.11.2021 12:31:55.859 GMT+0100,161.225,161.18,0.0142,0.0211
03.11.2021 12:32:30.292 GMT+0100,161.194,161.145,0.0142,0.0211
03.11.2021 12:32:30.757 GMT+0100,161.23,161.181,0.0142,0.0211
03.11.2021 12:32:30.902 GMT+0100,161.197,161.144,0.0142,0.0211
03.11.2021 12:32:31.771 GMT+0100,161.20700000000002,161.16299999999998,0.0142,0.0211
03.11.2021 12:32:32.273 GMT+0100,161.228,161.183,0.0142,0.0211
03.11.2021 12:32:47.707 GMT+0100,161.197,161.144,0.0142,0.0211
03.11.2021 12:34:04.271 GMT+0100,161.16,161.118,0.0142,0.0211
03.11.2021 12:34:09.438 GMT+0100,161.197,161.144,0.0142,0.0211
03.11.2021 12:34:21.284 GMT+0100,161.167,161.114,0.0142,0.0211
03.11.2021 12:34:21.697 GMT+0100,161.196,161.151,0.0142,0.0211
03.11.2021 12:34:21.843 GMT+0100,161.165,161.12,0.0142,0.0211
03.11.2021 12:34:58.878 GMT+0100,161.136,161.08700000000002,0.0142,0.0211
03.11.2021 12:35:34.058 GMT+0100,161.16,161.12,0.0142,0.0211
03.11.2021 12:35:37.009 GMT+0100,161.131,161.085,0.0142,0.0211
03.11.2021 12:35:40.800 GMT+0100,161.165,161.115,0.0142,0.0211
03.11.2021 12:36:45.089 GMT+0100,161.19299999999998,161.14700000000002,0.0142,0.0211
03.11.2021 12:36:48.641 GMT+0100,161.166,161.12,0.0142,0.0211
03.11.2021 12:36:55.407 GMT+0100,161.18200000000002,161.131,0.0142,0.0211
03.11.2021 12:36:55.687 GMT+0100,161.165,161.12,0.0142,0.0211
03.11.2021 12:36:59.464 GMT+0100,161.19299999999998,161.14700000000002,0.0142,0.0211
03.11.2021 12:37:18.848 GMT+0100,161.16,161.114,0.0142,0.0211
03.11.2021 12:37:21.079 GMT+0100,161.19299999999998,161.14600000000002,0.0142,0.0211
03.11.2021 12:38:04.920 GMT+0100,161.166,161.12,0.0142,0.0211
03.11.2021 12:39:03.580 GMT+0100,161.136,161.083,0.0142,0.0211
03.11.2021 12:39:04.301 GMT+0100,161.16299999999998,161.114,0.0142,0.0211
03.11.2021 12:39:06.300 GMT+0100,161.134,161.08700000000002,0.0142,0.0211
03.11.2021 12:39:08.594 GMT+0100,161.166,161.118,0.0142,0.0211
03.11.2021 12:39:09.208 GMT+0100,161.134,161.083,0.0142,0.0211
03.11.2021 12:39:10.249 GMT+0100,161.162,161.115,0.0142,0.0211
03.11.2021 12:39:16.879 GMT+0100,161.134,161.085,0.0142,0.0211
03.11.2021 12:39:17.010 GMT+0100,161.162,161.12,0.0142,0.0211
03.11.2021 12:41:23.653 GMT+0100,161.194,161.144,0.0142,0.0211
03.11.2021 12:41:23.799 GMT+0100,161.162,161.118,0.0142,0.0211
03.11.2021 12:42:13.408 GMT+0100,161.194,161.149,0.0142,0.0211
03.11.2021 12:42:13.818 GMT+0100,161.166,161.114,0.0142,0.0211
03.11.2021 12:42:14.379 GMT+0100,161.198,161.148,0.0142,0.0211
03.11.2021 12:42:24.429 GMT+0100,161.227,161.181,0.0142,0.0211
03.11.2021 12:42:29.841 GMT+0100,161.19299999999998,161.149,0.0142,0.0211
03.11.2021 12:46:53.207 GMT+0100,161.225,161.181,0.0142,0.0211
03.11.2021 12:47:42.786 GMT+0100,161.19299999999998,161.151,0.0142,0.0211
03.11.2021 12:49:42.583 GMT+0100,161.227,161.17600000000002,0.0142,0.0211
03.11.2021 12:49:42.940 GMT+0100,161.191,161.144,0.0142,0.0211
03.11.2021 12:49:46.231 GMT+0100,161.164,161.113,0.0142,0.0211
03.11.2021 12:49:47.291 GMT+0100,161.19299999999998,161.149,0.0142,0.0211
03.11.2021 12:51:42.273 GMT+0100,161.162,161.115,0.0142,0.0211
03.11.2021 12:51:46.645 GMT+0100,161.191,161.149,0.0142,0.0211
03.11.2021 12:52:06.398 GMT+0100,161.164,161.116,0.0142,0.0211
03.11.2021 12:53:21.206 GMT+0100,161.198,161.144,0.0142,0.0211
03.11.2021 12:53:22.074 GMT+0100,161.16,161.114,0.0142,0.0211
03.11.2021 12:53:28.155 GMT+0100,161.195,161.151,0.0142,0.0211
03.11.2021 12:53:53.661 GMT+0100,161.228,161.178,0.0142,0.0211
03.11.2021 12:54:53.665 GMT+0100,161.254,161.211,0.0142,0.0211
03.11.2021 12:55:02.447 GMT+0100,161.229,161.181,0.0142,0.0211
03.11.2021 12:55:03.116 GMT+0100,161.26,161.21200000000002,0.0142,0.0211
03.11.2021 12:55:03.304 GMT+0100,161.228,161.17600000000002,0.0142,0.0211
03.11.2021 12:55:12.236 GMT+0100,161.197,161.144,0.0142,0.0211
03.11.2021 12:55:12.641 GMT+0100,161.23,161.178,0.0142,0.0211
03.11.2021 12:55:13.634 GMT+0100,161.195,161.148,0.0142,0.0211
03.11.2021 12:55:13.771 GMT+0100,161.225,161.178,0.0142,0.0211
03.11.2021 12:55:23.903 GMT+0100,161.198,161.148,0.0142,0.0211
03.11.2021 12:56:12.928 GMT+0100,161.214,161.165,0.0142,0.0211
03.11.2021 12:56:13.043 GMT+0100,161.198,161.148,0.0142,0.0211
03.11.2021 12:56:18.291 GMT+0100,161.227,161.183,0.0142,0.0211
03.11.2021 12:56:18.419 GMT+0100,161.196,161.148,0.0142,0.0211
03.11.2021 12:56:27.227 GMT+0100,161.228,161.17700000000002,0.0142,0.0211
03.11.2021 12:56:30.766 GMT+0100,161.191,161.145,0.0142,0.0211
03.11.2021 12:57:27.788 GMT+0100,161.164,161.11700000000002,0.0142,0.0211
03.11.2021 12:58:12.207 GMT+0100,161.191,161.14700000000002,0.0142,0.0211
03.11.2021 12:58:12.694 GMT+0100,161.16299999999998,161.116,0.0142,0.0211
03.11.2021 12:58:35.861 GMT+0100,161.135,161.084,0.0142,0.0211
03.11.2021 12:58:56.724 GMT+0100,161.1,161.056,0.0142,0.0211
03.11.2021 12:58:59.804 GMT+0100,161.131,161.08200000000002,0.0142,0.0211
03.11.2021 12:59:06.178 GMT+0100,161.1,161.056,0.0142,0.0211
03.11.2021 12:59:15.675 GMT+0100,161.131,161.086,0.0142,0.0211
03.11.2021 12:59:27.618 GMT+0100,161.165,161.11700000000002,0.0142,0.0211
03.11.2021 13:00:34.577 GMT+0100,161.195,161.149,0.0142,0.0211
03.11.2021 13:00:34.803 GMT+0100,161.162,161.113,0.0142,0.0211
03.11.2021 13:00:37.633 GMT+0100,161.194,161.149,0.0142,0.0211
03.11.2021 13:00:38.293 GMT+0100,161.18,161.131,0.0142,0.0211
03.11.2021 13:00:39.984 GMT+0100,161.19299999999998,161.144,0.0142,0.0211
03.11.2021 13:00:49.534 GMT+0100,161.16299999999998,161.113,0.0142,0.0211
03.11.2021 13:01:06.031 GMT+0100,161.195,161.151,0.0142,0.0211
03.11.2021 13:01:55.097 GMT+0100,161.21,161.162,0.0142,0.0211
03.11.2021 13:01:56.951 GMT+0100,161.198,161.145,0.0142,0.0211
03.11.2021 13:02:18.417 GMT+0100,161.167,161.118,0.0142,0.0211
03.11.2021 13:02:22.311 GMT+0100,161.191,161.148,0.0142,0.0211
03.11.2021 13:02:23.410 GMT+0100,161.162,161.116,0.0142,0.0211
03.11.2021 13:02:38.819 GMT+0100,161.181,161.129,0.0142,0.0211
03.11.2021 13:02:38.931 GMT+0100,161.196,161.148,0.0142,0.0211
03.11.2021 13:02:47.262 GMT+0100,161.198,161.14600000000002,0.0142,0.0211
03.11.2021 13:03:06.589 GMT+0100,161.23,161.17600000000002,0.0142,0.0211
03.11.2021 13:03:35.103 GMT+0100,161.259,161.21200000000002,0.0142,0.0211
03.11.2021 13:03:47.640 GMT+0100,161.285,161.238,0.0142,0.0211
03.11.2021 13:03:47.766 GMT+0100,161.256,161.208,0.0142,0.0211
03.11.2021 13:04:35.599 GMT+0100,161.228,161.178,0.0142,0.0211
03.11.2021 13:05:18.724 GMT+0100,161.195,161.14600000000002,0.0142,0.0211
03.11.2021 13:05:21.779 GMT+0100,161.22299999999998,161.183,0.0142,0.0211
03.11.2021 13:05:24.689 GMT+0100,161.194,161.151,0.0142,0.0211
03.11.2021 13:05:28.025 GMT+0100,161.23,161.17700000000002,0.0142,0.0211
03.11.2021 13:05:28.367 GMT+0100,161.197,161.144,0.0142,0.0211
03.11.2021 13:05:30.464 GMT+0100,161.22299999999998,161.179,0.0142,0.0211
03.11.2021 13:05:30.825 GMT+0100,161.197,161.14700000000002,0.0142,0.0211
03.11.2021 13:05:56.130 GMT+0100,161.225,161.178,0.0142,0.0211
03.11.2021 13:05:56.242 GMT+0100,161.194,161.145,0.0142,0.0211
03.11.2021 13:06:23.950 GMT+0100,161.23,161.179,0.0142,0.0211
03.11.2021 13:06:25.149 GMT+0100,161.197,161.14700000000002,0.0142,0.0211
03.11.2021 13:06:26.150 GMT+0100,161.214,161.161,0.0142,0.0211
03.11.2021 13:06:26.382 GMT+0100,161.229,161.181,0.0142,0.0211
03.11.2021 13:06:27.151 GMT+0100,161.195,161.148,0.0142,0.0211
03.11.2021 13:06:49.829 GMT+0100,161.22299999999998,161.179,0.0142,0.0211
03.11.2021 13:07:03.364 GMT+0100,161.196,161.14700000000002,0.0142,0.0211
03.11.2021 13:07:05.055 GMT+0100,161.22299999999998,161.179,0.0142,0.0211
03.11.2021 13:07:10.900 GMT+0100,161.195,161.145,0.0142,0.0211
03.11.2021 13:07:14.200 GMT+0100,161.22299999999998,161.181,0.0142,0.0211
03.11.2021 13:07:15.190 GMT+0100,161.198,161.14700000000002,0.0142,0.0211
03.11.2021 13:07:18.272 GMT+0100,161.23,161.179,0.0142,0.0211
03.11.2021 13:07:19.151 GMT+0100,161.19299999999998,161.149,0.0142,0.0211
03.11.2021 13:07:36.263 GMT+0100,161.226,161.181,0.0142,0.0211
03.11.2021 13:07:37.771 GMT+0100,161.191,161.148,0.0142,0.0211
03.11.2021 13:07:39.893 GMT+0100,161.227,161.178,0.0142,0.0211
03.11.2021 13:07:45.149 GMT+0100,161.195,161.14600000000002,0.0142,0.0211
03.11.2021 13:07:45.422 GMT+0100,161.228,161.179,0.0142,0.0211
03.11.2021 13:08:02.646 GMT+0100,161.198,161.145,0.0142,0.0211
03.11.2021 13:08:03.149 GMT+0100,161.229,161.17600000000002,0.0142,0.0211
03.11.2021 13:08:09.466 GMT+0100,161.196,161.144,0.0142,0.0211
03.11.2021 13:08:09.634 GMT+0100,161.226,161.18,0.0142,0.0211
03.11.2021 13:08:21.986 GMT+0100,161.195,161.151,0.0142,0.0211
03.11.2021 13:08:22.288 GMT+0100,161.226,161.17600000000002,0.0142,0.0211
03.11.2021 13:08:54.072 GMT+0100,161.194,161.145,0.0142,0.0211
03.11.2021 13:09:08.798 GMT+0100,161.229,161.17600000000002,0.0142,0.0211
03.11.2021 13:09:31.579 GMT+0100,161.261,161.21200000000002,0.0142,0.0211
03.11.2021 13:09:31.848 GMT+0100,161.228,161.17600000000002,0.0142,0.0211
03.11.2021 13:10:09.888 GMT+0100,161.261,161.21200000000002,0.0142,0.0211
03.11.2021 13:10:14.596 GMT+0100,161.23,161.183,0.0142,0.0211
03.11.2021 13:10:20.119 GMT+0100,161.26,161.21200000000002,0.0142,0.0211
03.11.2021 13:10:20.399 GMT+0100,161.22299999999998,161.17600000000002,0.0142,0.0211
03.11.2021 13:10:23.900 GMT+0100,161.254,161.214,0.0142,0.0211
03.11.2021 13:10:24.033 GMT+0100,161.245,161.19299999999998,0.0142,0.0211
03.11.2021 13:10:24.165 GMT+0100,161.229,161.18,0.0142,0.0211
03.11.2021 13:10:26.818 GMT+0100,161.26,161.21,0.0142,0.0211
03.11.2021 13:10:27.210 GMT+0100,161.228,161.18,0.0142,0.0211
03.11.2021 13:10:31.011 GMT+0100,161.244,161.19299999999998,0.0142,0.0211
03.11.2021 13:10:32.817 GMT+0100,161.229,161.179,0.0142,0.0211
03.11.2021 13:11:51.037 GMT+0100,161.195,161.14700000000002,0.0142,0.0211
03.11.2021 13:11:51.277 GMT+0100,161.226,161.181,0.0142,0.0211
03.11.2021 13:12:09.666 GMT+0100,161.197,161.149,0.0142,0.0211
03.11.2021 13:12:54.564 GMT+0100,161.164,161.113,0.0142,0.0211
03.11.2021 13:12:54.665 GMT+0100,161.196,161.145,0.0142,0.0211
03.11.2021 13:13:20.424 GMT+0100,161.229,161.178,0.0142,0.0211
03.11.2021 13:14:07.005 GMT+0100,161.197,161.151,0.0142,0.0211
03.11.2021 13:14:19.424 GMT+0100,161.22299999999998,161.181,0.0142,0.0211
03.11.2021 13:14:20.987 GMT+0100,161.21,161.165,0.0142,0.0211
03.11.2021 13:14:21.321 GMT+0100,161.191,161.14600000000002,0.0142,0.0211
03.11.2021 13:14:50.177 GMT+0100,161.179,161.134,0.0142,0.0211
03.11.2021 13:14:50.290 GMT+0100,161.162,161.118,0.0142,0.0211
03.11.2021 13:14:56.353 GMT+0100,161.19299999999998,161.14600000000002,0.0142,0.0211
03.11.2021 13:14:57.049 GMT+0100,161.179,161.134,0.0142,0.0211
03.11.2021 13:14:57.883 GMT+0100,161.196,161.149,0.0142,0.0211
03.11.2021 13:15:00.931 GMT+0100,161.17600000000002,161.134,0.0142,0.0211
03.11.2021 13:15:00.981 GMT+0100,161.103,161.053,0.0142,0.0211
03.11.2021 13:15:01.176 GMT+0100,161.088,161.035,0.0142,0.0211
03.11.2021 13:15:01.348 GMT+0100,161.101,161.053,0.0142,0.0211
03.11.2021 13:15:01.450 GMT+0100,161.12,161.07,0.0142,0.0211
03.11.2021 13:15:01.602 GMT+0100,161.1,161.055,0.0142,0.0211
03.11.2021 13:15:02.390 GMT+0100,161.072,161.02,0.0142,0.0211
03.11.2021 13:15:02.670 GMT+0100,161.105,161.056,0.0142,0.0211
03.11.2021 13:15:03.198 GMT+0100,161.135,161.08700000000002,0.0142,0.0211
03.11.2021 13:15:03.790 GMT+0100,161.113,161.06799999999998,0.0142,0.0211
03.11.2021 13:15:03.927 GMT+0100,161.09799999999998,161.053,0.0142,0.0211
03.11.2021 13:15:04.249 GMT+0100,161.135,161.085,0.0142,0.0211
03.11.2021 13:15:06.595 GMT+0100,161.162,161.114,0.0142,0.0211
03.11.2021 13:15:06.696 GMT+0100,161.134,161.085,0.0142,0.0211
03.11.2021 13:15:06.960 GMT+0100,161.101,161.05100000000002,0.0142,0.0211
03.11.2021 13:15:09.188 GMT+0100,161.131,161.083,0.0142,0.0211
03.11.2021 13:15:09.338 GMT+0100,161.149,161.099,0.0142,0.0211
03.11.2021 13:15:09.544 GMT+0100,161.132,161.083,0.0142,0.0211
03.11.2021 13:15:09.832 GMT+0100,161.103,161.053,0.0142,0.0211
03.11.2021 13:15:10.008 GMT+0100,161.119,161.06799999999998,0.0142,0.0211
03.11.2021 13:15:10.149 GMT+0100,161.136,161.086,0.0142,0.0211
03.11.2021 13:15:10.310 GMT+0100,161.119,161.069,0.0142,0.0211
03.11.2021 13:15:11.070 GMT+0100,161.132,161.086,0.0142,0.0211
03.11.2021 13:15:17.781 GMT+0100,161.102,161.054,0.0142,0.0211
03.11.2021 13:15:25.674 GMT+0100,161.135,161.089,0.0142,0.0211
03.11.2021 13:15:38.039 GMT+0100,161.15,161.099,0.0142,0.0211
03.11.2021 13:15:42.387 GMT+0100,161.16,161.115,0.0142,0.0211
03.11.2021 13:15:46.519 GMT+0100,161.14700000000002,161.1,0.0142,0.0211
03.11.2021 13:15:47.490 GMT+0100,161.162,161.116,0.0142,0.0211
03.11.2021 13:15:48.520 GMT+0100,161.183,161.13,0.0142,0.0211
03.11.2021 13:15:48.736 GMT+0100,161.194,161.14700000000002,0.0142,0.0211
03.11.2021 13:16:10.882 GMT+0100,161.165,161.116,0.0142,0.0211
03.11.2021 13:16:11.001 GMT+0100,161.19299999999998,161.151,0.0142,0.0211
03.11.2021 13:16:14.788 GMT+0100,161.166,161.11700000000002,0.0142,0.0211
03.11.2021 13:16:15.518 GMT+0100,161.195,161.14700000000002,0.0142,0.0211
03.11.2021 13:16:15.673 GMT+0100,161.166,161.118,0.0142,0.0211
03.11.2021 13:16:20.526 GMT+0100,161.197,161.14600000000002,0.0142,0.0211
03.11.2021 13:16:24.969 GMT+0100,161.179,161.131,0.0142,0.0211
03.11.2021 13:16:25.089 GMT+0100,161.162,161.113,0.0142,0.0211
03.11.2021 13:16:39.268 GMT+0100,161.135,161.085,0.0142,0.0211
03.11.2021 13:16:39.378 GMT+0100,161.162,161.118,0.0142,0.0211
03.11.2021 13:16:48.421 GMT+0100,161.132,161.084,0.0142,0.0211
03.11.2021 13:16:49.055 GMT+0100,161.16299999999998,161.118,0.0142,0.0211
03.11.2021 13:16:52.514 GMT+0100,161.134,161.089,0.0142,0.0211
03.11.2021 13:16:54.559 GMT+0100,161.162,161.113,0.0142,0.0211
03.11.2021 13:17:02.456 GMT+0100,161.135,161.086,0.0142,0.0211
03.11.2021 13:17:19.758 GMT+0100,161.162,161.115,0.0142,0.0211
03.11.2021 13:17:23.311 GMT+0100,161.133,161.083,0.0142,0.0211
03.11.2021 13:17:28.134 GMT+0100,161.16299999999998,161.11700000000002,0.0142,0.0211
03.11.2021 13:17:43.402 GMT+0100,161.131,161.086,0.0142,0.0211
03.11.2021 13:17:43.503 GMT+0100,161.165,161.113,0.0142,0.0211
03.11.2021 13:17:45.421 GMT+0100,161.133,161.089,0.0142,0.0211
03.11.2021 13:17:45.647 GMT+0100,161.16,161.114,0.0142,0.0211
03.11.2021 13:17:46.894 GMT+0100,161.132,161.085,0.0142,0.0211
03.11.2021 13:17:47.087 GMT+0100,161.167,161.12,0.0142,0.0211
03.11.2021 13:17:47.647 GMT+0100,161.135,161.089,0.0142,0.0211
